3878 6112
89 284 141 340 383
620 283 649 338 S.
671 279 816 338 lilllilllCl
835 276 1088 338 turbationis.
1107 306 1143 319 -
1165 275 1302 335 coneto.
1790 279 1843 335 stt

88 406 279 480 promptiores
298 421 330 461 ac
354 405 515 461 devotiores
539 420 599 459 esse
628 405 747 460 minime
770 401 974 458 dulvitamush
992 417 1057 455 rum
1071 400 1249 467 decursibus,
1266 398 1449 466 molendinis,
1475 399 1694 472 piscationibus,
1710 384 1797 457 cultis
1815 404 1844 457 st

88 497 268 568 Quapropter
295 499 464 549 cunctorum
483 494 616 548 Ecclesiae
636 493 782 548 catholicae
806 490 936 546 lidclium
991 489 1116 558 incultis,
1148 490 1246 544 divisis
1271 493 1300 544 et
1323 488 1464 556 indivisis,
1480 488 1624 557 terminis,
1650 490 1844 546 concessioni·

89 589 321 655 nostrorumque,
339 587 398 637 tam
423 581 609 652 presentium
640 597 726 652 quam
760 580 935 641 futurorum,
990 579 1053 646 bus,
1067 579 1205 651 piscariis,
1224 578 1405 651 compariciis
1430 578 1553 650 aliisque
1568 580 1710 635 universis
1743 579 1843 634 redhi-

89 672 204 727 solcrtia
230 675 416 742 recognoscat
451 672 577 735 Petrum,
608 669 798 724 venerabilem
830 668 935 731 virum,
990 667 1344 734 bitionibus,cumservis
1362 672 1391 721 et
1410 667 1531 732 aucillis,
1558 671 1587 722 et
1617 667 1795 737 aldianibus,
1814 671 1844 722 et

89 765 193 816 sanotae
210 758 723 830 NovaniensisEcclesioeepiscopum,
747 762 937 828 nostrumque
991 756 1115 811 aldianis
1128 757 1278 829 utriusque
1300 772 1395 822 sexus,
1423 771 1489 810 cum
1517 755 1662 824 omnibus,
1696 771 1763 827 quae
1787 754 1845 810 dici

89 849 216 917 fidelem,
233 847 283 918 qui
302 851 406 902 nostrat
427 846 573 901 fidelitatis
588 863 673 901 causa
684 848 774 900 multa
789 845 937 911 sustinuit,
992 848 1041 899 aut
1054 844 1288 916 vocaripossunt,
1311 845 1343 899 ud
1372 845 1433 916 jaim
1449 843 1555 898 dicium
1571 844 1686 913 plebem
1709 845 1755 898 vel
1777 860 1843 898 cur·

91 937 196 993 famem
213 936 353 1001 videlicet,
377 935 464 1001 sitim,
494 939 578 989 eastris
594 939 621 988 et
647 934 748 1005 frigus,
773 938 801 988 et
821 933 939 1004 insuper
991 931 1282 1004 tcmpsrtinentibus,
1298 932 1342 988 vel
1370 931 1596 1004 respicientibus.
1625 934 1681 987 Nec
1718 948 1778 987 non
1814 936 1845 987 et

91 1031 120 1081 et
131 1025 270 1098 glaciosas
284 1040 369 1095 rupes
382 1024 524 1095 collesque
539 1023 607 1077 satis
623 1039 749 1095 asperos,
776 1022 861 1076 nudis
884 1038 939 1093 pe·
990 1026 1107 1092 portum
1121 1021 1156 1076 de
1172 1022 1311 1093 bestagno
1326 1019 1506 1092 eidemplebi
1521 1020 1724 1091 pertinentem,
1754 1035 1844 1092 quem

93 1114 186 1181 dibus,
216 1112 454 1185 persequentibus
473 1113 599 1167 inimicis
617 1111 755 1182 fugiendo
778 1109 936 1182 superavit;
991 1109 1214 1181 gloriosissimus
1227 1109 1385 1164 avunculus
1412 1114 1509 1163 noster
1534 1109 1599 1164 Otto
1627 1109 1720 1179 major
1743 1124 1845 1178 snpra·

92 1202 243 1276 quietiam
268 1218 343 1256 nunc
369 1201 588 1273 praesentialiter
616 1200 707 1254 multa
727 1200 841 1266 damna,
868 1200 938 1252 llar-
991 1199 1074 1254 dictae
1094 1199 1155 1254 sedi
1181 1215 1234 1270 per
1259 1203 1433 1269 praeceptum
1457 1196 1612 1265 concessit,
1627 1198 1665 1251 ita
1686 1202 1719 1252 ut
1745 1197 1844 1250 nullus

90 1291 174 1347 duico
194 1291 358 1345 devastante
374 1290 501 1360 recepit:
523 1305 590 1343 nam
606 1288 744 1359 [ecclesiae
768 1288 848 1342 silius
871 1291 939 1341 sunt
991 1288 1127 1355 marchio,
1153 1304 1259 1356 comes,
1281 1287 1451 1355 vicecomes,
1480 1285 1659 1341 schuldasius
1685 1286 1760 1357 ejus,
1790 1302 1841 1342 seu

90 1379 274 1451 depredatae,
297 1383 388 1433 castra
406 1379 545 1449 disrupta,
575 1379 677 1432 domus
701 1393 816 1442 eversa,
845 1375 937 1429 vinee
991 1376 1129 1449 quaelibet
1157 1393 1262 1448 magna
1294 1391 1439 1448 parvaque
1468 1390 1593 1446 persona
1623 1375 1758 1430 homiues
1777 1375 1840 1447 jam

90 1467 198 1536 incisae,
216 1468 332 1522 arbores
363 1467 554 1532 decorticatae,
574 1466 694 1536 insuper
716 1465 814 1537 plebes
847 1464 938 1535 ipsius
991 1464 1061 1519 dicti
1075 1463 1237 1530 comitatus,
1266 1479 1318 1518 seu
1350 1462 1452 1535 plebis,
1471 1463 1515 1517 vel
1539 1463 1627 1516 curtis
1656 1463 1761 1516 audeat
1787 1462 1844 1516 dis-

92 1561 121 1613 et
135 1560 228 1612 curtes
244 1557 279 1611 ab
294 1556 437 1612 llarduico
451 1572 505 1628 pro
531 1553 671 1610 beneficio
697 1555 813 1626 suisque
840 1552 937 1607 inimi·
991 1554 1129 1625 tringere,
1144 1556 1193 1608 aut
1204 1554 1280 1608 intra
1308 1552 1404 1623 ipsum
1423 1551 1590 1606 comitatum
1606 1551 1714 1623 aliquid
1738 1567 1844 1622 praesu·

90 1643 215 1699 eisdatoe
233 1648 310 1712 sunt3
338 1647 465 1697 nostram
480 1642 661 1713 imperialem
686 1641 777 1696 adisse
797 1640 973 1737 encellen·B
992 1648 1051 1698 mat
1063 1642 1185 1713 exigere,
1204 1642 1246 1696 vel
1257 1646 1371 1714 paratos
1384 1640 1488 1708 facere,
1504 1656 1557 1695 nec
1580 1641 1655 1695 ullas
1668 1640 1843 1695 redhibitio·

92 1733 172 1798 tiana
191 1736 342 1804 quatenus,
364 1748 416 1802 pro
427 1733 471 1786 sui
495 1731 601 1786 laboris
631 1729 897 1800 recompensatione
910 1734 938 1784 ct
994 1749 1044 1786 nes
1059 1731 1218 1804 acquirere,
1236 1733 1285 1785 sed
1299 1731 1381 1787 liceat
1395 1734 1555 1785 memorato
1582 1729 1697 1802 praesuli
1723 1730 1843 1801 suisque

92 1837 212 1877 suorum
228 1820 430 1876 damnatorum
444 1819 664 1886 restauratione,
680 1818 834 1890 quemdam
850 1816 938 1871 comi·
993 1818 1204 1875 successoribus
1237 1819 1298 1890 jem
1335 1835 1410 1891 saepe
1437 1817 1546 1873 dictum
1576 1818 1748 1874 comitatum
1775 1833 1843 1872 cum

91 1910 226 1979 tutulum,
242 1909 291 1979 qui
305 1909 335 1964 in
348 1909 544 1964 vallehuxula
573 1908 646 1962 inira
669 1906 760 1978 ipsius
788 1906 938 1978 episcopa·
992 1907 1155 1979 supradicta
1174 1906 1257 1977 plebe
1271 1910 1315 1961 vel
1331 1912 1410 1960 curte
1429 1911 1538 1973 tenere,
1559 1908 1587 1959 et
1612 1920 1713 1959 omnes
1745 1903 1842 1958 homi-

91 2002 137 2055 tus
151 1997 318 2069 parochiam
333 1997 463 2067 adjacere
477 1997 664 2068 dignoscitur,
678 1995 823 2066 praedicta
849 1995 937 2050 ccele-
993 2013 1043 2051 nes
1059 1997 1147 2068 ipsius
1163 1997 1325 2063 comitatus,
1352 1995 1410 2051 sive
1435 1995 1525 2066 ipsius
1551 1994 1643 2065 plebis
1670 2010 1722 2050 scu
1741 1994 1842 2059 curtis,

92 2087 141 2142 siae
158 2085 335 2155 Novariensi,
355 2100 419 2139 cum
437 2085 572 2139 omnibns
600 2083 796 2139 functionibus
821 2082 938 2155 qnoede
992 2103 1044 2158 per
1056 2086 1137 2141 sevel
1148 2100 1233 2140 suum
1254 2085 1381 2155 legatum
1406 2082 1590 2154 distringere,
1624 2082 1699 2137 sicut
1720 2097 1843 2154 pernes

91 2176 155 2247 ipso
168 2176 336 2231 comitatulo
351 2174 471 2247 publice
487 2174 560 2246 parti
593 2173 747 2244 pertinent,
772 2172 939 2226 concedere·
991 2177 1035 2229 vcl
1048 2179 1178 2229 nostrum
1203 2174 1321 2227 missum
1347 2171 1540 2243 distringendi
1561 2174 1665 2240 essent,
1699 2169 1842 2224 atomuia

93 2280 166 2320 mus.
182 2264 239 2319 Nec
254 2280 311 2319 nou
326 2263 413 2318 etiam
429 2264 597 2334 deprecatus
608 2267 651 2316 est
664 2278 716 2316 nos
731 2264 763 2314 ut
782 2261 938 2332 quamdam
992 2279 1056 2335 quus
1072 2263 1106 2318 de
1120 2262 1181 2334 ipso
1194 2262 1330 2317 comitatu
1346 2261 1381 2316 ad
1398 2261 1543 2332 publicam
1555 2265 1666 2331 partem
1682 2259 1840 2331 pertinent,

91 2351 217 2424 plebem,
233 2366 321 2422 quam
341 2349 411 2404 olim
425 2350 502 2404 malo
517 2349 618 2403 ordine
646 2351 675 2402 et
693 2347 800 2416 injusta
829 2346 938 2400 ratione
992 2351 1207 2423 velindeexigi
1232 2355 1361 2422 possunt,
1391 2354 1421 2404 et
1450 2353 1637 2420 pretaxatam
1661 2348 1779 2419 plebem
1808 2347 1842 2402 de

93 2455 145 2495 sua
167 2438 293 2510 perdidit
309 2437 436 2505 ecclesio,
450 2453 515 2508 quae
529 2437 583 2490 sita
598 2439 639 2490 est
666 2435 779 2490 invilla
804 2449 869 2506 quae
891 2449 940 2487 no·
992 2440 1118 2507 Trecate,
1134 2443 1221 2510 atque
1248 2443 1358 2494 curtem
1373 2437 1409 2492 de
1432 2437 1590 2494 Gravalona
1613 2453 1678 2491 cum
1706 2436 1842 2491 omnibus

92 2527 221 2582 minatur
233 2527 359 2592 Trecate,
375 2542 432 2579 non
452 2526 522 2580 adeo
538 2523 811 2597 proculecivitate,
828 2526 939 2577 curtem
993 2527 1053 2581 suis
1083 2527 1262 2598 appendiciis
1301 2527 1346 2580 vol
1386 2525 1566 2598 pertinentiis
1598 2525 1713 2591 habeat,
1743 2528 1841 2579 teneat

92 2630 216 2687 qnoque,
246 2630 311 2684 qum
337 2615 496 2669 Graeanola
523 2613 638 2681 dicitur,
671 2613 819 2684 quondam
847 2611 939 2682 ipsius
993 2615 1172 2686 firmiterque
1201 2614 1355 2685 possideat,
1382 2618 1441 2668 tam
1466 2613 1527 2684 ipse
1552 2629 1641 2685 quam
1662 2629 1841 2668 successores

92 2701 219 2776 episcopi
232 2703 438 2770 continentem,
455 2704 503 2759 sed
519 2718 594 2756 nunc
616 2701 721 2771 injuste
736 2716 855 2773 pervasa
878 2716 938 2755 esse
993 2704 1081 2771 illins,
1109 2704 1158 2776 qui
1188 2703 1277 2772 illam,
1293 2703 1350 2758 lleo
1365 2702 1476 2757 favente
1491 2706 1519 2757 et
1544 2702 1722 2774 disponente,
1751 2702 1841 2773 ipsius

92 2791 281 2863 dignoscitur,
302 2808 360 2846 strae
376 2792 506 2846 Ecclesiae
522 2790 751 2846 restitueremus.
994 2793 1067 2848 sedis
1096 2792 1261 2870 cathedram
1309 2790 1470 2860 suscepturi
1508 2796 1583 2854 sunt,
1628 2791 1709 2846 omni
1743 2796 1840 2845 nostra

127 2881 225 2950 ltaque
247 2879 368 2949 dignum
395 2884 438 2934 cst
453 2884 484 2933 ut
510 2878 554 2933 sui
578 2878 684 2933 laboris
710 2878 940 2948 prenominatus
994 2885 1217 2952 nostrorumque
1237 2895 1416 2936 sucessorum
1449 2894 1549 2950 regum
1576 2885 1603 2935 et
1627 2879 1839 2950 imperatorum

91 2968 198 3039 presul
215 2967 433 3021 retributionem
448 2983 465 3020 a
484 2967 566 3021 nobis
580 2966 726 3037 suscipiat.
744 2967 786 3030 Et,
802 2966 938 3036 quoniam
955 2967 975 3021 C
993 2975 1022 3026 et
1035 2971 1115 3026 omni
1135 2971 1285 3026 hominum
1314 2969 1540 3026 contradictione
1567 2970 1611 3025 vel
1644 2969 1839 3024 diminutione

29 3078 32 3083 ·
89 3056 200 3126 justum
216 3058 304 3109 estut
319 3071 407 3126 supra
426 3055 574 3109 nominata
589 3056 670 3126 plebs
696 3060 783 3125 atque
798 3069 862 3108 curs
878 3055 938 3125 jam
994 3063 1112 3114 remote.
1127 3058 1156 3114 Si
1172 3059 1236 3130 quis
1251 3058 1341 3130 igitur
1365 3059 1419 3113 hoc
1432 3064 1539 3113 nostrae
1554 3057 1748 3112 concessionis
1767 3072 1839 3128 pre·

93 3141 169 3196 dicta
187 3142 420 3197 suorestituatnr
447 3142 637 3214 episcopatum
664 3145 692 3195 et
719 3146 750 3195 ut
778 3141 826 3196 alii
850 3142 940 3197 nostri
994 3153 1108 3219 ceptum
1124 3147 1231 3203 nelarie
1246 3163 1318 3202 ausu
1344 3148 1498 3203 temerario
1522 3147 1630 3202 violare
1647 3162 1837 3218 praesumpse-

94 3227 202 3292 lideles,
218 3226 273 3281 hoc
282 3233 496 3298 cognoscentes,
521 3232 628 3281 nostrae
655 3227 787 3282 fidelitati
815 3229 940 3300 amplius
994 3237 1042 3302 rit,
1068 3236 1283 3292 oentumlihras
1308 3235 1371 3291 anri
1389 3235 1492 3308 optimi
1514 3251 1686 3306 componere
1709 3239 1836 3305 cogatur,

94 3314 277 3369 stabiliantur
297 3314 377 3385 :ejus
393 3314 523 3384 precibus
551 3319 720 3382 annuentes,
738 3315 799 3385 jam
830 3316 938 3371 dictum
995 3326 1177 3380 medietatem
1191 3325 1299 3396 palatie
1319 3329 1427 3392 nostro,
1444 3328 1473 3380 et
1487 3323 1670 3380 medietatem
1684 3323 1836 3378 Novarien-

94 3402 296 3487 comitatplum
311 3419 328 3456 a
346 3407 443 3457 nostro
457 3402 522 3474 jure
537 3402 567 3457 in
587 3403 649 3473 ejus
668 3403 796 3458 ecclesiae
818 3408 941 3474 potesta·
995 3414 1019 3467 si
1036 3412 1170 3480 eeclesiae,
1199 3413 1319 3484 ejusque
1347 3411 1461 3479 rectori,
1489 3410 1539 3483 qui
1554 3427 1606 3482 pro
1621 3407 1836 3482 tcmporcinibi

94 3495 154 3547 *⁰¹¹¹
171 3490 290 3544 ⁰mi¹5fl⁰
308 3491 536 3545 imnifflfldimus
562 3491 806 3561 ⁰²P⁰ld⁰¹¹⁸ffl¹¹⁸2
824 3498 938 3564 etproe.
994 3501 1156 3557 habebitur.
1172 3502 1205 3555 lit
1233 3501 1287 3556 hoc
1314 3504 1345 3554 ut
1365 3500 1460 3554 verius
1488 3500 1629 3562 credatur,
1655 3498 1834 3570 diligentius·

94 3578 181 3634 iatam
197 3577 409 3651 plebematque
424 3584 532 3634 curtem
547 3581 668 3650 perhoc
687 3585 791 3635 nostrae
816 3582 939 3637 auctori·
995 3606 1050 3662 que
1065 3589 1100 3645 ab
1128 3589 1261 3644 omnibus
1286 3588 1463 3659 observetur,
1488 3603 1575 3642 manu
1598 3587 1714 3660 propria
1746 3587 1837 3641 subter

95 3666 162 3722 tatis
176 3673 353 3739 praeceptum
364 3669 425 3739 jam
441 3668 612 3739 supradictae
633 3668 799 3724 Novariensi
815 3670 941 3727 ecelesiae
994 3678 1207 3745 confirmantes,
1222 3677 1368 3749 sigillique
1383 3676 1472 3733 nostri
1487 3676 1678 3747 impressione
1704 3675 1837 3747 jussimus

93 3755 242 3811 reddimus
256 3759 285 3811 et
298 3757 491 3826 concedimus,
507 3758 668 3812 cumomni
699 3758 828 3814 districtu
853 3764 882 3814 et
897 3765 940 3816 te·
994 3765 1139 3837 insigniri.

94 3844 198 3910 loneis,
212 3845 428 3916 piscationibus,
445 3846 550 3918 quaein
567 3845 686 3901 flumine
714 3849 800 3911 Toxo,
829 3846 859 3902 in
885 3849 941 3904 illis
1031 3855 1144 3923 signum
1164 3855 1273 3909 Domini
1317 3854 1436 3922 Hanno,
1475 3853 1640 3908 serenissimi
1671 3849 1838 3907 tumtunm·

95 3933 345 3990 scilicetlocisubi
367 3935 429 4005 ipsa
456 3935 578 3989 Ecclesia
602 3951 637 3990 cx
666 3939 786 4007 utraque
814 3934 941 3992 fluminis
995 3944 1167 4012 imperatoris
1181 3943 1314 4010 Augusti.

95 4026 282 4094 tenetparte;
298 4028 402 4078 etcum
417 4023 628 4090 venationibus,
644 4040 694 4077 seu
709 4024 843 4078 omnibns
855 4026 942 4080 rebus
1032 4030 1135 4083 Datum
1152 4042 1227 4082 anno
1241 4026 1447 4082 incarnationis
1471 4025 1628 4081 uominice
1653 4027 1733 4094 tuat,
1759 4024 1837 4080 indic·

96 4126 161 4182 quoe
175 4111 209 4166 ad
226 4112 370 4182 publicam
386 4116 498 4182 partem
512 4127 544 4166 ex
559 4112 661 4167 eodem
683 4112 850 4167 comitatulo
866 4114 942 4186 exigi
996 4117 1075 4172 tione
1088 4116 1268 4182 duodecima,
1288 4132 1363 4170 anno
1391 4132 1457 4170 vero
1482 4115 1565 4187 regni
1588 4114 1702 4170 domini
1731 4110 1835 4171 Raurici

95 4205 226 4271 possunt,
242 4215 306 4253 cum
324 4199 449 4270 capellis,
466 4199 560 4264 domo,
579 4200 683 4267 curtili,
700 4200 878 4271 massaritiis,
894 4218 940 4257 ca·
997 4204 1181 4276 imperatoris
1195 4205 1318 4276 Augusti
1332 4207 1373 4269 li,
1390 4203 1506 4276 imperii
1521 4219 1598 4259 anno
1613 4203 1720 4276 primo.

95 4286 144 4354 sis,
172 4287 370 4354 sediminibus,
399 4288 518 4359 campis,
549 4289 637 4359 pratis
679 4288 779 4356 vineis,
814 4290 938 4360 pascuis,
1031 4295 1134 4349 Actum
1148 4295 1317 4349 'lrucutanoe
1331 4292 1577 4349 faciliter.hmen.

97 4374 186 4443 silvis,
215 4375 359 4444 stallariis,
389 4376 521 4442 salicetis,
546 4377 707 4447 paludibus,
728 4378 821 4450 aquis,
847 4394 941 4452 aqua-

658 4691 921 4790 SANGTI
978 4692 1287 4791 HENRICI

879 4864 1067 4933 CONCIO

222 5003 323 5059 Habita
336 5006 366 5060 io
378 5005 491 5061 connlio
504 5005 737 5075 stooctmdiensi,
752 5021 803 5077 pro
817 5008 1008 5063 constitutione
1023 5009 1194 5079 apocopatus
1207 5007 1413 5078 bonianensis
1427 5024 1498 5066 uano
1514 5010 1582 5066 tous
1593 5007 1726 5065 celebrato

779 5130 890 5202 (uano,
905 5131 983 5188 cone.
1003 5133 1069 5200 xlx,
1089 5132 1164 5204 aas.)
1229 5114 1238 5131 '

864 5264 1104 5276 ———

133 5342 259 5405 Domini,
285 5348 315 5398 et
325 5346 421 5401 Patres
435 5361 453 5400 a
469 5361 534 5402 mea
553 5347 694 5419 parvitate
709 5349 766 5404 buc
785 5350 865 5405 asciti
880 5367 946 5406 con·
1001 5351 1191 5421 gratiamihi,
1206 5356 1239 5407 ut
1259 5368 1355 5422 spero,
1384 5352 1555 5424 insipiravit,
1584 5367 1637 5425 pro
1663 5352 1727 5422 ejus
1755 5368 1854 5410 amors

99 5430 227 5498 venistis,
250 5434 542 5502 ctquamohremvos
557 5436 701 5503 ascierim,
717 5438 856 5509 aperiam,
881 5455 947 5512 pre·
1002 5440 1129 5496 faveatis.
1149 5440 1231 5508 llam,
1247 5442 1316 5513 quia
1344 5442 1374 5497 in
1403 5442 1500 5497 sobole
1538 5440 1767 5497 babendanulla
1784 5442 1856 5499 mihi

99 5534 207 5592 corque
216 5520 347 5576 omniurn
361 5522 542 5579 clementiam
578 5529 611 5580 nt
637 5525 668 5580 in
693 5525 737 5581 his
762 5542 828 5598 quae
852 5527 949 5584 divina
1004 5544 1069 5602 spes
1084 5533 1226 5601 superest,
1243 5530 1387 5586 Christum
1413 5531 1560 5587 heredem
1588 5529 1674 5602 elegi,
1704 5529 1857 5603 episcopa-
