<?xml version="1.0" encoding="UTF-8"?>
<!DOCTYPE html PUBLIC "-//W3C//DTD XHTML 1.0 Transitional//EN"
    "http://www.w3.org/TR/xhtml1/DTD/xhtml1-transitional.dtd">
<html xmlns="http://www.w3.org/1999/xhtml" xml:lang="en" lang="en">
 <head>
  <title>
</title>
<meta http-equiv="Content-Type" content="text/html;charset=utf-8" />
  <meta name='ocr-system' content='tesseract 3.04.00' />
  <meta name='ocr-capabilities' content='ocr_page ocr_carea ocr_par ocr_line ocrx_word'/>
</head>
<body>
  <div class='ocr_page' id='page_1' title='image "./patrologiaecurs17unkngoog_0368.png"; bbox 0 0 3878 6112; ppageno 0'>
   <div class='ocr_carea' id='block_1_1' title="bbox 86 172 1297 237">
    <p class='ocr_par' dir='ltr' id='par_1_1' title="bbox 86 172 1297 237">
     <span class='ocr_line' id='line_1_1' title="bbox 86 172 1297 237; baseline -0.004 -1"><span class='ocrx_word' id='word_1_1' title='bbox 86 183 139 237; x_wconf 72' lang='lat' dir='ltr'><strong>tlt</strong></span> <span class='ocrx_word' id='word_1_2' title='bbox 619 173 822 232; x_wconf 71' lang='lat' dir='ltr'><strong>abacelam</strong></span> <span class='ocrx_word' id='word_1_3' title='bbox 840 172 1107 233; x_wconf 74' lang='lat' dir='ltr'><strong>WORlthlENSlS</strong></span> <span class='ocrx_word' id='word_1_4' title='bbox 1125 174 1297 233; x_wconf 77' lang='lat' dir='ltr'><strong>salacem.</strong></span> 
     </span>
    </p>
   </div>
   <div class='ocr_carea' id='block_1_2' title="bbox 88 298 1328 553">
    <p class='ocr_par' dir='ltr' id='par_1_2' title="bbox 88 298 1328 553">
     <span class='ocr_line' id='line_1_2' title="bbox 88 298 1315 371; baseline -0.006 -12"><span class='ocrx_word' id='word_1_5' title='bbox 88 303 188 359; x_wconf 84' lang='lat' dir='ltr'><strong>usibus</strong></span> <span class='ocrx_word' id='word_1_6' title='bbox 202 300 338 368; x_wconf 84' lang='lat' dir='ltr'><strong>serviant,</strong></span> <span class='ocrx_word' id='word_1_7' title='bbox 354 304 404 356; x_wconf 90' lang='lat' dir='ltr'><strong>aut</strong></span> <span class='ocrx_word' id='word_1_8' title='bbox 419 300 455 356; x_wconf 91' lang='lat' dir='ltr'><strong>ab</strong></span> <span class='ocrx_word' id='word_1_9' title='bbox 474 299 538 355; x_wconf 88' lang='lat' dir='ltr'><strong>aliis</strong></span> <span class='ocrx_word' id='word_1_10' title='bbox 552 315 670 371; x_wconf 89' lang='lat' dir='ltr'><strong>quama</strong></span> <span class='ocrx_word' id='word_1_11' title='bbox 695 298 819 354; x_wconf 84' lang='lat' dir='ltr'><strong>Domino</strong></span> <span class='ocrx_word' id='word_1_12' title='bbox 842 298 973 354; x_wconf 78' lang='lat' dir='ltr'><strong>fama-h</strong></span> <span class='ocrx_word' id='word_1_13' title='bbox 1026 299 1121 355; x_wconf 80' lang='lat' dir='ltr'><strong>Tobiae</strong></span> <span class='ocrx_word' id='word_1_14' title='bbox 1137 298 1211 354; x_wconf 87' lang='lat' dir='ltr'><strong>liber</strong></span> <span class='ocrx_word' id='word_1_15' title='bbox 1228 312 1315 353; x_wconf 88' lang='lat' dir='ltr'><strong>unus.</strong></span> 
     </span>
     <span class='ocr_line' id='line_1_3' title="bbox 88 386 1328 462; baseline -0.004 -16"><span class='ocrx_word' id='word_1_16' title='bbox 88 390 214 447; x_wconf 90' lang='lat' dir='ltr'><strong>lantibus</strong></span> <span class='ocrx_word' id='word_1_17' title='bbox 228 390 312 462; x_wconf 86' lang='lat' dir='ltr'><strong>eique</strong></span> <span class='ocrx_word' id='word_1_18' title='bbox 323 389 423 445; x_wconf 89' lang='lat' dir='ltr'><strong>dicatis</strong></span> <span class='ocrx_word' id='word_1_19' title='bbox 436 391 595 444; x_wconf 75' lang='lat' dir='ltr'><strong>tractentur</strong></span> <span class='ocrx_word' id='word_1_20' title='bbox 608 387 687 455; x_wconf 87' lang='lat' dir='ltr'><strong>viris,</strong></span> <span class='ocrx_word' id='word_1_21' title='bbox 707 403 743 441; x_wconf 88' lang='lat' dir='ltr'><strong>ne</strong></span> <span class='ocrx_word' id='word_1_22' title='bbox 766 402 819 458; x_wconf 89' lang='lat' dir='ltr'><strong>pro</strong></span> <span class='ocrx_word' id='word_1_23' title='bbox 832 386 936 442; x_wconf 91' lang='lat' dir='ltr'><strong>talibas</strong></span> <span class='ocrx_word' id='word_1_24' title='bbox 1027 388 1142 442; x_wconf 81' lang='lat' dir='ltr'><strong>llesdraa</strong></span> <span class='ocrx_word' id='word_1_25' title='bbox 1158 387 1231 442; x_wconf 90' lang='lat' dir='ltr'><strong>liber</strong></span> <span class='ocrx_word' id='word_1_26' title='bbox 1243 403 1328 443; x_wconf 91' lang='lat' dir='ltr'><strong>unus.</strong></span> 
     </span>
     <span class='ocr_line' id='line_1_4' title="bbox 88 474 1315 553; baseline -0.003 -18"><span class='ocrx_word' id='word_1_27' title='bbox 88 479 362 553; x_wconf 75' lang='lat' dir='ltr'><strong>praesumptionibus</strong></span> <span class='ocrx_word' id='word_1_28' title='bbox 384 478 474 532; x_wconf 87' lang='lat' dir='ltr'><strong>iratus</strong></span> <span class='ocrx_word' id='word_1_29' title='bbox 503 477 641 532; x_wconf 84' lang='lat' dir='ltr'>Dominus</span> <span class='ocrx_word' id='word_1_30' title='bbox 663 477 779 547; x_wconf 78' lang='lat' dir='ltr'><strong>plagam</strong></span> <span class='ocrx_word' id='word_1_31' title='bbox 804 475 937 546; x_wconf 89' lang='lat' dir='ltr'><strong>imponat</strong></span> <span class='ocrx_word' id='word_1_32' title='bbox 1027 477 1128 530; x_wconf 78' lang='lat' dir='ltr'><strong>Hester</strong></span> <span class='ocrx_word' id='word_1_33' title='bbox 1143 474 1216 531; x_wconf 91' lang='lat' dir='ltr'><strong>liber</strong></span> <span class='ocrx_word' id='word_1_34' title='bbox 1231 491 1315 531; x_wconf 90' lang='lat' dir='ltr'><strong>unus.</strong></span> 
     </span>
    </p>
   </div>
   <div class='ocr_carea' id='block_1_3' title="bbox 88 564 936 641">
    <p class='ocr_par' dir='ltr' id='par_1_3' title="bbox 88 564 936 641">
     <span class='ocr_line' id='line_1_5' title="bbox 88 564 936 641; baseline -0.008 -17"><span class='ocrx_word' id='word_1_35' title='bbox 88 569 194 641; x_wconf 91' lang='lat' dir='ltr'><strong>populo</strong></span> <span class='ocrx_word' id='word_1_36' title='bbox 207 583 269 635; x_wconf 91' lang='lat' dir='ltr'><strong>suo,</strong></span> <span class='ocrx_word' id='word_1_37' title='bbox 285 566 356 622; x_wconf 88' lang='lat' dir='ltr'><strong>ethi</strong></span> <span class='ocrx_word' id='word_1_38' title='bbox 375 567 426 638; x_wconf 88' lang='lat' dir='ltr'><strong>qui</strong></span> <span class='ocrx_word' id='word_1_39' title='bbox 450 566 536 621; x_wconf 91' lang='lat' dir='ltr'><strong>etiam</strong></span> <span class='ocrx_word' id='word_1_40' title='bbox 555 582 613 620; x_wconf 91' lang='lat' dir='ltr'><strong>non</strong></span> <span class='ocrx_word' id='word_1_41' title='bbox 641 568 842 634; x_wconf 88' lang='lat' dir='ltr'><strong>peecaverunt,</strong></span> <span class='ocrx_word' id='word_1_42' title='bbox 861 564 936 618; x_wconf 89' lang='lat' dir='ltr'><strong>mala</strong></span> 
     </span>
    </p>
   </div>
   <div class='ocr_carea' id='block_1_4' title="bbox 1026 564 1308 621">
    <p class='ocr_par' dir='ltr' id='par_1_4' title="bbox 1026 564 1308 621">
     <span class='ocr_line' id='line_1_6' title="bbox 1026 564 1308 621; baseline 0 -2"><span class='ocrx_word' id='word_1_43' title='bbox 1026 564 1124 619; x_wconf 80' lang='lat' dir='ltr'><strong>iudith</strong></span> <span class='ocrx_word' id='word_1_44' title='bbox 1136 564 1214 621; x_wconf 76' lang='lat' dir='ltr'><strong>liber,</strong></span> <span class='ocrx_word' id='word_1_45' title='bbox 1224 580 1308 619; x_wconf 89' lang='lat' dir='ltr'><strong>unus.</strong></span> 
     </span>
    </p>
   </div>
   <div class='ocr_carea' id='block_1_5' title="bbox 88 651 1428 730">
    <p class='ocr_par' dir='ltr' id='par_1_5' title="bbox 88 651 1428 730">
     <span class='ocr_line' id='line_1_7' title="bbox 88 651 1428 730; baseline -0.004 -19"><span class='ocrx_word' id='word_1_46' title='bbox 88 657 246 730; x_wconf 89' lang='lat' dir='ltr'><strong>patiantur,</strong></span> <span class='ocrx_word' id='word_1_47' title='bbox 272 660 322 710; x_wconf 90' lang='lat' dir='ltr'><strong>aut</strong></span> <span class='ocrx_word' id='word_1_48' title='bbox 342 659 463 724; x_wconf 88' lang='lat' dir='ltr'><strong>pereant</strong></span> <span class='ocrx_word' id='word_1_49' title='bbox 481 670 488 708; x_wconf 93' lang='lat'>:</span> <span class='ocrx_word' id='word_1_50' title='bbox 503 654 572 725; x_wconf 90' lang='lat' dir='ltr'><strong>quia</strong></span> <span class='ocrx_word' id='word_1_51' title='bbox 588 654 663 725; x_wconf 91' lang='lat' dir='ltr'><strong>perit</strong></span> <span class='ocrx_word' id='word_1_52' title='bbox 673 653 768 724; x_wconf 87' lang='lat' dir='ltr'><strong>justus</strong></span> <span class='ocrx_word' id='word_1_53' title='bbox 780 651 937 722; x_wconf 75' lang='lat' dir='ltr'><strong>saepissime</strong></span> <span class='ocrx_word' id='word_1_54' title='bbox 1030 652 1261 707; x_wconf 79' lang='lat' dir='ltr'><strong>Machabaeorum</strong></span> <span class='ocrx_word' id='word_1_55' title='bbox 1280 652 1347 707; x_wconf 90' lang='lat' dir='ltr'>libri</span> <span class='ocrx_word' id='word_1_56' title='bbox 1359 652 1428 708; x_wconf 90' lang='lat' dir='ltr'><strong>duo.</strong></span> 
     </span>
    </p>
   </div>
   <div class='ocr_carea' id='block_1_6' title="bbox 89 740 939 818">
    <p class='ocr_par' dir='ltr' id='par_1_6' title="bbox 89 740 939 818">
     <span class='ocr_line' id='line_1_8' title="bbox 89 740 939 818; baseline -0.007 -18"><span class='ocrx_word' id='word_1_57' title='bbox 89 761 142 818; x_wconf 89' lang='lat' dir='ltr'><strong>pro</strong></span> <span class='ocrx_word' id='word_1_58' title='bbox 155 745 255 815; x_wconf 92' lang='lat' dir='ltr'><strong>impio.</strong></span> <span class='ocrx_word' id='word_1_59' title='bbox 270 743 424 811; x_wconf 77' lang='lat' dir='ltr'><strong>Attendite,</strong></span> <span class='ocrx_word' id='word_1_60' title='bbox 438 743 548 806; x_wconf 83' lang='lat' dir='ltr'><strong>fratres,</strong></span> <span class='ocrx_word' id='word_1_61' title='bbox 565 758 600 796; x_wconf 88' lang='lat' dir='ltr'><strong>ne</strong></span> <span class='ocrx_word' id='word_1_62' title='bbox 610 741 784 796; x_wconf 83' lang='lat' dir='ltr'><strong>taliarestris</strong></span> <span class='ocrx_word' id='word_1_63' title='bbox 799 740 830 795; x_wconf 92' lang='lat' dir='ltr'><strong>in</strong></span> <span class='ocrx_word' id='word_1_64' title='bbox 846 740 939 794; x_wconf 88' lang='lat' dir='ltr'><strong>Eccle-</strong></span> 
     </span>
    </p>
   </div>
   <div class='ocr_carea' id='block_1_7' title="bbox 1063 740 1702 812">
    <p class='ocr_par' dir='ltr' id='par_1_7' title="bbox 1063 740 1702 812">
     <span class='ocr_line' id='line_1_9' title="bbox 1063 740 1702 812; baseline 0 -15"><span class='ocrx_word' id='word_1_65' title='bbox 1063 740 1129 797; x_wconf 83' lang='lat' dir='ltr'><strong>Car.</strong></span> <span class='ocrx_word' id='word_1_66' title='bbox 1142 741 1277 796; x_wconf 81' lang='lat' dir='ltr'><strong>CCXVIII.</strong></span> <span class='ocrx_word' id='word_1_67' title='bbox 1294 771 1329 781; x_wconf 90' lang='lat'>-</span> <span class='ocrx_word' id='word_1_68' title='bbox 1339 743 1375 796; x_wconf 83' lang='lat' dir='ltr'><strong>lle</strong></span> <span class='ocrx_word' id='word_1_69' title='bbox 1389 741 1483 796; x_wconf 80' lang='lat' dir='ltr'><strong>ordine</strong></span> <span class='ocrx_word' id='word_1_70' title='bbox 1494 742 1702 812; x_wconf 79' lang='lat' dir='ltr'><strong>prophetorum.</strong></span> 
     </span>
    </p>
   </div>
   <div class='ocr_carea' id='block_1_8' title="bbox 90 827 1797 990">
    <p class='ocr_par' dir='ltr' id='par_1_8' title="bbox 90 827 1797 990">
     <span class='ocr_line' id='line_1_10' title="bbox 90 827 1306 904; baseline -0.002 -16"><span class='ocrx_word' id='word_1_71' title='bbox 90 834 138 889; x_wconf 91' lang='lat' dir='ltr'><strong>siis</strong></span> <span class='ocrx_word' id='word_1_72' title='bbox 145 830 580 904; x_wconf 86' lang='lat' dir='ltr'><strong>permittatisdeincepsfieri,ue</strong></span> <span class='ocrx_word' id='word_1_73' title='bbox 590 846 657 901; x_wconf 81' lang='lat' dir='ltr'><strong>grex</strong></span> <span class='ocrx_word' id='word_1_74' title='bbox 666 828 938 900; x_wconf 79' lang='lat' dir='ltr'><strong>pretiososanguine</strong></span> <span class='ocrx_word' id='word_1_75' title='bbox 1029 827 1116 882; x_wconf 83' lang='lat' dir='ltr'><strong>Esaiae</strong></span> <span class='ocrx_word' id='word_1_76' title='bbox 1133 829 1205 883; x_wconf 92' lang='lat' dir='ltr'><strong>liber</strong></span> <span class='ocrx_word' id='word_1_77' title='bbox 1220 844 1306 886; x_wconf 88' lang='lat' dir='ltr'><strong>unus.</strong></span> 
     </span>
     <span class='ocr_line' id='line_1_11' title="bbox 90 915 1797 990; baseline -0.004 -11"><span class='ocrx_word' id='word_1_78' title='bbox 90 920 196 979; x_wconf 90' lang='lat' dir='ltr'><strong>Christi</strong></span> <span class='ocrx_word' id='word_1_79' title='bbox 207 919 381 990; x_wconf 88' lang='lat' dir='ltr'><strong>redemptus,</strong></span> <span class='ocrx_word' id='word_1_80' title='bbox 397 918 427 972; x_wconf 92' lang='lat' dir='ltr'><strong>in</strong></span> <span class='ocrx_word' id='word_1_81' title='bbox 442 917 644 989; x_wconf 79' lang='lat' dir='ltr'><strong>precipitium,</strong></span> <span class='ocrx_word' id='word_1_82' title='bbox 657 917 735 990; x_wconf 89' lang='lat' dir='ltr'><strong>quod</strong></span> <span class='ocrx_word' id='word_1_83' title='bbox 749 915 840 972; x_wconf 88' lang='lat' dir='ltr'><strong>absitt</strong></span> <span class='ocrx_word' id='word_1_84' title='bbox 861 919 936 971; x_wconf 89' lang='lat' dir='ltr'><strong>ruat.</strong></span> <span class='ocrx_word' id='word_1_85' title='bbox 1028 915 1190 984; x_wconf 77' lang='lat' dir='ltr'><strong>Hieremiae,</strong></span> <span class='ocrx_word' id='word_1_86' title='bbox 1214 932 1280 972; x_wconf 89' lang='lat' dir='ltr'><strong>cum</strong></span> <span class='ocrx_word' id='word_1_87' title='bbox 1301 916 1416 988; x_wconf 77' lang='lat' dir='ltr'><strong>cinoth,</strong></span> <span class='ocrx_word' id='word_1_88' title='bbox 1447 916 1478 973; x_wconf 90' lang='lat' dir='ltr'><strong>id</strong></span> <span class='ocrx_word' id='word_1_89' title='bbox 1498 917 1551 988; x_wconf 68' lang='lat' dir='ltr'><strong>{est</strong></span> <span class='ocrx_word' id='word_1_90' title='bbox 1582 915 1797 973; x_wconf 87' lang='lat' dir='ltr'><strong>Lamentationi</strong></span> 
     </span>
    </p>
   </div>
   <div class='ocr_carea' id='block_1_9' title="bbox 92 1003 1250 1093">
    <p class='ocr_par' dir='ltr' id='par_1_9' title="bbox 92 1003 1250 1093">
     <span class='ocr_line' id='line_1_12' title="bbox 92 1003 1250 1093; baseline -0.013 -8"><span class='ocrx_word' id='word_1_91' title='bbox 92 1029 155 1084; x_wconf 82' lang='lat' dir='ltr'><strong>Car.</strong></span> <span class='ocrx_word' id='word_1_92' title='bbox 175 1027 271 1082; x_wconf 84' lang='lat' dir='ltr'>CCXV.</span> <span class='ocrx_word' id='word_1_93' title='bbox 291 1055 326 1066; x_wconf 96' lang='lat'>-</span> <span class='ocrx_word' id='word_1_94' title='bbox 351 1027 391 1079; x_wconf 86' lang='lat' dir='ltr'><strong>De</strong></span> <span class='ocrx_word' id='word_1_95' title='bbox 414 1027 530 1080; x_wconf 84' lang='lat' dir='ltr'><strong>sacratis</strong></span> <span class='ocrx_word' id='word_1_96' title='bbox 542 1027 663 1092; x_wconf 76' lang='lat' dir='ltr'><strong>(aminis</strong></span> <span class='ocrx_word' id='word_1_97' title='bbox 687 1041 747 1093; x_wconf 81' lang='lat' dir='ltr'><strong>qaae</strong></span> <span class='ocrx_word' id='word_1_98' title='bbox 765 1039 846 1079; x_wconf 69' lang='lat' dir='ltr'><strong>sono</strong></span> <span class='ocrx_word' id='word_1_99' title='bbox 872 1037 940 1077; x_wconf 83' lang='lat' dir='ltr'><strong>aoso</strong></span> <span class='ocrx_word' id='word_1_100' title='bbox 993 1003 1062 1070; x_wconf 58' lang='lat'><strong>⁵⁰5⁸,</strong></span> <span class='ocrx_word' id='word_1_101' title='bbox 1078 1004 1151 1060; x_wconf 59' lang='lat' dir='ltr'><strong>libel</strong></span> <span class='ocrx_word' id='word_1_102' title='bbox 1166 1021 1250 1060; x_wconf 65' lang='grc'><strong>[111113-</strong></span> 
     </span>
    </p>
   </div>
   <div class='ocr_carea' id='block_1_10' title="bbox 206 1097 822 1166">
    <p class='ocr_par' dir='ltr' id='par_1_10' title="bbox 206 1097 822 1166">
     <span class='ocr_line' id='line_1_13' title="bbox 206 1097 822 1166; baseline -0.005 -14"><span class='ocrx_word' id='word_1_103' title='bbox 206 1104 231 1152; x_wconf 87' lang='lat' dir='ltr'><strong>et</strong></span> <span class='ocrx_word' id='word_1_104' title='bbox 242 1098 336 1166; x_wconf 83' lang='lat' dir='ltr'><strong>pullus</strong></span> <span class='ocrx_word' id='word_1_105' title='bbox 351 1098 449 1151; x_wconf 86' lang='lat' dir='ltr'><strong>ultoris</strong></span> <span class='ocrx_word' id='word_1_106' title='bbox 465 1101 582 1151; x_wconf 84' lang='lat' dir='ltr'><strong>tractore</strong></span> <span class='ocrx_word' id='word_1_107' title='bbox 589 1097 822 1166; x_wconf 72' lang='lat' dir='ltr'><strong>praesumpserint.</strong></span> 
     </span>
    </p>
   </div>
   <div class='ocr_carea' id='block_1_11' title="bbox 1030 1092 1372 1150">
    <p class='ocr_par' dir='ltr' id='par_1_11' title="bbox 1030 1092 1372 1150">
     <span class='ocr_line' id='line_1_14' title="bbox 1030 1092 1372 1150; baseline 0.006 -3"><span class='ocrx_word' id='word_1_108' title='bbox 1030 1092 1184 1148; x_wconf 78' lang='lat' dir='ltr'>Ezechielis</span> <span class='ocrx_word' id='word_1_109' title='bbox 1198 1094 1272 1149; x_wconf 88' lang='lat' dir='ltr'><strong>liber</strong></span> <span class='ocrx_word' id='word_1_110' title='bbox 1287 1110 1372 1150; x_wconf 90' lang='lat' dir='ltr'><strong>unus.</strong></span> 
     </span>
    </p>
   </div>
   <div class='ocr_carea' id='block_1_12' title="bbox 128 1179 1343 1257">
    <p class='ocr_par' dir='ltr' id='par_1_12' title="bbox 128 1179 1343 1257">
     <span class='ocr_line' id='line_1_15' title="bbox 128 1179 1343 1257; baseline -0.002 -17"><span class='ocrx_word' id='word_1_111' title='bbox 128 1186 186 1257; x_wconf 81' lang='lat' dir='ltr'><strong>(Ea</strong></span> <span class='ocrx_word' id='word_1_112' title='bbox 211 1185 282 1239; x_wconf 86' lang='lat' dir='ltr'><strong>decr.</strong></span> <span class='ocrx_word' id='word_1_113' title='bbox 308 1185 429 1240; x_wconf 78' lang='lat' dir='ltr'><strong>sotheris</strong></span> <span class='ocrx_word' id='word_1_114' title='bbox 453 1200 544 1254; x_wconf 79' lang='lat' dir='ltr'><strong>popae,</strong></span> <span class='ocrx_word' id='word_1_115' title='bbox 577 1200 638 1253; x_wconf 83' lang='lat' dir='ltr'><strong>cap.</strong></span> <span class='ocrx_word' id='word_1_116' title='bbox 669 1181 726 1253; x_wconf 79' lang='lat'><strong>46.)</strong></span> <span class='ocrx_word' id='word_1_117' title='bbox 742 1183 870 1237; x_wconf 85' lang='lat' dir='ltr'><strong>Sacratae</strong></span> <span class='ocrx_word' id='word_1_118' title='bbox 880 1182 938 1235; x_wconf 86' lang='lat' dir='ltr'><strong>Deo</strong></span> <span class='ocrx_word' id='word_1_119' title='bbox 1030 1179 1156 1235; x_wconf 78' lang='lat' dir='ltr'><strong>Danielis</strong></span> <span class='ocrx_word' id='word_1_120' title='bbox 1171 1180 1343 1237; x_wconf 89' lang='lat' dir='ltr'><strong>liberunus.</strong></span> 
     </span>
    </p>
   </div>
   <div class='ocr_carea' id='block_1_13' title="bbox 91 1269 940 1434">
    <p class='ocr_par' dir='ltr' id='par_1_13' title="bbox 91 1269 940 1434">
     <span class='ocr_line' id='line_1_16' title="bbox 91 1269 940 1341; baseline -0.009 -11"><span class='ocrx_word' id='word_1_121' title='bbox 91 1274 223 1331; x_wconf 74' lang='lat' dir='ltr'><strong>faeminas</strong></span> <span class='ocrx_word' id='word_1_122' title='bbox 251 1273 460 1327; x_wconf 86' lang='lat' dir='ltr'><strong>velmonachas</strong></span> <span class='ocrx_word' id='word_1_123' title='bbox 475 1289 554 1328; x_wconf 89' lang='lat' dir='ltr'><strong>sacra</strong></span> <span class='ocrx_word' id='word_1_124' title='bbox 577 1287 653 1339; x_wconf 85' lang='lat' dir='ltr'><strong>rasa,</strong></span> <span class='ocrx_word' id='word_1_125' title='bbox 669 1271 714 1325; x_wconf 84' lang='lat' dir='ltr'><strong>rel</strong></span> <span class='ocrx_word' id='word_1_126' title='bbox 738 1287 831 1325; x_wconf 89' lang='lat' dir='ltr'><strong>sacras</strong></span> <span class='ocrx_word' id='word_1_127' title='bbox 849 1269 940 1341; x_wconf 91' lang='lat' dir='ltr'><strong>pallas</strong></span> 
     </span>
     <span class='ocr_line' id='line_1_17' title="bbox 91 1357 940 1434; baseline -0.005 -17"><span class='ocrx_word' id='word_1_128' title='bbox 91 1379 180 1434; x_wconf 87' lang='lat' dir='ltr'><strong>penes</strong></span> <span class='ocrx_word' id='word_1_129' title='bbox 207 1378 258 1415; x_wconf 90' lang='lat' dir='ltr'><strong>vos</strong></span> <span class='ocrx_word' id='word_1_130' title='bbox 288 1360 464 1432; x_wconf 81' lang='lat' dir='ltr'><strong>contingere,</strong></span> <span class='ocrx_word' id='word_1_131' title='bbox 490 1364 518 1415; x_wconf 88' lang='lat' dir='ltr'><strong>et</strong></span> <span class='ocrx_word' id='word_1_132' title='bbox 536 1361 685 1415; x_wconf 88' lang='lat' dir='ltr'><strong>incensum</strong></span> <span class='ocrx_word' id='word_1_133' title='bbox 709 1360 817 1415; x_wconf 90' lang='lat' dir='ltr'><strong>circum</strong></span> <span class='ocrx_word' id='word_1_134' title='bbox 841 1357 940 1414; x_wconf 83' lang='lat' dir='ltr'><strong>altaria</strong></span> 
     </span>
    </p>
   </div>
   <div class='ocr_carea' id='block_1_14' title="bbox 1029 1266 1304 1412">
    <p class='ocr_par' dir='ltr' id='par_1_14' title="bbox 1029 1266 1304 1412">
     <span class='ocr_line' id='line_1_18' title="bbox 1029 1266 1293 1324; baseline 0.004 -1"><span class='ocrx_word' id='word_1_135' title='bbox 1029 1266 1108 1323; x_wconf 82' lang='lat' dir='ltr'><strong>Oseae</strong></span> <span class='ocrx_word' id='word_1_136' title='bbox 1123 1268 1194 1323; x_wconf 92' lang='lat' dir='ltr'><strong>liber</strong></span> <span class='ocrx_word' id='word_1_137' title='bbox 1208 1284 1293 1324; x_wconf 87' lang='lat' dir='ltr'><strong>unus.</strong></span> 
     </span>
     <span class='ocr_line' id='line_1_19' title="bbox 1029 1357 1304 1412; baseline 0.004 -1"><span class='ocrx_word' id='word_1_138' title='bbox 1029 1358 1117 1411; x_wconf 81' lang='lat' dir='ltr'><strong>Amos</strong></span> <span class='ocrx_word' id='word_1_139' title='bbox 1132 1357 1206 1412; x_wconf 92' lang='lat' dir='ltr'><strong>liber</strong></span> <span class='ocrx_word' id='word_1_140' title='bbox 1219 1373 1304 1412; x_wconf 89' lang='lat' dir='ltr'><strong>nnus.</strong></span> 
     </span>
    </p>
   </div>
   <div class='ocr_carea' id='block_1_15' title="bbox 91 1445 1333 1696">
    <p class='ocr_par' dir='ltr' id='par_1_15' title="bbox 91 1445 1333 1696">
     <span class='ocr_line' id='line_1_20' title="bbox 93 1445 1333 1521; baseline -0.006 -14"><span class='ocrx_word' id='word_1_141' title='bbox 93 1452 204 1507; x_wconf 85' lang='lat' dir='ltr'><strong>deferre</strong></span> <span class='ocrx_word' id='word_1_142' title='bbox 228 1450 370 1521; x_wconf 87' lang='lat' dir='ltr'><strong>perlatum</strong></span> <span class='ocrx_word' id='word_1_143' title='bbox 396 1455 439 1503; x_wconf 88' lang='lat' dir='ltr'><strong>est</strong></span> <span class='ocrx_word' id='word_1_144' title='bbox 463 1449 498 1503; x_wconf 93' lang='lat' dir='ltr'><strong>ad</strong></span> <span class='ocrx_word' id='word_1_145' title='bbox 525 1449 709 1520; x_wconf 87' lang='lat' dir='ltr'><strong>apostolicam</strong></span> <span class='ocrx_word' id='word_1_146' title='bbox 737 1449 845 1503; x_wconf 90' lang='lat' dir='ltr'><strong>sedem.</strong></span> <span class='ocrx_word' id='word_1_147' title='bbox 871 1447 939 1512; x_wconf 69' lang='lat' dir='ltr'><strong>Quae</strong></span> <span class='ocrx_word' id='word_1_148' title='bbox 1030 1445 1333 1501; x_wconf 79' lang='lat' dir='ltr'><strong>llicheaeliberunus.</strong></span> 
     </span>
     <span class='ocr_line' id='line_1_21' title="bbox 92 1534 1277 1635; baseline -0.006 -40"><span class='ocrx_word' id='word_1_149' title='bbox 92 1540 190 1595; x_wconf 93' lang='lat' dir='ltr'><strong>omnia</strong></span> <span class='ocrx_word' id='word_1_150' title='bbox 217 1538 442 1608; x_wconf 83' lang='lat' dir='ltr'><strong>reprehensione</strong></span> <span class='ocrx_word' id='word_1_151' title='bbox 468 1543 497 1593; x_wconf 88' lang='lat' dir='ltr'><strong>et</strong></span> <span class='ocrx_word' id='word_1_152' title='bbox 525 1536 734 1608; x_wconf 86' lang='lat' dir='ltr'><strong>vituperatione</strong></span> <span class='ocrx_word' id='word_1_153' title='bbox 765 1537 852 1607; x_wconf 93' lang='lat' dir='ltr'><strong>plena</strong></span> <span class='ocrx_word' id='word_1_154' title='bbox 878 1551 977 1635; x_wconf 77' lang='lat' dir='ltr'><strong>esseB</strong></span> <span class='ocrx_word' id='word_1_155' title='bbox 1028 1534 1277 1589; x_wconf 83' lang='lat' dir='ltr'><strong>loellibcrunus.</strong></span> 
     </span>
     <span class='ocr_line' id='line_1_22' title="bbox 91 1622 1321 1696; baseline -0.002 -15"><span class='ocrx_word' id='word_1_156' title='bbox 91 1627 166 1682; x_wconf 91' lang='lat' dir='ltr'><strong>nulli</strong></span> <span class='ocrx_word' id='word_1_157' title='bbox 189 1630 264 1679; x_wconf 89' lang='lat' dir='ltr'><strong>recta</strong></span> <span class='ocrx_word' id='word_1_158' title='bbox 287 1624 460 1696; x_wconf 89' lang='lat' dir='ltr'><strong>sapientium</strong></span> <span class='ocrx_word' id='word_1_159' title='bbox 489 1623 608 1679; x_wconf 91' lang='lat' dir='ltr'><strong>dubium</strong></span> <span class='ocrx_word' id='word_1_160' title='bbox 625 1629 676 1679; x_wconf 87' lang='lat' dir='ltr'><strong>est.</strong></span> <span class='ocrx_word' id='word_1_161' title='bbox 693 1624 873 1695; x_wconf 72' lang='lat' dir='ltr'><strong>Quapropter</strong></span> <span class='ocrx_word' id='word_1_162' title='bbox 891 1623 943 1677; x_wconf 90' lang='lat' dir='ltr'><strong>hu·</strong></span> <span class='ocrx_word' id='word_1_163' title='bbox 1032 1622 1132 1677; x_wconf 82' lang='lat' dir='ltr'><strong>hbdiae</strong></span> <span class='ocrx_word' id='word_1_164' title='bbox 1146 1623 1221 1678; x_wconf 90' lang='lat' dir='ltr'><strong>liber</strong></span> <span class='ocrx_word' id='word_1_165' title='bbox 1236 1639 1321 1679; x_wconf 91' lang='lat' dir='ltr'><strong>unus.</strong></span> 
     </span>
    </p>
   </div>
   <div class='ocr_carea' id='block_1_16' title="bbox 91 1712 943 2152">
    <p class='ocr_par' dir='ltr' id='par_1_16' title="bbox 91 1712 942 2048">
     <span class='ocr_line' id='line_1_23' title="bbox 91 1712 942 1787; baseline -0.005 -18"><span class='ocrx_word' id='word_1_166' title='bbox 91 1717 137 1787; x_wconf 75' lang='lat' dir='ltr'><strong>ius</strong></span> <span class='ocrx_word' id='word_1_167' title='bbox 153 1718 256 1768; x_wconf 77' lang='lat' dir='ltr'><strong>sanctae</strong></span> <span class='ocrx_word' id='word_1_168' title='bbox 268 1712 342 1767; x_wconf 91' lang='lat' dir='ltr'><strong>sedis</strong></span> <span class='ocrx_word' id='word_1_169' title='bbox 355 1713 524 1767; x_wconf 89' lang='lat' dir='ltr'><strong>auctoritate</strong></span> <span class='ocrx_word' id='word_1_170' title='bbox 535 1713 596 1767; x_wconf 85' lang='lat' dir='ltr'><strong>haec</strong></span> <span class='ocrx_word' id='word_1_171' title='bbox 609 1713 706 1767; x_wconf 89' lang='lat' dir='ltr'><strong>omnia</strong></span> <span class='ocrx_word' id='word_1_172' title='bbox 720 1712 801 1766; x_wconf 88' lang='lat' dir='ltr'><strong>robis</strong></span> <span class='ocrx_word' id='word_1_173' title='bbox 814 1726 942 1767; x_wconf 87' lang='lat' dir='ltr'><strong>resecare</strong></span> 
     </span>
     <span class='ocr_line' id='line_1_24' title="bbox 94 1800 942 1872; baseline -0.005 -15"><span class='ocrx_word' id='word_1_174' title='bbox 94 1803 232 1870; x_wconf 79' lang='lat' dir='ltr'><strong>funditus,</strong></span> <span class='ocrx_word' id='word_1_175' title='bbox 265 1800 437 1872; x_wconf 87' lang='lat' dir='ltr'><strong>quantocius</strong></span> <span class='ocrx_word' id='word_1_176' title='bbox 469 1801 610 1872; x_wconf 90' lang='lat' dir='ltr'><strong>poteritis,</strong></span> <span class='ocrx_word' id='word_1_177' title='bbox 643 1815 817 1855; x_wconf 82' lang='lat' dir='ltr'><strong>censemus:</strong></span> <span class='ocrx_word' id='word_1_178' title='bbox 846 1803 876 1854; x_wconf 92' lang='lat' dir='ltr'><strong>et</strong></span> <span class='ocrx_word' id='word_1_179' title='bbox 905 1815 942 1853; x_wconf 91' lang='lat' dir='ltr'><strong>ne</strong></span> 
     </span>
     <span class='ocr_line' id='line_1_25' title="bbox 93 1886 941 1963; baseline -0.006 -18"><span class='ocrx_word' id='word_1_180' title='bbox 93 1890 182 1963; x_wconf 89' lang='lat' dir='ltr'><strong>pestis</strong></span> <span class='ocrx_word' id='word_1_181' title='bbox 204 1889 265 1944; x_wconf 87' lang='lat' dir='ltr'><strong>haec</strong></span> <span class='ocrx_word' id='word_1_182' title='bbox 288 1887 374 1943; x_wconf 88' lang='lat' dir='ltr'><strong>latius</strong></span> <span class='ocrx_word' id='word_1_183' title='bbox 394 1889 566 1959; x_wconf 81' lang='lat' dir='ltr'><strong>divulgetur,</strong></span> <span class='ocrx_word' id='word_1_184' title='bbox 588 1904 642 1959; x_wconf 88' lang='lat' dir='ltr'><strong>per</strong></span> <span class='ocrx_word' id='word_1_185' title='bbox 660 1903 761 1944; x_wconf 89' lang='lat' dir='ltr'><strong>omnes</strong></span> <span class='ocrx_word' id='word_1_186' title='bbox 781 1886 941 1960; x_wconf 87' lang='lat' dir='ltr'><strong>provincias</strong></span> 
     </span>
     <span class='ocr_line' id='line_1_26' title="bbox 95 1975 590 2048; baseline -0.008 -15"><span class='ocrx_word' id='word_1_187' title='bbox 95 1976 220 2048; x_wconf 74' lang='lat' dir='ltr'><strong>abstergi</strong></span> <span class='ocrx_word' id='word_1_188' title='bbox 234 1975 395 2032; x_wconf 86' lang='lat' dir='ltr'><strong>diutissime</strong></span> <span class='ocrx_word' id='word_1_189' title='bbox 411 1976 590 2029; x_wconf 90' lang='lat' dir='ltr'><strong>mandamus.</strong></span> 
     </span>
    </p>

    <p class='ocr_par' dir='ltr' id='par_1_17' title="bbox 95 2080 943 2152">
     <span class='ocr_line' id='line_1_27' title="bbox 95 2080 943 2152; baseline -0.008 -13"><span class='ocrx_word' id='word_1_190' title='bbox 95 2084 150 2140; x_wconf 80' lang='lat' dir='ltr'><strong>Car</strong></span> <span class='ocrx_word' id='word_1_191' title='bbox 174 2082 282 2138; x_wconf 83' lang='lat' dir='ltr'><strong>CXXVI.</strong></span> <span class='ocrx_word' id='word_1_192' title='bbox 297 2111 332 2120; x_wconf 92' lang='lat'>—</span> <span class='ocrx_word' id='word_1_193' title='bbox 348 2083 385 2136; x_wconf 83' lang='lat' dir='ltr'><strong>Ee</strong></span> <span class='ocrx_word' id='word_1_194' title='bbox 412 2082 486 2136; x_wconf 82' lang='lat' dir='ltr'><strong>uasis</strong></span> <span class='ocrx_word' id='word_1_195' title='bbox 512 2083 608 2148; x_wconf 81' lang='lat' dir='ltr'><strong>sacris,</strong></span> <span class='ocrx_word' id='word_1_196' title='bbox 635 2080 766 2152; x_wconf 80' lang='lat' dir='ltr'><strong>depellis</strong></span> <span class='ocrx_word' id='word_1_197' title='bbox 793 2080 891 2135; x_wconf 76' lang='lat' dir='ltr'><strong>oltoats</strong></span> <span class='ocrx_word' id='word_1_198' title='bbox 917 2083 943 2132; x_wconf 88' lang='lat' dir='ltr'><strong>et</strong></span> 
     </span>
    </p>
   </div>
   <div class='ocr_carea' id='block_1_17' title="bbox 128 2149 943 2288">
    <p class='ocr_par' dir='ltr' id='par_1_18' title="bbox 128 2149 943 2288">
     <span class='ocr_line' id='line_1_28' title="bbox 128 2149 943 2222; baseline -0.005 -13"><span class='ocrx_word' id='word_1_199' title='bbox 128 2155 195 2209; x_wconf 83' lang='lat' dir='ltr'><strong>uelis</strong></span> <span class='ocrx_word' id='word_1_200' title='bbox 214 2154 338 2220; x_wconf 78' lang='lat' dir='ltr'><strong>ecclesiae,</strong></span> <span class='ocrx_word' id='word_1_201' title='bbox 359 2154 385 2206; x_wconf 84' lang='lat' dir='ltr'><strong>ei</strong></span> <span class='ocrx_word' id='word_1_202' title='bbox 408 2157 542 2209; x_wconf 84' lang='lat' dir='ltr'><strong>uetustate</strong></span> <span class='ocrx_word' id='word_1_203' title='bbox 563 2157 721 2221; x_wconf 84' lang='lat' dir='ltr'><strong>cousumpta</strong></span> <span class='ocrx_word' id='word_1_204' title='bbox 742 2153 858 2218; x_wconf 76' lang='lat' dir='ltr'><strong>luerim,</strong></span> <span class='ocrx_word' id='word_1_205' title='bbox 874 2149 943 2222; x_wconf 80' lang='lat' dir='ltr'><strong>quid</strong></span> 
     </span>
     <span class='ocr_line' id='line_1_29' title="bbox 130 2223 427 2288; baseline -0.01 -8"><span class='ocrx_word' id='word_1_206' title='bbox 130 2223 195 2280; x_wconf 83' lang='lat' dir='ltr'><strong>inde</strong></span> <span class='ocrx_word' id='word_1_207' title='bbox 209 2223 366 2288; x_wconf 79' lang='lat' dir='ltr'><strong>faciendum</strong></span> <span class='ocrx_word' id='word_1_208' title='bbox 379 2224 427 2278; x_wconf 84' lang='lat' dir='ltr'><strong>sit.</strong></span> 
     </span>
    </p>
   </div>
   <div class='ocr_carea' id='block_1_18' title="bbox 1031 1711 1367 2299">
    <p class='ocr_par' dir='ltr' id='par_1_19' title="bbox 1031 1711 1367 2299">
     <span class='ocr_line' id='line_1_30' title="bbox 1032 1711 1294 1767; baseline 0.008 -2"><span class='ocrx_word' id='word_1_209' title='bbox 1032 1711 1109 1765; x_wconf 83' lang='lat' dir='ltr'><strong>lonae</strong></span> <span class='ocrx_word' id='word_1_210' title='bbox 1126 1711 1199 1765; x_wconf 89' lang='lat' dir='ltr'><strong>liber</strong></span> <span class='ocrx_word' id='word_1_211' title='bbox 1210 1727 1294 1767; x_wconf 92' lang='lat' dir='ltr'><strong>unus.</strong></span> 
     </span>
     <span class='ocr_line' id='line_1_31' title="bbox 1032 1799 1312 1855; baseline 0 -1"><span class='ocrx_word' id='word_1_212' title='bbox 1032 1799 1124 1854; x_wconf 81' lang='lat' dir='ltr'><strong>Naum</strong></span> <span class='ocrx_word' id='word_1_213' title='bbox 1139 1800 1213 1855; x_wconf 90' lang='lat' dir='ltr'><strong>liber</strong></span> <span class='ocrx_word' id='word_1_214' title='bbox 1227 1815 1312 1855; x_wconf 91' lang='lat' dir='ltr'><strong>unas.</strong></span> 
     </span>
     <span class='ocr_line' id='line_1_32' title="bbox 1031 1887 1334 1943; baseline 0 -1"><span class='ocrx_word' id='word_1_215' title='bbox 1031 1887 1145 1942; x_wconf 80' lang='lat' dir='ltr'><strong>Abacuc</strong></span> <span class='ocrx_word' id='word_1_216' title='bbox 1159 1887 1232 1942; x_wconf 91' lang='lat' dir='ltr'><strong>liber</strong></span> <span class='ocrx_word' id='word_1_217' title='bbox 1247 1904 1334 1943; x_wconf 89' lang='lat' dir='ltr'><strong>unus.</strong></span> 
     </span>
     <span class='ocr_line' id='line_1_33' title="bbox 1032 1975 1367 2047; baseline 0 -16"><span class='ocrx_word' id='word_1_218' title='bbox 1032 1975 1184 2047; x_wconf 83' lang='lat' dir='ltr'><strong>Sophoniae</strong></span> <span class='ocrx_word' id='word_1_219' title='bbox 1198 1976 1272 2032; x_wconf 94' lang='lat' dir='ltr'><strong>liber</strong></span> <span class='ocrx_word' id='word_1_220' title='bbox 1282 1992 1367 2031; x_wconf 90' lang='lat' dir='ltr'><strong>unus.</strong></span> 
     </span>
     <span class='ocr_line' id='line_1_34' title="bbox 1032 2065 1311 2136; baseline 0.004 -17"><span class='ocrx_word' id='word_1_221' title='bbox 1032 2065 1132 2136; x_wconf 73' lang='lat' dir='ltr'><strong>aggai</strong></span> <span class='ocrx_word' id='word_1_222' title='bbox 1141 2065 1215 2119; x_wconf 87' lang='lat' dir='ltr'><strong>liber</strong></span> <span class='ocrx_word' id='word_1_223' title='bbox 1227 2081 1311 2121; x_wconf 90' lang='lat' dir='ltr'><strong>anus.</strong></span> 
     </span>
     <span class='ocr_line' id='line_1_35' title="bbox 1031 2153 1359 2210; baseline 0.006 -2"><span class='ocrx_word' id='word_1_224' title='bbox 1031 2153 1172 2209; x_wconf 76' lang='lat' dir='ltr'><strong>Zachariae</strong></span> <span class='ocrx_word' id='word_1_225' title='bbox 1185 2153 1260 2209; x_wconf 89' lang='lat' dir='ltr'><strong>liber</strong></span> <span class='ocrx_word' id='word_1_226' title='bbox 1274 2169 1359 2210; x_wconf 89' lang='lat' dir='ltr'><strong>unus.</strong></span> 
     </span>
     <span class='ocr_line' id='line_1_36' title="bbox 1032 2242 1360 2299; baseline 0.009 -3"><span class='ocrx_word' id='word_1_227' title='bbox 1032 2242 1177 2298; x_wconf 77' lang='lat' dir='ltr'><strong>Malachiae</strong></span> <span class='ocrx_word' id='word_1_228' title='bbox 1187 2243 1261 2298; x_wconf 88' lang='lat' dir='ltr'><strong>liber</strong></span> <span class='ocrx_word' id='word_1_229' title='bbox 1273 2259 1360 2299; x_wconf 91' lang='lat' dir='ltr'><strong>unus.</strong></span> 
     </span>
    </p>
   </div>
   <div class='ocr_carea' id='block_1_19' title="bbox 128 2308 1797 2405">
    <p class='ocr_par' dir='ltr' id='par_1_20' title="bbox 128 2308 1797 2405">
     <span class='ocr_line' id='line_1_37' title="bbox 128 2308 1797 2405; baseline -0.004 -37"><span class='ocrx_word' id='word_1_230' title='bbox 128 2313 183 2384; x_wconf 81' lang='lat' dir='ltr'><strong>(Eu</strong></span> <span class='ocrx_word' id='word_1_231' title='bbox 210 2314 289 2382; x_wconf 84' lang='lat' dir='ltr'><strong>epist.</strong></span> <span class='ocrx_word' id='word_1_232' title='bbox 311 2312 453 2367; x_wconf 82' lang='lat' dir='ltr'><strong>Clementis</strong></span> <span class='ocrx_word' id='word_1_233' title='bbox 474 2326 639 2381; x_wconf 81' lang='lat' dir='ltr'><strong>popae,cop.</strong></span> <span class='ocrx_word' id='word_1_234' title='bbox 655 2309 714 2382; x_wconf 83' lang='lat'><strong>56.)</strong></span> <span class='ocrx_word' id='word_1_235' title='bbox 730 2311 768 2364; x_wconf 88' lang='lat' dir='ltr'><strong>De</strong></span> <span class='ocrx_word' id='word_1_236' title='bbox 785 2308 942 2364; x_wconf 87' lang='lat' dir='ltr'><strong>rasissane</strong></span> <span class='ocrx_word' id='word_1_237' title='bbox 997 2349 1061 2405; x_wconf 40' lang='lat' dir='ltr'><strong>cn·</strong></span> <span class='ocrx_word' id='word_1_238' title='bbox 1087 2349 1195 2405; x_wconf 38' lang='lat' dir='ltr'><strong>cem.</strong></span> <span class='ocrx_word' id='word_1_239' title='bbox 1231 2352 1267 2404; x_wconf 59' lang='lat' dir='ltr'><strong>De</strong></span> <span class='ocrx_word' id='word_1_240' title='bbox 1301 2348 1396 2403; x_wconf 52' lang='lat' dir='ltr'><strong><em>ordine</em></strong></span> <span class='ocrx_word' id='word_1_241' title='bbox 1414 2348 1546 2402; x_wconf 47' lang='lat' dir='ltr'><strong>,mmm</strong></span> <span class='ocrx_word' id='word_1_242' title='bbox 1575 2349 1645 2405; x_wconf 58' lang='lat' dir='ltr'><strong><em>Novi</em></strong></span> <span class='ocrx_word' id='word_1_243' title='bbox 1675 2350 1797 2404; x_wconf 42' lang='lat' dir='ltr'><strong>Teum</strong></span> 
     </span>
    </p>
   </div>
   <div class='ocr_carea' id='block_1_20' title="bbox 93 2397 941 2470">
    <p class='ocr_par' dir='ltr' id='par_1_21' title="bbox 93 2397 941 2470">
     <span class='ocr_line' id='line_1_38' title="bbox 93 2397 941 2470; baseline -0.005 -15"><span class='ocrx_word' id='word_1_244' title='bbox 93 2401 179 2455; x_wconf 89' lang='lat' dir='ltr'><strong>sacris</strong></span> <span class='ocrx_word' id='word_1_245' title='bbox 205 2401 244 2454; x_wconf 88' lang='lat' dir='ltr'><strong>ita</strong></span> <span class='ocrx_word' id='word_1_246' title='bbox 269 2399 429 2470; x_wconf 80' lang='lat' dir='ltr'><strong>gerendum</strong></span> <span class='ocrx_word' id='word_1_247' title='bbox 453 2405 522 2453; x_wconf 85' lang='lat' dir='ltr'><strong>est:</strong></span> <span class='ocrx_word' id='word_1_248' title='bbox 549 2399 652 2454; x_wconf 71' lang='lat' dir='ltr'><strong>altaris</strong></span> <span class='ocrx_word' id='word_1_249' title='bbox 681 2399 767 2469; x_wconf 90' lang='lat' dir='ltr'><strong>palla,</strong></span> <span class='ocrx_word' id='word_1_250' title='bbox 796 2397 941 2463; x_wconf 82' lang='lat' dir='ltr'><strong>cathedra,</strong></span> 
     </span>
    </p>
   </div>
   <div class='ocr_carea' id='block_1_21' title="bbox 1033 2420 1797 2489">
    <p class='ocr_par' dir='ltr' id='par_1_22' title="bbox 1033 2420 1797 2489">
     <span class='ocr_line' id='line_1_39' title="bbox 1033 2420 1797 2489; baseline 0.001 -15"><span class='ocrx_word' id='word_1_251' title='bbox 1033 2434 1099 2489; x_wconf 84' lang='lat' dir='ltr'><strong>quoa</strong></span> <span class='ocrx_word' id='word_1_252' title='bbox 1110 2424 1207 2475; x_wconf 83' lang='lat' dir='ltr'><strong>saneto</strong></span> <span class='ocrx_word' id='word_1_253' title='bbox 1222 2423 1342 2475; x_wconf 81' lang='lat' dir='ltr'><strong>Romanu</strong></span> <span class='ocrx_word' id='word_1_254' title='bbox 1359 2420 1484 2474; x_wconf 80' lang='lat' dir='ltr'><strong>Ecclesia</strong></span> <span class='ocrx_word' id='word_1_255' title='bbox 1503 2424 1582 2486; x_wconf 84' lang='lat' dir='ltr'><strong>tenet,</strong></span> <span class='ocrx_word' id='word_1_256' title='bbox 1606 2425 1633 2474; x_wconf 88' lang='lat' dir='ltr'><strong>et</strong></span> <span class='ocrx_word' id='word_1_257' title='bbox 1656 2435 1724 2488; x_wconf 78' lang='lat' dir='ltr'><strong>quos</strong></span> <span class='ocrx_word' id='word_1_258' title='bbox 1738 2421 1797 2474; x_wconf 67' lang='lat' dir='ltr'><strong>uma</strong></span> 
     </span>
    </p>
   </div>
   <div class='ocr_carea' id='block_1_22' title="bbox 93 2487 1559 2916">
    <p class='ocr_par' dir='ltr' id='par_1_23' title="bbox 94 2487 1382 2556">
     <span class='ocr_line' id='line_1_40' title="bbox 94 2487 1382 2556; baseline -0.001 -12"><span class='ocrx_word' id='word_1_259' title='bbox 94 2488 308 2556; x_wconf 91' lang='lat' dir='ltr'><strong>candelabrum,</strong></span> <span class='ocrx_word' id='word_1_260' title='bbox 337 2492 366 2542; x_wconf 90' lang='lat' dir='ltr'><strong>et</strong></span> <span class='ocrx_word' id='word_1_261' title='bbox 387 2488 494 2553; x_wconf 81' lang='lat' dir='ltr'><strong>velum,</strong></span> <span class='ocrx_word' id='word_1_262' title='bbox 525 2487 548 2541; x_wconf 93' lang='lat' dir='ltr'><strong>si</strong></span> <span class='ocrx_word' id='word_1_263' title='bbox 576 2487 684 2542; x_wconf 89' lang='lat' dir='ltr'><strong>fuerint</strong></span> <span class='ocrx_word' id='word_1_264' title='bbox 706 2489 847 2542; x_wconf 82' lang='lat' dir='ltr'><strong>vetustate</strong></span> <span class='ocrx_word' id='word_1_265' title='bbox 872 2501 943 2540; x_wconf 92' lang='lat' dir='ltr'><strong>con·</strong></span> <span class='ocrx_word' id='word_1_266' title='bbox 1032 2492 1100 2545; x_wconf 83' lang='lat' dir='ltr'><strong>solis</strong></span> <span class='ocrx_word' id='word_1_267' title='bbox 1115 2492 1235 2546; x_wconf 79' lang='lat' dir='ltr'><strong>Ecclesia</strong></span> <span class='ocrx_word' id='word_1_268' title='bbox 1249 2491 1382 2546; x_wconf 80' lang='lat' dir='ltr'><strong>observat.</strong></span> 
     </span>
    </p>

    <p class='ocr_par' dir='ltr' id='par_1_24' title="bbox 93 2574 1480 2668">
     <span class='ocr_line' id='line_1_41' title="bbox 93 2574 1480 2668; baseline -0.002 -36"><span class='ocrx_word' id='word_1_269' title='bbox 93 2581 218 2648; x_wconf 90' lang='lat' dir='ltr'><strong>sumpta,</strong></span> <span class='ocrx_word' id='word_1_270' title='bbox 235 2577 367 2631; x_wconf 89' lang='lat' dir='ltr'><strong>incendio</strong></span> <span class='ocrx_word' id='word_1_271' title='bbox 382 2577 487 2631; x_wconf 92' lang='lat' dir='ltr'><strong>dentur</strong></span> <span class='ocrx_word' id='word_1_272' title='bbox 503 2593 510 2631; x_wconf 77' lang='grc' dir='ltr'>ε</span> <span class='ocrx_word' id='word_1_273' title='bbox 526 2577 665 2647; x_wconf 86' lang='lat' dir='ltr'><strong>quoniam</strong></span> <span class='ocrx_word' id='word_1_274' title='bbox 681 2592 740 2630; x_wconf 94' lang='lat' dir='ltr'><strong>non</strong></span> <span class='ocrx_word' id='word_1_275' title='bbox 754 2574 863 2629; x_wconf 89' lang='lat' dir='ltr'><strong>licetoa</strong></span> <span class='ocrx_word' id='word_1_276' title='bbox 876 2590 941 2646; x_wconf 79' lang='lat' dir='ltr'><strong>qnae</strong></span> <span class='ocrx_word' id='word_1_277' title='bbox 1033 2595 1251 2666; x_wconf 57' lang='lat' dir='ltr'><strong>Evangefiomm</strong></span> <span class='ocrx_word' id='word_1_278' title='bbox 1266 2595 1334 2651; x_wconf 65' lang='lat' dir='ltr'>libri</span> <span class='ocrx_word' id='word_1_279' title='bbox 1346 2601 1480 2668; x_wconf 43' lang='lat' dir='ltr'><strong>quatuor·</strong></span> 
     </span>
    </p>

    <p class='ocr_par' dir='ltr' id='par_1_25' title="bbox 93 2663 1559 2916">
     <span class='ocr_line' id='line_1_42' title="bbox 93 2663 1559 2740; baseline -0.001 -19"><span class='ocrx_word' id='word_1_280' title='bbox 93 2665 123 2721; x_wconf 92' lang='lat' dir='ltr'><strong>in</strong></span> <span class='ocrx_word' id='word_1_281' title='bbox 138 2666 261 2721; x_wconf 87' lang='lat' dir='ltr'><strong>sacrario</strong></span> <span class='ocrx_word' id='word_1_282' title='bbox 284 2664 412 2734; x_wconf 88' lang='lat' dir='ltr'><strong>luerunt,</strong></span> <span class='ocrx_word' id='word_1_283' title='bbox 427 2666 502 2720; x_wconf 91' lang='lat' dir='ltr'><strong>male</strong></span> <span class='ocrx_word' id='word_1_284' title='bbox 519 2665 645 2733; x_wconf 89' lang='lat' dir='ltr'><strong>tractari,</strong></span> <span class='ocrx_word' id='word_1_285' title='bbox 666 2664 715 2720; x_wconf 89' lang='lat' dir='ltr'><strong>sed</strong></span> <span class='ocrx_word' id='word_1_286' title='bbox 726 2663 860 2718; x_wconf 90' lang='lat' dir='ltr'><strong>incendio</strong></span> <span class='ocrx_word' id='word_1_287' title='bbox 875 2663 942 2718; x_wconf 88' lang='lat' dir='ltr'><strong>uui·</strong></span> <span class='ocrx_word' id='word_1_288' title='bbox 1032 2683 1195 2739; x_wconf 62' lang='lat' dir='ltr'>Secundum</span> <span class='ocrx_word' id='word_1_289' title='bbox 1206 2685 1370 2740; x_wconf 60' lang='lat' dir='ltr'><strong>Maphaeum</strong></span> <span class='ocrx_word' id='word_1_290' title='bbox 1385 2683 1459 2738; x_wconf 64' lang='lat' dir='ltr'><strong>lib„</strong></span> <span class='ocrx_word' id='word_1_291' title='bbox 1474 2700 1559 2738; x_wconf 58' lang='lat' dir='ltr'><strong>unu„</strong></span> 
     </span>
     <span class='ocr_line' id='line_1_43' title="bbox 93 2752 1526 2828; baseline 0 -19"><span class='ocrx_word' id='word_1_292' title='bbox 93 2769 174 2809; x_wconf 82' lang='lat' dir='ltr'><strong>uersa</strong></span> <span class='ocrx_word' id='word_1_293' title='bbox 196 2755 357 2810; x_wconf 88' lang='lat' dir='ltr'><strong>tradentur.</strong></span> <span class='ocrx_word' id='word_1_294' title='bbox 376 2754 492 2810; x_wconf 84' lang='lat' dir='ltr'><strong>Cineres</strong></span> <span class='ocrx_word' id='word_1_295' title='bbox 508 2770 622 2826; x_wconf 87' lang='lat' dir='ltr'><strong>quoque</strong></span> <span class='ocrx_word' id='word_1_296' title='bbox 637 2770 737 2810; x_wconf 91' lang='lat' dir='ltr'><strong>eorum</strong></span> <span class='ocrx_word' id='word_1_297' title='bbox 759 2752 790 2807; x_wconf 90' lang='lat' dir='ltr'><strong>in</strong></span> <span class='ocrx_word' id='word_1_298' title='bbox 805 2752 942 2824; x_wconf 86' lang='lat' dir='ltr'><strong>baptiste·</strong></span> <span class='ocrx_word' id='word_1_299' title='bbox 1033 2772 1197 2828; x_wconf 65' lang='lat' dir='ltr'><strong>Secundum</strong></span> <span class='ocrx_word' id='word_1_300' title='bbox 1210 2773 1336 2827; x_wconf 59' lang='lat' dir='ltr'><strong>parcum</strong></span> <span class='ocrx_word' id='word_1_301' title='bbox 1354 2772 1427 2828; x_wconf 56' lang='lat' dir='ltr'><strong>libe,</strong></span> <span class='ocrx_word' id='word_1_302' title='bbox 1441 2788 1526 2827; x_wconf 60' lang='lat' dir='ltr'><strong>unu„</strong></span> 
     </span>
     <span class='ocr_line' id='line_1_44' title="bbox 94 2840 1498 2916; baseline 0 -19"><span class='ocrx_word' id='word_1_303' title='bbox 94 2842 170 2898; x_wconf 89' lang='lat' dir='ltr'><strong>rium</strong></span> <span class='ocrx_word' id='word_1_304' title='bbox 191 2843 362 2909; x_wconf 81' lang='lat' dir='ltr'><strong>interantur,</strong></span> <span class='ocrx_word' id='word_1_305' title='bbox 392 2843 441 2898; x_wconf 91' lang='lat' dir='ltr'><strong>abi</strong></span> <span class='ocrx_word' id='word_1_306' title='bbox 468 2843 567 2897; x_wconf 90' lang='lat' dir='ltr'><strong>nullus</strong></span> <span class='ocrx_word' id='word_1_307' title='bbox 581 2841 718 2898; x_wconf 90' lang='lat' dir='ltr'><strong>transitus</strong></span> <span class='ocrx_word' id='word_1_308' title='bbox 743 2841 892 2909; x_wconf 84' lang='lat' dir='ltr'><strong>habeatur,</strong></span> <span class='ocrx_word' id='word_1_309' title='bbox 911 2840 979 2912; x_wconf 73' lang='lat' dir='ltr'><strong>inc</strong></span> <span class='ocrx_word' id='word_1_310' title='bbox 1034 2861 1197 2916; x_wconf 56' lang='lat' dir='ltr'>Secundum</span> <span class='ocrx_word' id='word_1_311' title='bbox 1212 2862 1316 2916; x_wconf 61' lang='lat' dir='ltr'><strong>Lucam</strong></span> <span class='ocrx_word' id='word_1_312' title='bbox 1330 2860 1403 2916; x_wconf 59' lang='lat' dir='ltr'><strong>libe,</strong></span> <span class='ocrx_word' id='word_1_313' title='bbox 1415 2876 1498 2915; x_wconf 42' lang='lat' dir='ltr'><strong>unus·</strong></span> 
     </span>
    </p>
   </div>
   <div class='ocr_carea' id='block_1_23' title="bbox 56 2928 946 4328">
    <p class='ocr_par' dir='ltr' id='par_1_26' title="bbox 56 2928 946 4328">
     <span class='ocr_line' id='line_1_45' title="bbox 94 2928 944 3001; baseline -0.001 -17"><span class='ocrx_word' id='word_1_314' title='bbox 94 2929 213 3001; x_wconf 88' lang='lat' dir='ltr'><strong>pariete,</strong></span> <span class='ocrx_word' id='word_1_315' title='bbox 241 2934 291 2985; x_wconf 91' lang='lat' dir='ltr'><strong>ant</strong></span> <span class='ocrx_word' id='word_1_316' title='bbox 320 2929 351 2983; x_wconf 92' lang='lat' dir='ltr'><strong>in</strong></span> <span class='ocrx_word' id='word_1_317' title='bbox 374 2928 457 2984; x_wconf 82' lang='lat' dir='ltr'><strong>fossis</strong></span> <span class='ocrx_word' id='word_1_318' title='bbox 481 2928 714 3000; x_wconf 84' lang='lat' dir='ltr'><strong>pavimentorum</strong></span> <span class='ocrx_word' id='word_1_319' title='bbox 734 2929 887 2999; x_wconf 83' lang='lat' dir='ltr'><strong>jactentur,</strong></span> <span class='ocrx_word' id='word_1_320' title='bbox 907 2944 944 2984; x_wconf 87' lang='lat' dir='ltr'><strong>ne</strong></span> 
     </span>
     <span class='ocr_line' id='line_1_46' title="bbox 94 3017 946 3089; baseline -0.002 -16"><span class='ocrx_word' id='word_1_321' title='bbox 94 3019 303 3073; x_wconf 91' lang='lat' dir='ltr'><strong>introeuntium</strong></span> <span class='ocrx_word' id='word_1_322' title='bbox 330 3017 452 3087; x_wconf 90' lang='lat' dir='ltr'><strong>pedibus</strong></span> <span class='ocrx_word' id='word_1_323' title='bbox 475 3018 674 3089; x_wconf 87' lang='lat' dir='ltr'><strong>inquinentur.</strong></span> <span class='ocrx_word' id='word_1_324' title='bbox 706 3018 798 3073; x_wconf 91' lang='lat' dir='ltr'><strong>Pallas</strong></span> <span class='ocrx_word' id='word_1_325' title='bbox 823 3032 889 3073; x_wconf 85' lang='lat' dir='ltr'><strong>vero</strong></span> <span class='ocrx_word' id='word_1_326' title='bbox 916 3021 946 3072; x_wconf 91' lang='lat' dir='ltr'><strong>et</strong></span> 
     </span>
     <span class='ocr_line' id='line_1_47' title="bbox 95 3104 942 3177; baseline -0.002 -16"><span class='ocrx_word' id='word_1_327' title='bbox 95 3107 156 3161; x_wconf 85' lang='lat' dir='ltr'><strong>vela</strong></span> <span class='ocrx_word' id='word_1_328' title='bbox 169 3122 234 3177; x_wconf 79' lang='lat' dir='ltr'><strong>quae</strong></span> <span class='ocrx_word' id='word_1_329' title='bbox 247 3106 277 3160; x_wconf 91' lang='lat' dir='ltr'><strong>in</strong></span> <span class='ocrx_word' id='word_1_330' title='bbox 301 3106 455 3159; x_wconf 88' lang='lat' dir='ltr'><strong>sanctuarii</strong></span> <span class='ocrx_word' id='word_1_331' title='bbox 479 3106 624 3160; x_wconf 88' lang='lat' dir='ltr'><strong>sordidata</strong></span> <span class='ocrx_word' id='word_1_332' title='bbox 644 3106 750 3160; x_wconf 85' lang='lat' dir='ltr'><strong>luerint</strong></span> <span class='ocrx_word' id='word_1_333' title='bbox 774 3104 942 3172; x_wconf 85' lang='lat' dir='ltr'><strong>ministerio,</strong></span> 
     </span>
     <span class='ocr_line' id='line_1_48' title="bbox 94 3192 944 3250; baseline -0.001 -2"><span class='ocrx_word' id='word_1_334' title='bbox 94 3193 206 3250; x_wconf 91' lang='lat' dir='ltr'><strong>diaconi</strong></span> <span class='ocrx_word' id='word_1_335' title='bbox 239 3209 305 3247; x_wconf 90' lang='lat' dir='ltr'><strong>cum</strong></span> <span class='ocrx_word' id='word_1_336' title='bbox 332 3192 489 3247; x_wconf 88' lang='lat' dir='ltr'><strong>humilibus</strong></span> <span class='ocrx_word' id='word_1_337' title='bbox 516 3193 655 3248; x_wconf 91' lang='lat' dir='ltr'><strong>ministris</strong></span> <span class='ocrx_word' id='word_1_338' title='bbox 689 3194 765 3248; x_wconf 88' lang='lat' dir='ltr'><strong>intra</strong></span> <span class='ocrx_word' id='word_1_339' title='bbox 787 3193 944 3248; x_wconf 87' lang='lat' dir='ltr'><strong>sacrarium</strong></span> 
     </span>
     <span class='ocr_line' id='line_1_49' title="bbox 95 3280 945 3350; baseline 0 -14"><span class='ocrx_word' id='word_1_340' title='bbox 95 3281 200 3349; x_wconf 84' lang='lat' dir='ltr'><strong>lavent,</strong></span> <span class='ocrx_word' id='word_1_341' title='bbox 234 3296 293 3336; x_wconf 93' lang='lat' dir='ltr'><strong>non</strong></span> <span class='ocrx_word' id='word_1_342' title='bbox 315 3280 459 3350; x_wconf 86' lang='lat' dir='ltr'><strong>ejicientes</strong></span> <span class='ocrx_word' id='word_1_343' title='bbox 483 3281 558 3336; x_wconf 83' lang='lat' dir='ltr'><strong>foras</strong></span> <span class='ocrx_word' id='word_1_344' title='bbox 588 3298 605 3335; x_wconf 91' lang='lat' dir='ltr'><strong>a</strong></span> <span class='ocrx_word' id='word_1_345' title='bbox 643 3281 767 3335; x_wconf 90' lang='lat' dir='ltr'><strong>sacrario</strong></span> <span class='ocrx_word' id='word_1_346' title='bbox 803 3281 945 3336; x_wconf 86' lang='lat' dir='ltr'><strong>velamina</strong></span> 
     </span>
     <span class='ocr_line' id='line_1_50' title="bbox 97 3369 944 3442; baseline 0 -18"><span class='ocrx_word' id='word_1_347' title='bbox 97 3369 250 3424; x_wconf 81' lang='lat' dir='ltr'><strong>Dominicae</strong></span> <span class='ocrx_word' id='word_1_348' title='bbox 266 3384 384 3433; x_wconf 79' lang='lat' dir='ltr'><strong>mensa,</strong></span> <span class='ocrx_word' id='word_1_349' title='bbox 401 3386 437 3425; x_wconf 92' lang='lat' dir='ltr'><strong>ne</strong></span> <span class='ocrx_word' id='word_1_350' title='bbox 453 3369 526 3424; x_wconf 88' lang='lat' dir='ltr'><strong>torte</strong></span> <span class='ocrx_word' id='word_1_351' title='bbox 542 3369 636 3440; x_wconf 80' lang='lat' dir='ltr'><strong>pulvis</strong></span> <span class='ocrx_word' id='word_1_352' title='bbox 657 3369 798 3425; x_wconf 87' lang='lat' dir='ltr'><strong>Dominici</strong></span> <span class='ocrx_word' id='word_1_353' title='bbox 817 3371 944 3442; x_wconf 89' lang='lat' dir='ltr'><strong>eorporis</strong></span> 
     </span>
     <span class='ocr_line' id='line_1_51' title="bbox 95 3457 945 3531; baseline 0.004 -19"><span class='ocrx_word' id='word_1_354' title='bbox 95 3459 170 3513; x_wconf 90' lang='lat' dir='ltr'><strong>male</strong></span> <span class='ocrx_word' id='word_1_355' title='bbox 184 3457 306 3524; x_wconf 90' lang='lat' dir='ltr'><strong>decidat,</strong></span> <span class='ocrx_word' id='word_1_356' title='bbox 331 3457 460 3528; x_wconf 82' lang='lat' dir='ltr'><strong>syndone</strong></span> <span class='ocrx_word' id='word_1_357' title='bbox 479 3458 549 3513; x_wconf 90' lang='lat' dir='ltr'><strong>foris</strong></span> <span class='ocrx_word' id='word_1_358' title='bbox 563 3459 667 3526; x_wconf 88' lang='lat' dir='ltr'><strong>delata,</strong></span> <span class='ocrx_word' id='word_1_359' title='bbox 679 3463 708 3513; x_wconf 88' lang='lat' dir='ltr'><strong>et</strong></span> <span class='ocrx_word' id='word_1_360' title='bbox 730 3459 784 3513; x_wconf 88' lang='lat' dir='ltr'><strong>erit</strong></span> <span class='ocrx_word' id='word_1_361' title='bbox 803 3460 859 3514; x_wconf 93' lang='lat' dir='ltr'><strong>hoc</strong></span> <span class='ocrx_word' id='word_1_362' title='bbox 872 3474 945 3531; x_wconf 90' lang='lat' dir='ltr'><strong>ope-</strong></span> 
     </span>
     <span class='ocr_line' id='line_1_52' title="bbox 95 3546 944 3618; baseline 0.001 -17"><span class='ocrx_word' id='word_1_363' title='bbox 95 3547 172 3601; x_wconf 91' lang='lat' dir='ltr'><strong>ranti</strong></span> <span class='ocrx_word' id='word_1_364' title='bbox 192 3551 352 3617; x_wconf 92' lang='lat' dir='ltr'><strong>peccatum,</strong></span> <span class='ocrx_word' id='word_1_365' title='bbox 373 3547 481 3601; x_wconf 89' lang='lat' dir='ltr'><strong>ldcirco</strong></span> <span class='ocrx_word' id='word_1_366' title='bbox 497 3548 527 3602; x_wconf 93' lang='lat' dir='ltr'><strong>in</strong></span> <span class='ocrx_word' id='word_1_367' title='bbox 541 3546 665 3602; x_wconf 88' lang='lat' dir='ltr'><strong>sacrario</strong></span> <span class='ocrx_word' id='word_1_368' title='bbox 690 3546 830 3602; x_wconf 85' lang='lat' dir='ltr'><strong>ministris</strong></span> <span class='ocrx_word' id='word_1_369' title='bbox 841 3547 944 3618; x_wconf 84' lang='lat' dir='ltr'><strong>praeci·</strong></span> 
     </span>
     <span class='ocr_line' id='line_1_53' title="bbox 56 3635 944 3707; baseline 0.002 -18"><span class='ocrx_word' id='word_1_370' title='bbox 56 3656 60 3663; x_wconf 83' lang='grc'><em>·</em></span> <span class='ocrx_word' id='word_1_371' title='bbox 95 3635 191 3706; x_wconf 87' lang='lat' dir='ltr'><strong>pimus</strong></span> <span class='ocrx_word' id='word_1_372' title='bbox 214 3652 280 3690; x_wconf 90' lang='lat' dir='ltr'><strong>curn</strong></span> <span class='ocrx_word' id='word_1_373' title='bbox 307 3635 456 3707; x_wconf 80' lang='lat' dir='ltr'><strong>diligentia</strong></span> <span class='ocrx_word' id='word_1_374' title='bbox 478 3636 629 3692; x_wconf 88' lang='lat' dir='ltr'><strong>custodire.</strong></span> <span class='ocrx_word' id='word_1_375' title='bbox 651 3637 738 3691; x_wconf 84' lang='lat' dir='ltr'><strong>Pallae</strong></span> <span class='ocrx_word' id='word_1_376' title='bbox 757 3635 790 3691; x_wconf 92' lang='lat' dir='ltr'><strong>in</strong></span> <span class='ocrx_word' id='word_1_377' title='bbox 804 3636 944 3707; x_wconf 85' lang='lat' dir='ltr'><strong>aliapelvi</strong></span> 
     </span>
     <span class='ocr_line' id='line_1_54' title="bbox 95 3723 449 3793; baseline 0.003 -14"><span class='ocrx_word' id='word_1_378' title='bbox 95 3724 236 3793; x_wconf 89' lang='lat' dir='ltr'><strong>laventur,</strong></span> <span class='ocrx_word' id='word_1_379' title='bbox 261 3723 292 3778; x_wconf 92' lang='lat' dir='ltr'><strong>in</strong></span> <span class='ocrx_word' id='word_1_380' title='bbox 306 3723 363 3780; x_wconf 91' lang='lat' dir='ltr'><strong>alia</strong></span> <span class='ocrx_word' id='word_1_381' title='bbox 376 3725 449 3780; x_wconf 80' lang='lat' dir='ltr'><strong>uela.</strong></span> 
     </span>
     <span class='ocr_line' id='line_1_55' title="bbox 94 3845 943 3896; baseline 0.001 -9"><span class='ocrx_word' id='word_1_382' title='bbox 94 3846 235 3887; x_wconf 81' lang='lat' dir='ltr'><strong>merrruur</strong></span> <span class='ocrx_word' id='word_1_383' title='bbox 272 3846 390 3886; x_wconf 75' lang='lat' dir='ltr'><strong>uacuare</strong></span> <span class='ocrx_word' id='word_1_384' title='bbox 427 3846 461 3884; x_wconf 86' lang='lat' dir='ltr'><strong>aa</strong></span> <span class='ocrx_word' id='word_1_385' title='bbox 498 3845 676 3896; x_wconf 78' lang='lat' dir='ltr'><strong>aacrrraaurs,</strong></span> <span class='ocrx_word' id='word_1_386' title='bbox 705 3846 757 3885; x_wconf 83' lang='lat' dir='ltr'><strong>vnn</strong></span> <span class='ocrx_word' id='word_1_387' title='bbox 785 3848 841 3887; x_wconf 85' lang='lat' dir='ltr'><strong>uon</strong></span> <span class='ocrx_word' id='word_1_388' title='bbox 868 3847 943 3888; x_wconf 83' lang='lat' dir='ltr'><strong>usuu-</strong></span> 
     </span>
     <span class='ocr_line' id='line_1_56' title="bbox 130 3917 944 3967; baseline 0.005 -11"><span class='ocrx_word' id='word_1_389' title='bbox 130 3917 236 3956; x_wconf 83' lang='lat' dir='ltr'><strong>rraums</strong></span> <span class='ocrx_word' id='word_1_390' title='bbox 255 3917 351 3967; x_wconf 80' lang='lat' dir='ltr'><strong>creare,</strong></span> <span class='ocrx_word' id='word_1_391' title='bbox 372 3917 477 3956; x_wconf 75' lang='lat' dir='ltr'><strong>scaram</strong></span> <span class='ocrx_word' id='word_1_392' title='bbox 496 3918 513 3955; x_wconf 83' lang='lat' dir='ltr'><strong>a</strong></span> <span class='ocrx_word' id='word_1_393' title='bbox 533 3917 645 3956; x_wconf 83' lang='lat' dir='ltr'><strong>oemsro</strong></span> <span class='ocrx_word' id='word_1_394' title='bbox 663 3917 740 3964; x_wconf 81' lang='lat' dir='ltr'><strong>rara.</strong></span> <span class='ocrx_word' id='word_1_395' title='bbox 761 3918 815 3957; x_wconf 81' lang='lat' dir='ltr'><strong>cua</strong></span> <span class='ocrx_word' id='word_1_396' title='bbox 835 3920 944 3960; x_wconf 81' lang='lat' dir='ltr'><strong>samua-</strong></span> 
     </span>
     <span class='ocr_line' id='line_1_57' title="bbox 130 3982 943 4031; baseline 0.005 -4"><span class='ocrx_word' id='word_1_397' title='bbox 130 3987 214 4027; x_wconf 80' lang='lat' dir='ltr'><strong>arura</strong></span> <span class='ocrx_word' id='word_1_398' title='bbox 242 3982 434 4027; x_wconf 81' lang='lat' dir='ltr'><strong>aauurrrssuue</strong></span> <span class='ocrx_word' id='word_1_399' title='bbox 464 3988 598 4027; x_wconf 82' lang='lat' dir='ltr'><strong>eruscorrs</strong></span> <span class='ocrx_word' id='word_1_400' title='bbox 625 3988 654 4026; x_wconf 85' lang='lat' dir='ltr'><strong>ru</strong></span> <span class='ocrx_word' id='word_1_401' title='bbox 687 3989 752 4026; x_wconf 86' lang='lat' dir='ltr'><strong>saus</strong></span> <span class='ocrx_word' id='word_1_402' title='bbox 778 3989 943 4031; x_wconf 79' lang='lat' dir='ltr'><strong>arosroarca</strong></span> 
     </span>
     <span class='ocr_line' id='line_1_58' title="bbox 131 4041 942 4115; baseline 0.002 -16"><span class='ocrx_word' id='word_1_403' title='bbox 131 4058 213 4099; x_wconf 82' lang='lat' dir='ltr'><strong>uanus</strong></span> <span class='ocrx_word' id='word_1_404' title='bbox 232 4041 387 4112; x_wconf 60' lang='lat' dir='ltr'><strong>anaema</strong></span> <span class='ocrx_word' id='word_1_405' title='bbox 404 4043 476 4100; x_wconf 83' lang='lat' dir='ltr'><strong>decr.</strong></span> <span class='ocrx_word' id='word_1_406' title='bbox 501 4043 604 4099; x_wconf 81' lang='lat' dir='ltr'><strong>Getaaa&#39;i</strong></span> <span class='ocrx_word' id='word_1_407' title='bbox 621 4058 702 4113; x_wconf 78' lang='lat' dir='ltr'><strong>popa</strong></span> <span class='ocrx_word' id='word_1_408' title='bbox 723 4043 756 4098; x_wconf 84' lang='lat' dir='ltr'><strong>de</strong></span> <span class='ocrx_word' id='word_1_409' title='bbox 778 4045 942 4115; x_wconf 82' lang='lat' dir='ltr'><strong>recipiendis</strong></span> 
     </span>
     <span class='ocr_line' id='line_1_59' title="bbox 131 4111 231 4183; baseline 0.01 -16"><span class='ocrx_word' id='word_1_410' title='bbox 131 4111 231 4183; x_wconf 81' lang='lat' dir='ltr'><strong>libris.)</strong></span> 
     </span>
     <span class='ocr_line' id='line_1_60' title="bbox 165 4200 799 4258; baseline 0.003 -2"><span class='ocrx_word' id='word_1_411' title='bbox 165 4202 230 4256; x_wconf 80' lang='lat' dir='ltr'><strong>Car.</strong></span> <span class='ocrx_word' id='word_1_412' title='bbox 243 4200 321 4255; x_wconf 80' lang='lat' dir='ltr'><strong>xvh.</strong></span> <span class='ocrx_word' id='word_1_413' title='bbox 339 4230 375 4240; x_wconf 91' lang='lat'>-</span> <span class='ocrx_word' id='word_1_414' title='bbox 388 4202 426 4255; x_wconf 83' lang='lat' dir='ltr'><strong>De</strong></span> <span class='ocrx_word' id='word_1_415' title='bbox 439 4201 534 4256; x_wconf 79' lang='lat' dir='ltr'><strong>ordine</strong></span> <span class='ocrx_word' id='word_1_416' title='bbox 549 4202 681 4257; x_wconf 80' lang='lat' dir='ltr'><strong>librorum</strong></span> <span class='ocrx_word' id='word_1_417' title='bbox 695 4204 799 4258; x_wconf 81' lang='lat' dir='ltr'><strong>Veteris</strong></span> 
     </span>
     <span class='ocr_line' id='line_1_61' title="bbox 433 4273 604 4328; baseline 0.018 -3"><span class='ocrx_word' id='word_1_418' title='bbox 433 4273 604 4328; x_wconf 80' lang='lat' dir='ltr'><strong>Testamenti.</strong></span> 
     </span>
    </p>
   </div>
   <div class='ocr_carea' id='block_1_24' title="bbox 19 4357 601 5480">
    <p class='ocr_par' dir='ltr' id='par_1_27' title="bbox 19 4357 601 5480">
     <span class='ocr_line' id='line_1_62' title="bbox 130 4357 425 4414; baseline -0.003 0"><span class='ocrx_word' id='word_1_419' title='bbox 130 4357 246 4414; x_wconf 89' lang='lat' dir='ltr'><strong>Genesis</strong></span> <span class='ocrx_word' id='word_1_420' title='bbox 254 4357 327 4413; x_wconf 91' lang='lat' dir='ltr'><strong>liber</strong></span> <span class='ocrx_word' id='word_1_421' title='bbox 342 4372 425 4413; x_wconf 90' lang='lat' dir='ltr'><strong>onus.</strong></span> 
     </span>
     <span class='ocr_line' id='line_1_63' title="bbox 128 4444 406 4502; baseline -0.007 0"><span class='ocrx_word' id='word_1_422' title='bbox 128 4446 217 4502; x_wconf 89' lang='lat' dir='ltr'><strong>Exodi</strong></span> <span class='ocrx_word' id='word_1_423' title='bbox 230 4444 304 4502; x_wconf 89' lang='lat' dir='ltr'><strong>liber</strong></span> <span class='ocrx_word' id='word_1_424' title='bbox 322 4462 406 4501; x_wconf 92' lang='lat' dir='ltr'><strong>unus.</strong></span> 
     </span>
     <span class='ocr_line' id='line_1_64' title="bbox 128 4534 431 4591; baseline -0.007 -1"><span class='ocrx_word' id='word_1_425' title='bbox 128 4534 245 4591; x_wconf 83' lang='lat' dir='ltr'><strong>Levitici</strong></span> <span class='ocrx_word' id='word_1_426' title='bbox 259 4534 333 4590; x_wconf 90' lang='lat' dir='ltr'><strong>libor</strong></span> <span class='ocrx_word' id='word_1_427' title='bbox 345 4551 431 4591; x_wconf 89' lang='lat' dir='ltr'><strong>unus.</strong></span> 
     </span>
     <span class='ocr_line' id='line_1_65' title="bbox 82 4620 433 4680; baseline -0.006 0"><span class='ocrx_word' id='word_1_428' title='bbox 82 4620 90 4640; x_wconf 65' lang='lat'>³</span> <span class='ocrx_word' id='word_1_429' title='bbox 130 4624 248 4680; x_wconf 89' lang='lat' dir='ltr'><strong>Numeri</strong></span> <span class='ocrx_word' id='word_1_430' title='bbox 261 4624 335 4679; x_wconf 91' lang='lat' dir='ltr'><strong>liber</strong></span> <span class='ocrx_word' id='word_1_431' title='bbox 349 4640 433 4679; x_wconf 91' lang='lat' dir='ltr'><strong>unus.</strong></span> 
     </span>
     <span class='ocr_line' id='line_1_66' title="bbox 126 4712 524 4768; baseline -0.003 0"><span class='ocrx_word' id='word_1_432' title='bbox 126 4713 340 4768; x_wconf 87' lang='lat' dir='ltr'><strong>Deuteronomii</strong></span> <span class='ocrx_word' id='word_1_433' title='bbox 352 4712 426 4768; x_wconf 85' lang='lat' dir='ltr'><strong>liber</strong></span> <span class='ocrx_word' id='word_1_434' title='bbox 440 4728 524 4768; x_wconf 88' lang='lat' dir='ltr'><strong>nnus.</strong></span> 
     </span>
     <span class='ocr_line' id='line_1_67' title="bbox 124 4802 464 4859; baseline -0.009 -1"><span class='ocrx_word' id='word_1_435' title='bbox 124 4803 192 4859; x_wconf 86' lang='lat' dir='ltr'><strong>Jesu</strong></span> <span class='ocrx_word' id='word_1_436' title='bbox 206 4803 281 4857; x_wconf 82' lang='lat' dir='ltr'><strong>Nave</strong></span> <span class='ocrx_word' id='word_1_437' title='bbox 293 4802 366 4857; x_wconf 88' lang='lat' dir='ltr'><strong>liber</strong></span> <span class='ocrx_word' id='word_1_438' title='bbox 379 4818 464 4857; x_wconf 87' lang='lat' dir='ltr'><strong>unus.</strong></span> 
     </span>
     <span class='ocr_line' id='line_1_68' title="bbox 124 4889 443 4946; baseline -0.006 0"><span class='ocrx_word' id='word_1_439' title='bbox 124 4890 255 4946; x_wconf 77' lang='lat' dir='ltr'><strong>tadicum</strong></span> <span class='ocrx_word' id='word_1_440' title='bbox 268 4889 344 4944; x_wconf 89' lang='lat' dir='ltr'><strong>liber</strong></span> <span class='ocrx_word' id='word_1_441' title='bbox 357 4905 443 4944; x_wconf 88' lang='lat' dir='ltr'><strong>unns.</strong></span> 
     </span>
     <span class='ocr_line' id='line_1_69' title="bbox 19 4962 499 5050; baseline -0.006 -15"><span class='ocrx_word' id='word_1_442' title='bbox 19 4962 24 4971; x_wconf 57' lang='grc'>’</span> <span class='ocrx_word' id='word_1_443' title='bbox 123 4979 235 5050; x_wconf 77' lang='lat' dir='ltr'><strong>Regum</strong></span> <span class='ocrx_word' id='word_1_444' title='bbox 253 4978 321 5034; x_wconf 93' lang='lat' dir='ltr'><strong>libri</strong></span> <span class='ocrx_word' id='word_1_445' title='bbox 344 4982 499 5050; x_wconf 62' lang='lat' dir='ltr'><strong>quatuos*</strong></span> 
     </span>
     <span class='ocr_line' id='line_1_70' title="bbox 123 5069 391 5124; baseline -0.004 0"><span class='ocrx_word' id='word_1_446' title='bbox 123 5069 201 5124; x_wconf 84' lang='lat' dir='ltr'><strong>Ruth</strong></span> <span class='ocrx_word' id='word_1_447' title='bbox 214 5069 287 5124; x_wconf 92' lang='lat' dir='ltr'><strong>liber</strong></span> <span class='ocrx_word' id='word_1_448' title='bbox 300 5084 391 5124; x_wconf 89' lang='lat' dir='ltr'><strong>unus.</strong></span> 
     </span>
     <span class='ocr_line' id='line_1_71' title="bbox 123 5155 520 5228; baseline -0.003 -17"><span class='ocrx_word' id='word_1_449' title='bbox 123 5156 364 5228; x_wconf 84' lang='lat' dir='ltr'><strong>Paralipomenon</strong></span> <span class='ocrx_word' id='word_1_450' title='bbox 378 5155 443 5211; x_wconf 91' lang='lat' dir='ltr'><strong>libri</strong></span> <span class='ocrx_word' id='word_1_451' title='bbox 462 5155 520 5211; x_wconf 90' lang='lat' dir='ltr'><strong>duo</strong></span> 
     </span>
     <span class='ocr_line' id='line_1_72' title="bbox 120 5243 601 5302; baseline -0.002 -2"><span class='ocrx_word' id='word_1_452' title='bbox 120 5245 299 5301; x_wconf 85' lang='lat' dir='ltr'><strong>Psalmoram</strong></span> <span class='ocrx_word' id='word_1_453' title='bbox 315 5246 390 5301; x_wconf 91' lang='lat' dir='ltr'><strong>liber</strong></span> <span class='ocrx_word' id='word_1_454' title='bbox 404 5261 492 5302; x_wconf 89' lang='lat' dir='ltr'><strong>unus.</strong></span> <span class='ocrx_word' id='word_1_455' title='bbox 597 5243 601 5252; x_wconf 83' lang='grc'><em>“</em></span> 
     </span>
     <span class='ocr_line' id='line_1_73' title="bbox 121 5333 515 5407; baseline -0.008 -18"><span class='ocrx_word' id='word_1_456' title='bbox 121 5333 281 5390; x_wconf 87' lang='lat' dir='ltr'><strong>Salomonis</strong></span> <span class='ocrx_word' id='word_1_457' title='bbox 293 5334 361 5390; x_wconf 86' lang='lat' dir='ltr'><strong>libri</strong></span> <span class='ocrx_word' id='word_1_458' title='bbox 375 5334 515 5407; x_wconf 87' lang='lat' dir='ltr'><strong>quinque.</strong></span> 
     </span>
     <span class='ocr_line' id='line_1_74' title="bbox 120 5421 363 5480; baseline -0.008 -1"><span class='ocrx_word' id='word_1_459' title='bbox 120 5422 173 5479; x_wconf 86' lang='lat' dir='ltr'><strong>Job</strong></span> <span class='ocrx_word' id='word_1_460' title='bbox 191 5421 265 5477; x_wconf 90' lang='lat' dir='ltr'><strong>liber</strong></span> <span class='ocrx_word' id='word_1_461' title='bbox 278 5439 363 5480; x_wconf 84' lang='lat' dir='ltr'><strong>unus.</strong></span> 
     </span>
    </p>
   </div>
   <div class='ocr_carea' id='block_1_25' title="bbox 955 4131 976 4185">
    <p class='ocr_par' dir='ltr' id='par_1_28' title="bbox 955 4131 976 4185">
     <span class='ocr_line' id='line_1_75' title="bbox 955 4131 976 4185; baseline 0 0"><span class='ocrx_word' id='word_1_462' title='bbox 955 4131 976 4185; x_wconf 81' lang='lat' dir='ltr'><strong>ll</strong></span> 
     </span>
    </p>
   </div>
   <div class='ocr_carea' id='block_1_26' title="bbox 993 2949 1797 5502">
    <p class='ocr_par' dir='ltr' id='par_1_29' title="bbox 1033 2949 1540 3005">
     <span class='ocr_line' id='line_1_76' title="bbox 1033 2949 1540 3005; baseline -0.002 0"><span class='ocrx_word' id='word_1_463' title='bbox 1033 2949 1196 3005; x_wconf 75' lang='lat' dir='ltr'><strong>Secundum</strong></span> <span class='ocrx_word' id='word_1_464' title='bbox 1209 2952 1349 3005; x_wconf 83' lang='lat' dir='ltr'><strong>loannem</strong></span> <span class='ocrx_word' id='word_1_465' title='bbox 1363 2949 1437 3005; x_wconf 91' lang='lat' dir='ltr'><strong>liber</strong></span> <span class='ocrx_word' id='word_1_466' title='bbox 1456 2965 1540 3004; x_wconf 90' lang='lat' dir='ltr'><strong>unus.</strong></span> 
     </span>
    </p>

    <p class='ocr_par' dir='ltr' id='par_1_30' title="bbox 1034 3037 1513 3108">
     <span class='ocr_line' id='line_1_77' title="bbox 1034 3037 1513 3108; baseline 0 -16"><span class='ocrx_word' id='word_1_467' title='bbox 1034 3039 1122 3092; x_wconf 81' lang='lat' dir='ltr'><strong>Actus</strong></span> <span class='ocrx_word' id='word_1_468' title='bbox 1136 3037 1323 3108; x_wconf 91' lang='lat' dir='ltr'><strong>apostoloruu</strong></span> <span class='ocrx_word' id='word_1_469' title='bbox 1338 3037 1411 3092; x_wconf 88' lang='lat' dir='ltr'><strong>liber</strong></span> <span class='ocrx_word' id='word_1_470' title='bbox 1428 3053 1513 3092; x_wconf 90' lang='lat' dir='ltr'><strong>unus.</strong></span> 
     </span>
    </p>

    <p class='ocr_par' dir='ltr' id='par_1_31' title="bbox 1206 3127 1711 3203">
     <span class='ocr_line' id='line_1_78' title="bbox 1206 3127 1711 3203; baseline 0 -21"><span class='ocrx_word' id='word_1_471' title='bbox 1206 3127 1335 3196; x_wconf 76' lang='lat' dir='ltr'><strong>Epistola</strong></span> <span class='ocrx_word' id='word_1_472' title='bbox 1347 3127 1549 3182; x_wconf 83' lang='lat' dir='ltr'><strong>Paulinumero</strong></span> <span class='ocrx_word' id='word_1_473' title='bbox 1564 3127 1637 3183; x_wconf 78' lang='lat' dir='ltr'><strong>TW.</strong></span> <span class='ocrx_word' id='word_1_474' title='bbox 1707 3198 1711 3203; x_wconf 20' lang='lat'>¹</span> 
     </span>
    </p>

    <p class='ocr_par' dir='ltr' id='par_1_32' title="bbox 1033 3214 1456 3286">
     <span class='ocr_line' id='line_1_79' title="bbox 1033 3214 1456 3286; baseline -0.005 -15"><span class='ocrx_word' id='word_1_475' title='bbox 1033 3215 1075 3272; x_wconf 80' lang='lat' dir='ltr'><strong>ad</strong></span> <span class='ocrx_word' id='word_1_476' title='bbox 1091 3216 1235 3270; x_wconf 85' lang='lat' dir='ltr'><strong>Romanos</strong></span> <span class='ocrx_word' id='word_1_477' title='bbox 1251 3214 1374 3286; x_wconf 91' lang='lat' dir='ltr'><strong>epistola</strong></span> <span class='ocrx_word' id='word_1_478' title='bbox 1388 3230 1456 3269; x_wconf 91' lang='lat' dir='ltr'><strong>una.</strong></span> 
     </span>
    </p>

    <p class='ocr_par' dir='ltr' id='par_1_33' title="bbox 1032 3303 1483 3374">
     <span class='ocr_line' id='line_1_80' title="bbox 1032 3303 1483 3374; baseline -0.004 -15"><span class='ocrx_word' id='word_1_479' title='bbox 1032 3304 1074 3359; x_wconf 80' lang='lat' dir='ltr'><strong>Ad</strong></span> <span class='ocrx_word' id='word_1_480' title='bbox 1089 3303 1252 3359; x_wconf 89' lang='lat' dir='ltr'><strong>Corinthios</strong></span> <span class='ocrx_word' id='word_1_481' title='bbox 1266 3303 1394 3374; x_wconf 77' lang='lat' dir='ltr'><strong>epistola</strong></span> <span class='ocrx_word' id='word_1_482' title='bbox 1407 3303 1483 3359; x_wconf 85' lang='lat' dir='ltr'><strong>duoe.</strong></span> 
     </span>
    </p>

    <p class='ocr_par' dir='ltr' id='par_1_34' title="bbox 1032 3390 1422 3463">
     <span class='ocr_line' id='line_1_81' title="bbox 1032 3390 1422 3463; baseline -0.008 -15"><span class='ocrx_word' id='word_1_483' title='bbox 1032 3392 1076 3448; x_wconf 79' lang='lat' dir='ltr'><strong>hd</strong></span> <span class='ocrx_word' id='word_1_484' title='bbox 1092 3392 1204 3447; x_wconf 88' lang='lat' dir='ltr'><strong>Galatas</strong></span> <span class='ocrx_word' id='word_1_485' title='bbox 1217 3390 1338 3463; x_wconf 89' lang='lat' dir='ltr'><strong>epistola</strong></span> <span class='ocrx_word' id='word_1_486' title='bbox 1353 3406 1422 3445; x_wconf 91' lang='lat' dir='ltr'><strong>uua.</strong></span> 
     </span>
    </p>

    <p class='ocr_par' dir='ltr' id='par_1_35' title="bbox 1032 3480 1457 3551">
     <span class='ocr_line' id='line_1_82' title="bbox 1032 3480 1457 3551; baseline -0.005 -15"><span class='ocrx_word' id='word_1_487' title='bbox 1032 3481 1076 3536; x_wconf 80' lang='lat' dir='ltr'><strong>ad</strong></span> <span class='ocrx_word' id='word_1_488' title='bbox 1088 3481 1225 3551; x_wconf 87' lang='lat' dir='ltr'><strong>Ephesios</strong></span> <span class='ocrx_word' id='word_1_489' title='bbox 1249 3480 1370 3551; x_wconf 89' lang='lat' dir='ltr'><strong>epistola</strong></span> <span class='ocrx_word' id='word_1_490' title='bbox 1390 3495 1457 3534; x_wconf 89' lang='lat' dir='ltr'><strong>una.</strong></span> 
     </span>
    </p>

    <p class='ocr_par' dir='ltr' id='par_1_36' title="bbox 1032 3568 1510 3640">
     <span class='ocr_line' id='line_1_83' title="bbox 1032 3568 1510 3640; baseline -0.006 -16"><span class='ocrx_word' id='word_1_491' title='bbox 1032 3569 1075 3624; x_wconf 81' lang='lat' dir='ltr'><strong>hd</strong></span> <span class='ocrx_word' id='word_1_492' title='bbox 1091 3568 1288 3640; x_wconf 82' lang='lat' dir='ltr'><strong>Philippenses</strong></span> <span class='ocrx_word' id='word_1_493' title='bbox 1303 3568 1423 3640; x_wconf 89' lang='lat' dir='ltr'><strong>epistola</strong></span> <span class='ocrx_word' id='word_1_494' title='bbox 1441 3582 1510 3623; x_wconf 91' lang='lat' dir='ltr'><strong>nna.</strong></span> 
     </span>
    </p>

    <p class='ocr_par' dir='ltr' id='par_1_37' title="bbox 1031 3655 1492 3727">
     <span class='ocr_line' id='line_1_84' title="bbox 1031 3655 1492 3727; baseline -0.004 -15"><span class='ocrx_word' id='word_1_495' title='bbox 1031 3656 1075 3712; x_wconf 78' lang='lat' dir='ltr'><strong>hd</strong></span> <span class='ocrx_word' id='word_1_496' title='bbox 1088 3657 1268 3713; x_wconf 77' lang='lat' dir='ltr'><strong>colossenses</strong></span> <span class='ocrx_word' id='word_1_497' title='bbox 1282 3655 1405 3727; x_wconf 86' lang='lat' dir='ltr'><strong>epistola</strong></span> <span class='ocrx_word' id='word_1_498' title='bbox 1424 3672 1492 3711; x_wconf 90' lang='lat' dir='ltr'><strong>una.</strong></span> 
     </span>
    </p>

    <p class='ocr_par' dir='ltr' id='par_1_38' title="bbox 1032 3744 1570 3815">
     <span class='ocr_line' id='line_1_85' title="bbox 1032 3744 1570 3815; baseline -0.002 -14"><span class='ocrx_word' id='word_1_499' title='bbox 1032 3745 1075 3800; x_wconf 81' lang='lat' dir='ltr'><strong>ad</strong></span> <span class='ocrx_word' id='word_1_500' title='bbox 1089 3744 1354 3801; x_wconf 86' lang='lat' dir='ltr'><strong>Thessalonicenses</strong></span> <span class='ocrx_word' id='word_1_501' title='bbox 1366 3744 1487 3815; x_wconf 89' lang='lat' dir='ltr'><strong>epistola</strong></span> <span class='ocrx_word' id='word_1_502' title='bbox 1502 3760 1570 3800; x_wconf 90' lang='lat' dir='ltr'><strong>una.</strong></span> 
     </span>
    </p>

    <p class='ocr_par' dir='ltr' id='par_1_39' title="bbox 1031 3832 1503 3903">
     <span class='ocr_line' id='line_1_86' title="bbox 1031 3832 1503 3903; baseline 0 -15"><span class='ocrx_word' id='word_1_503' title='bbox 1031 3833 1072 3888; x_wconf 79' lang='lat' dir='ltr'><strong>hd</strong></span> <span class='ocrx_word' id='word_1_504' title='bbox 1085 3833 1268 3889; x_wconf 87' lang='lat' dir='ltr'><strong>Timotheum</strong></span> <span class='ocrx_word' id='word_1_505' title='bbox 1285 3832 1413 3903; x_wconf 81' lang='lat' dir='ltr'><strong>epistolae</strong></span> <span class='ocrx_word' id='word_1_506' title='bbox 1429 3833 1503 3888; x_wconf 80' lang='lat' dir='ltr'><strong>duae.</strong></span> 
     </span>
    </p>

    <p class='ocr_par' dir='ltr' id='par_1_40' title="bbox 1031 3921 1410 3992">
     <span class='ocr_line' id='line_1_87' title="bbox 1031 3921 1410 3992; baseline -0.003 -15"><span class='ocrx_word' id='word_1_507' title='bbox 1031 3922 1073 3977; x_wconf 78' lang='lat' dir='ltr'><strong>Ad</strong></span> <span class='ocrx_word' id='word_1_508' title='bbox 1083 3922 1178 3976; x_wconf 88' lang='lat' dir='ltr'><strong>Titum</strong></span> <span class='ocrx_word' id='word_1_509' title='bbox 1194 3921 1321 3992; x_wconf 80' lang='lat' dir='ltr'><strong>epistole</strong></span> <span class='ocrx_word' id='word_1_510' title='bbox 1335 3921 1410 3976; x_wconf 81' lang='lat' dir='ltr'><strong>duae.</strong></span> 
     </span>
    </p>

    <p class='ocr_par' dir='ltr' id='par_1_41' title="bbox 1030 4010 1506 4082">
     <span class='ocr_line' id='line_1_88' title="bbox 1030 4010 1506 4082; baseline 0.002 -17"><span class='ocrx_word' id='word_1_511' title='bbox 1030 4010 1074 4066; x_wconf 80' lang='lat' dir='ltr'><strong>ad</strong></span> <span class='ocrx_word' id='word_1_512' title='bbox 1090 4011 1285 4065; x_wconf 90' lang='lat' dir='ltr'><strong>Philemonem</strong></span> <span class='ocrx_word' id='word_1_513' title='bbox 1303 4011 1424 4082; x_wconf 88' lang='lat' dir='ltr'><strong>epistola</strong></span> <span class='ocrx_word' id='word_1_514' title='bbox 1437 4025 1506 4066; x_wconf 90' lang='lat' dir='ltr'><strong>una.</strong></span> 
     </span>
    </p>

    <p class='ocr_par' dir='ltr' id='par_1_42' title="bbox 1030 4099 1433 4170">
     <span class='ocr_line' id='line_1_89' title="bbox 1030 4099 1433 4170; baseline 0 -15"><span class='ocrx_word' id='word_1_515' title='bbox 1030 4099 1074 4155; x_wconf 81' lang='lat' dir='ltr'><strong>ad</strong></span> <span class='ocrx_word' id='word_1_516' title='bbox 1088 4100 1222 4156; x_wconf 85' lang='lat' dir='ltr'><strong>llebraeos</strong></span> <span class='ocrx_word' id='word_1_517' title='bbox 1232 4099 1352 4170; x_wconf 90' lang='lat' dir='ltr'><strong>epistola</strong></span> <span class='ocrx_word' id='word_1_518' title='bbox 1367 4115 1433 4155; x_wconf 89' lang='lat' dir='ltr'><strong>una.</strong></span> 
     </span>
    </p>

    <p class='ocr_par' dir='ltr' id='par_1_43' title="bbox 1029 4187 1532 4260">
     <span class='ocr_line' id='line_1_90' title="bbox 1029 4187 1532 4260; baseline 0.002 -17"><span class='ocrx_word' id='word_1_519' title='bbox 1029 4188 1214 4260; x_wconf 80' lang='lat' dir='ltr'><strong>Apocalypsis</strong></span> <span class='ocrx_word' id='word_1_520' title='bbox 1227 4188 1347 4244; x_wconf 82' lang='lat' dir='ltr'><strong>loannis</strong></span> <span class='ocrx_word' id='word_1_521' title='bbox 1361 4187 1434 4243; x_wconf 87' lang='lat' dir='ltr'><strong>liber</strong></span> <span class='ocrx_word' id='word_1_522' title='bbox 1447 4204 1532 4244; x_wconf 89' lang='lat' dir='ltr'><strong>unus.</strong></span> 
     </span>
    </p>

    <p class='ocr_par' dir='ltr' id='par_1_44' title="bbox 1083 4277 1752 4346">
     <span class='ocr_line' id='line_1_91' title="bbox 1083 4277 1752 4346; baseline -0.004 -13"><span class='ocrx_word' id='word_1_523' title='bbox 1083 4277 1147 4333; x_wconf 84' lang='lat' dir='ltr'><strong>Car.</strong></span> <span class='ocrx_word' id='word_1_524' title='bbox 1164 4277 1258 4332; x_wconf 80' lang='lat' dir='ltr'><strong>CCXX.</strong></span> <span class='ocrx_word' id='word_1_525' title='bbox 1274 4277 1346 4333; x_wconf 80' lang='lat' dir='ltr'><strong>Ordo</strong></span> <span class='ocrx_word' id='word_1_526' title='bbox 1363 4277 1425 4332; x_wconf 88' lang='lat' dir='ltr'><strong>VII</strong></span> <span class='ocrx_word' id='word_1_527' title='bbox 1442 4277 1619 4346; x_wconf 73' lang='lat' dir='ltr'><strong>epismturum</strong></span> <span class='ocrx_word' id='word_1_528' title='bbox 1632 4277 1752 4332; x_wconf 57' lang='lat' dir='ltr'><strong>caueam</strong></span> 
     </span>
    </p>

    <p class='ocr_par' dir='ltr' id='par_1_45' title="bbox 1030 4364 1474 4437">
     <span class='ocr_line' id='line_1_92' title="bbox 1030 4364 1474 4437; baseline -0.002 -16"><span class='ocrx_word' id='word_1_529' title='bbox 1030 4365 1105 4421; x_wconf 90' lang='lat' dir='ltr'><strong>Petri</strong></span> <span class='ocrx_word' id='word_1_530' title='bbox 1119 4365 1240 4436; x_wconf 88' lang='lat' dir='ltr'><strong>apostoli</strong></span> <span class='ocrx_word' id='word_1_531' title='bbox 1255 4364 1384 4437; x_wconf 86' lang='lat' dir='ltr'><strong>epistolae</strong></span> <span class='ocrx_word' id='word_1_532' title='bbox 1399 4365 1474 4420; x_wconf 75' lang='lat' dir='ltr'><strong>due.</strong></span> 
     </span>
    </p>

    <p class='ocr_par' dir='ltr' id='par_1_46' title="bbox 1028 4455 1481 4526">
     <span class='ocr_line' id='line_1_93' title="bbox 1028 4455 1481 4526; baseline 0.004 -16"><span class='ocrx_word' id='word_1_533' title='bbox 1028 4455 1125 4511; x_wconf 86' lang='lat' dir='ltr'><strong>Jacobi</strong></span> <span class='ocrx_word' id='word_1_534' title='bbox 1138 4456 1262 4526; x_wconf 88' lang='lat' dir='ltr'><strong>apostoli</strong></span> <span class='ocrx_word' id='word_1_535' title='bbox 1276 4456 1397 4526; x_wconf 90' lang='lat' dir='ltr'><strong>epistola</strong></span> <span class='ocrx_word' id='word_1_536' title='bbox 1413 4473 1481 4512; x_wconf 90' lang='lat' dir='ltr'><strong>una.</strong></span> 
     </span>
    </p>

    <p class='ocr_par' dir='ltr' id='par_1_47' title="bbox 1029 4542 1506 4616">
     <span class='ocr_line' id='line_1_94' title="bbox 1029 4542 1506 4616; baseline 0.008 -20"><span class='ocrx_word' id='word_1_537' title='bbox 1029 4542 1147 4597; x_wconf 83' lang='lat' dir='ltr'><strong>loannis</strong></span> <span class='ocrx_word' id='word_1_538' title='bbox 1162 4544 1285 4615; x_wconf 89' lang='lat' dir='ltr'><strong>apostoli</strong></span> <span class='ocrx_word' id='word_1_539' title='bbox 1294 4543 1423 4616; x_wconf 86' lang='lat' dir='ltr'><strong>epistolae</strong></span> <span class='ocrx_word' id='word_1_540' title='bbox 1437 4549 1506 4601; x_wconf 89' lang='lat' dir='ltr'><strong>tres.</strong></span> 
     </span>
    </p>

    <p class='ocr_par' dir='ltr' id='par_1_48' title="bbox 1028 4631 1550 4704">
     <span class='ocr_line' id='line_1_95' title="bbox 1028 4631 1550 4704; baseline 0.008 -19"><span class='ocrx_word' id='word_1_541' title='bbox 1028 4631 1108 4687; x_wconf 85' lang='lat' dir='ltr'><strong>Judae</strong></span> <span class='ocrx_word' id='word_1_542' title='bbox 1122 4631 1223 4688; x_wconf 91' lang='lat' dir='ltr'><strong>Zelotis</strong></span> <span class='ocrx_word' id='word_1_543' title='bbox 1238 4638 1327 4704; x_wconf 87' lang='lat' dir='ltr'><strong>apost</strong></span> <span class='ocrx_word' id='word_1_544' title='bbox 1342 4633 1466 4702; x_wconf 89' lang='lat' dir='ltr'><strong>epistola</strong></span> <span class='ocrx_word' id='word_1_545' title='bbox 1480 4649 1550 4689; x_wconf 89' lang='lat' dir='ltr'><strong>una.</strong></span> 
     </span>
    </p>

    <p class='ocr_par' dir='ltr' id='par_1_49' title="bbox 993 4717 1797 5502">
     <span class='ocr_line' id='line_1_96' title="bbox 1029 4717 1797 4795; baseline -0.001 -21"><span class='ocrx_word' id='word_1_546' title='bbox 1029 4719 1088 4790; x_wconf 82' lang='lat' dir='ltr'><strong>(Ea</strong></span> <span class='ocrx_word' id='word_1_547' title='bbox 1103 4720 1174 4774; x_wconf 84' lang='lat' dir='ltr'><strong>decr.</strong></span> <span class='ocrx_word' id='word_1_548' title='bbox 1190 4721 1332 4790; x_wconf 75' lang='lat' dir='ltr'><strong>ejusdem.)</strong></span> <span class='ocrx_word' id='word_1_549' title='bbox 1343 4722 1411 4795; x_wconf 80' lang='lat' dir='ltr'><strong>Post</strong></span> <span class='ocrx_word' id='word_1_550' title='bbox 1425 4720 1609 4792; x_wconf 85' lang='lat' dir='ltr'><strong>propheticas</strong></span> <span class='ocrx_word' id='word_1_551' title='bbox 1623 4724 1652 4776; x_wconf 91' lang='lat' dir='ltr'><strong>et</strong></span> <span class='ocrx_word' id='word_1_552' title='bbox 1667 4717 1797 4794; x_wconf 76' lang='lat' dir='ltr'><strong>evangelia</strong></span> 
     </span>
     <span class='ocr_line' id='line_1_97' title="bbox 994 4805 1797 4881; baseline 0.001 -20"><span class='ocrx_word' id='word_1_553' title='bbox 994 4810 1080 4879; x_wconf 85' lang='lat' dir='ltr'><strong>atque</strong></span> <span class='ocrx_word' id='word_1_554' title='bbox 1094 4809 1266 4878; x_wconf 87' lang='lat' dir='ltr'><strong>apostolicas</strong></span> <span class='ocrx_word' id='word_1_555' title='bbox 1288 4808 1459 4880; x_wconf 83' lang='lat' dir='ltr'><strong>Scripturas,</strong></span> <span class='ocrx_word' id='word_1_556' title='bbox 1483 4808 1590 4881; x_wconf 89' lang='lat' dir='ltr'><strong>quibus</strong></span> <span class='ocrx_word' id='word_1_557' title='bbox 1605 4809 1729 4865; x_wconf 80' lang='lat' dir='ltr'><strong>Ecclesia</strong></span> <span class='ocrx_word' id='word_1_558' title='bbox 1741 4805 1797 4864; x_wconf 85' lang='lat' dir='ltr'><strong>cath</strong></span> 
     </span>
     <span class='ocr_line' id='line_1_98' title="bbox 994 4895 1797 4968; baseline 0 -18"><span class='ocrx_word' id='word_1_559' title='bbox 994 4895 1108 4967; x_wconf 89' lang='lat' dir='ltr'><strong>licaper</strong></span> <span class='ocrx_word' id='word_1_560' title='bbox 1119 4896 1242 4968; x_wconf 75' lang='lat' dir='ltr'><strong>gratiam</strong></span> <span class='ocrx_word' id='word_1_561' title='bbox 1258 4896 1309 4952; x_wconf 86' lang='lat' dir='ltr'><strong>llei</strong></span> <span class='ocrx_word' id='word_1_562' title='bbox 1320 4897 1439 4953; x_wconf 87' lang='lat' dir='ltr'><strong>fundata</strong></span> <span class='ocrx_word' id='word_1_563' title='bbox 1453 4902 1507 4967; x_wconf 87' lang='lat' dir='ltr'><strong>est,</strong></span> <span class='ocrx_word' id='word_1_564' title='bbox 1522 4898 1611 4952; x_wconf 87' lang='lat' dir='ltr'><strong>etiarn</strong></span> <span class='ocrx_word' id='word_1_565' title='bbox 1625 4897 1698 4954; x_wconf 91' lang='lat' dir='ltr'><strong>illud</strong></span> <span class='ocrx_word' id='word_1_566' title='bbox 1710 4896 1797 4953; x_wconf 85' lang='lat' dir='ltr'><strong>intima</strong></span> 
     </span>
     <span class='ocr_line' id='line_1_99' title="bbox 993 4982 1797 5059; baseline 0.001 -21"><span class='ocrx_word' id='word_1_567' title='bbox 993 4983 1062 5040; x_wconf 90' lang='lat' dir='ltr'><strong>dum</strong></span> <span class='ocrx_word' id='word_1_568' title='bbox 1081 4985 1255 5055; x_wconf 83' lang='lat' dir='ltr'><strong>putavimus,</strong></span> <span class='ocrx_word' id='word_1_569' title='bbox 1271 4986 1348 5058; x_wconf 91' lang='lat' dir='ltr'><strong>quod</strong></span> <span class='ocrx_word' id='word_1_570' title='bbox 1370 4985 1500 5058; x_wconf 82' lang='lat' dir='ltr'><strong>quamvis</strong></span> <span class='ocrx_word' id='word_1_571' title='bbox 1516 4986 1659 5041; x_wconf 70' lang='lat' dir='ltr'><strong>universe</strong></span> <span class='ocrx_word' id='word_1_572' title='bbox 1673 5001 1725 5059; x_wconf 89' lang='lat' dir='ltr'><strong>per</strong></span> <span class='ocrx_word' id='word_1_573' title='bbox 1742 4982 1797 5041; x_wconf 79' lang='lat' dir='ltr'><strong>orbe</strong></span> 
     </span>
     <span class='ocr_line' id='line_1_100' title="bbox 993 5072 1797 5132; baseline -0.004 -5"><span class='ocrx_word' id='word_1_574' title='bbox 993 5072 1260 5129; x_wconf 81' lang='lat' dir='ltr'><strong>diffusaecatholicae</strong></span> <span class='ocrx_word' id='word_1_575' title='bbox 1278 5075 1409 5130; x_wconf 81' lang='lat' dir='ltr'><strong>Ecclesiae</strong></span> <span class='ocrx_word' id='word_1_576' title='bbox 1420 5090 1496 5131; x_wconf 92' lang='lat' dir='ltr'><strong>unns</strong></span> <span class='ocrx_word' id='word_1_577' title='bbox 1514 5075 1662 5131; x_wconf 88' lang='lat' dir='ltr'><strong>thalamus</strong></span> <span class='ocrx_word' id='word_1_578' title='bbox 1678 5072 1797 5132; x_wconf 83' lang='lat' dir='ltr'><strong>Christis</strong></span> 
     </span>
     <span class='ocr_line' id='line_1_101' title="bbox 993 5159 1797 5235; baseline 0.005 -20"><span class='ocrx_word' id='word_1_579' title='bbox 993 5166 1090 5218; x_wconf 89' lang='lat' dir='ltr'><strong>sancta</strong></span> <span class='ocrx_word' id='word_1_580' title='bbox 1104 5168 1201 5218; x_wconf 90' lang='lat' dir='ltr'><strong>tamen</strong></span> <span class='ocrx_word' id='word_1_581' title='bbox 1216 5164 1346 5218; x_wconf 85' lang='lat' dir='ltr'><strong>Romana</strong></span> <span class='ocrx_word' id='word_1_582' title='bbox 1360 5163 1501 5219; x_wconf 88' lang='lat' dir='ltr'><strong>catholica</strong></span> <span class='ocrx_word' id='word_1_583' title='bbox 1523 5166 1552 5218; x_wconf 92' lang='lat' dir='ltr'><strong>et</strong></span> <span class='ocrx_word' id='word_1_584' title='bbox 1574 5164 1731 5235; x_wconf 85' lang='lat' dir='ltr'><strong>apostolica</strong></span> <span class='ocrx_word' id='word_1_585' title='bbox 1751 5159 1797 5218; x_wconf 76' lang='lat' dir='ltr'><strong>aaa</strong></span> 
     </span>
     <span class='ocr_line' id='line_1_102' title="bbox 994 5249 1797 5324; baseline 0 -19"><span class='ocrx_word' id='word_1_586' title='bbox 994 5249 1035 5305; x_wconf 89' lang='lat' dir='ltr'><strong>sia</strong></span> <span class='ocrx_word' id='word_1_587' title='bbox 1065 5251 1153 5306; x_wconf 91' lang='lat' dir='ltr'><strong>nullis</strong></span> <span class='ocrx_word' id='word_1_588' title='bbox 1190 5251 1333 5324; x_wconf 81' lang='lat' dir='ltr'><strong>synodicis</strong></span> <span class='ocrx_word' id='word_1_589' title='bbox 1372 5251 1536 5307; x_wconf 87' lang='lat' dir='ltr'><strong>constitutis</strong></span> <span class='ocrx_word' id='word_1_590' title='bbox 1572 5252 1684 5308; x_wconf 85' lang='lat' dir='ltr'><strong>caeteris</strong></span> <span class='ocrx_word' id='word_1_591' title='bbox 1714 5250 1797 5308; x_wconf 77' lang='lat' dir='ltr'><strong>aeae</strong></span> 
     </span>
     <span class='ocr_line' id='line_1_103' title="bbox 993 5339 1797 5413; baseline -0.001 -20"><span class='ocrx_word' id='word_1_592' title='bbox 993 5339 1113 5410; x_wconf 74' lang='lat' dir='ltr'><strong>praelata</strong></span> <span class='ocrx_word' id='word_1_593' title='bbox 1135 5343 1185 5410; x_wconf 90' lang='lat' dir='ltr'><strong>est,</strong></span> <span class='ocrx_word' id='word_1_594' title='bbox 1212 5341 1261 5396; x_wconf 89' lang='lat' dir='ltr'><strong>sed</strong></span> <span class='ocrx_word' id='word_1_595' title='bbox 1282 5341 1450 5413; x_wconf 84' lang='lat' dir='ltr'><strong>Evangelica</strong></span> <span class='ocrx_word' id='word_1_596' title='bbox 1469 5356 1538 5397; x_wconf 85' lang='lat' dir='ltr'><strong>voce</strong></span> <span class='ocrx_word' id='word_1_597' title='bbox 1566 5340 1797 5399; x_wconf 79' lang='lat' dir='ltr'><strong>DominiSalratot</strong></span> 
     </span>
     <span class='ocr_line' id='line_1_104' title="bbox 993 5424 1797 5502; baseline 0.005 -21"><span class='ocrx_word' id='word_1_598' title='bbox 993 5427 1083 5483; x_wconf 84' lang='lat' dir='ltr'><strong>nostri</strong></span> <span class='ocrx_word' id='word_1_599' title='bbox 1106 5428 1265 5500; x_wconf 90' lang='lat' dir='ltr'><strong>primatum</strong></span> <span class='ocrx_word' id='word_1_600' title='bbox 1287 5429 1413 5486; x_wconf 88' lang='lat' dir='ltr'><strong>obtinuit</strong></span> <span class='ocrx_word' id='word_1_601' title='bbox 1428 5446 1437 5486; x_wconf 75' lang='grc' dir='ltr'><strong>ι</strong></span> <span class='ocrx_word' id='word_1_602' title='bbox 1451 5430 1495 5486; x_wconf 86' lang='lat' dir='ltr'><strong>Tu</strong></span> <span class='ocrx_word' id='word_1_603' title='bbox 1509 5445 1540 5488; x_wconf 86' lang='lat' dir='ltr'><strong>es</strong></span> <span class='ocrx_word' id='word_1_604' title='bbox 1565 5424 1797 5502; x_wconf 65' lang='lat' dir='ltr'><strong>Pacuuianum</strong></span> 
     </span>
    </p>
   </div>
   <div class='ocr_carea' id='block_1_27' title="bbox 0 0 1944 6112">
    <p class='ocr_par' dir='ltr' id='par_1_50' title="bbox 0 0 1944 6112">
     <span class='ocr_line' id='line_1_105' title="bbox 0 0 1944 6112; baseline 0 0"><span class='ocrx_word' id='word_1_605' title='bbox 0 0 1944 6112; x_wconf 95' lang='lat' dir='ltr'><strong> </strong></span> 
     </span>
    </p>
   </div>
  </div>
 </body>
</html>
