3878 6112
144 252 212 308 loll
763 251 937 310 areauolx
952 253 999 309 AD
1014 253 1272 312 uuucflluuull.
1833 257 1903 309 loli

149 377 291 443 decantet,
318 376 492 449 etreliqua.
522 376 677 448 Hucusque
701 377 826 433 Isidorus
848 377 1041 449 episcopusd
1091 379 1130 433 Ex
1157 375 1283 433 Decretis
1316 375 1447 430 Anacteti
1484 390 1579 447 papea,
1609 390 1672 447 cap.
1699 380 1757 432 lt:
1795 378 1910 433 Peracta

152 464 394 522 deecclesiasticis
410 465 570 520 ordinibus.
1058 471 1154 522 autem
1187 465 1411 533 consecratione,
1429 480 1530 520 omnes
1558 465 1787 533 communicent,
1805 466 1909 538 quivo-

187 556 225 609 ldx
241 554 365 610 Decretis
388 554 488 609 Felicis
515 571 597 626 papae
613 571 620 610 :
637 554 720 610 ldissa
735 570 793 610 non
820 554 903 610 debet
926 555 1002 610 cele·
1055 555 1163 611 luerint
1186 553 1385 611 ecclesiasticis
1407 569 1504 608 carere
1527 553 1685 608 liminibus.
1710 554 1758 609 Sic
1785 554 1867 609 enim
1885 560 1909 610 el

151 642 239 710 brari,
254 642 309 697 nisi
341 640 369 695 in
397 641 466 696 tocis
495 640 531 696 ab
568 640 703 713 episcopo
734 642 916 706 consecratis,
947 641 1003 697 nisi
1058 644 1178 716 apostoli
1215 646 1387 709 statuerunt,
1415 649 1444 697 et
1469 648 1566 697 sancta
1594 642 1727 698 Romana
1754 646 1839 699 tenet
1866 645 1907 699 lic·

103 748 107 755 ·
152 746 265 785 summa
285 729 435 784 necessitas
463 733 555 801 cogat.
586 729 623 785 ux
650 730 775 786 iisdem:
807 729 1003 786 Dedicationee
1057 733 1162 804 ctesia;
1186 737 1226 802 ct,
1239 733 1262 788 si
1277 733 1333 788 hoc
1348 731 1539 803 neglexerint,
1555 732 1761 801 degradentur.

151 819 337 874 ecclesiarum
352 834 404 890 per
418 817 547 890 singulos
561 818 877 875 annosttantcelebres.
1093 820 1147 892 (En
1170 822 1281 877 concilio
1308 822 1525 889 Dollamenoi,
1542 824 1631 891 cupite
1656 823 1691 890 l.)
1721 820 1828 877 Omnis
1852 838 1908 894 pre

188 909 227 962 lix
240 907 359 962 concilio
383 906 592 973 Auentinensi,
607 923 669 978 cap.
691 910 729 962 3:
746 907 916 963 Necessitate
948 905 1003 977 igi·
1057 910 1153 980 sbyter
1169 909 1286 964 missam
1300 908 1447 965 celebrans
1464 910 1665 979 communicet,
1682 910 1847 982 divinaque
1860 927 1910 982 my·

151 1000 199 1051 tur
213 1000 333 1068 cogente
356 994 478 1065 itineris,
502 995 697 1066 permittimus
723 995 862 1052 celebrari
886 995 1002 1050 missam
1057 1000 1144 1054 steria
1157 998 1277 1054 diacono
1290 998 1334 1054 ret
1362 997 1549 1065 subdiacone,
1561 998 1612 1071 qui
1626 998 1756 1054 ministri
1772 1000 1910 1054 suntntta·

151 1086 181 1140 in
193 1086 326 1151 tentorio,
342 1083 399 1138 sive
415 1084 467 1139 sub
491 1084 567 1147 divo,
593 1085 623 1138 in
649 1083 742 1139 nitido
765 1084 837 1141 loco.
866 1083 922 1140 Sed
941 1083 1004 1139 haee
1058 1088 1107 1156 ris,
1122 1087 1217 1142 tradat
1242 1087 1412 1159 colligenda.
1441 1087 1515 1142 ltlud
1541 1086 1629 1142 etiam
1656 1088 1805 1155 attendat,
1820 1093 1854 1143 ut
1870 1104 1909 1142 eos

150 1173 386 1229 nullatenussine
402 1174 687 1229 consecratetabula.
1058 1175 1175 1246 pro'pria
1205 1191 1291 1230 mann
1320 1174 1524 1230 communicet.
1554 1175 1630 1231 Nulli
1657 1176 1850 1231 autemlaioo
1873 1178 1907 1231 ret

187 1264 226 1318 Ex
241 1262 363 1333 epistola
377 1261 562 1334 thelesphori
589 1278 683 1333 papas,
708 1278 770 1334 cap.
786 1264 826 1316 6:
856 1261 939 1318 llissa
956 1276 1002 1316 ce·
1056 1263 1173 1318 leminea
1201 1263 1402 1320 eucharistiam
1417 1263 1448 1318 in
1475 1279 1578 1318 manns
1598 1269 1699 1336 ponat,
1726 1264 1779 1320 sed
1807 1270 1907 1320 unium

150 1351 288 1408 lebranda
302 1355 345 1406 cst
367 1350 489 1406 minime
503 1355 570 1405 ante
599 1350 698 1405 boram
713 1350 771 1405 diei
791 1350 916 1416 tertiam,
936 1349 1004 1421 quia
1057 1351 1089 1406 in
1116 1367 1148 1406 os
1171 1351 1249 1422 ejns;
1266 1351 1291 1406 si
1319 1351 1383 1423 quis
1412 1352 1468 1407 hoc
1494 1351 1736 1423 transgrediatur,
1767 1353 1806 1408 ab
1835 1353 1908 1408 altari

151 1442 251 1497 eadem
277 1440 350 1495 hora
375 1445 404 1495 ct
430 1440 568 1495 Dominus
588 1439 738 1494 crucifixus
755 1444 805 1507 est,
832 1444 860 1493 et
880 1439 1003 1511 Spiritus
1057 1445 1248 1496 removeatur.

150 1534 265 1585 sanctus
281 1529 427 1584 descendit
441 1544 527 1600 super
538 1528 692 1600 apostolos.
709 1527 854 1600 Excipitur
872 1526 902 1582 in
919 1531 1003 1583 nocte
1094 1529 1134 1583 Ex
1147 1527 1266 1584 concilio
1287 1527 1464 1597 Laodicensi,
1480 1543 1542 1600 cap.
1558 1531 1616 1584 29:
1641 1528 1726 1594 Quod
1742 1543 1804 1585 non
1830 1545 1908 1600 opor·

152 1618 258 1674 Natalis
274 1617 396 1672 Domini.
1058 1622 1117 1672 teat
1135 1618 1166 1672 in
1180 1616 1305 1672 ecclesiis
1319 1632 1427 1689 agapea
1443 1616 1517 1685 fieri,
1534 1633 1586 1672 nec
1607 1617 1774 1684 comedere,
1807 1632 1861 1673 nec
1872 1634 1908 1672 ac·

188 1708 226 1760 lix
239 1704 362 1760 concilio
378 1703 580 1771 cabillonensi,
596 1720 657 1775 cap.
675 1706 729 1759 39:
750 1704 849 1759 Visum
864 1708 906 1759 est
920 1704 1005 1759 nobis
1024 1676 1045 1730 B
1059 1706 1172 1763 cubitus
1183 1710 1321 1762 sternere.

150 1799 183 1849 ut
207 1793 341 1848 omnibus
370 1792 522 1847 missarum
552 1792 790 1858 solemnitatibus,
824 1808 877 1863 pro
902 1792 1004 1848 deiun-
1095 1795 1133 1849 Ex
1148 1793 1269 1849 coneilio
1282 1793 1429 1862 Remensi,
1453 1810 1514 1866 cap.
1533 1795 1549 1849 b
1567 1809 1574 1848 ε
1593 1794 1630 1849 Ut
1643 1793 1731 1860 calix,
1746 1799 1779 1850 et
1799 1799 1906 1865 patena,

151 1887 262 1937 olorum
277 1880 436 1952 spiritibus,
462 1882 522 1936 loco
537 1879 713 1951 competenti
740 1880 878 1935 Dominus
898 1882 999 1953 depre-
1058 1882 1153 1938 sinon
1168 1900 1201 1938 ex
1215 1899 1296 1951 auro,
1320 1882 1495 1938 omnimodis
1519 1881 1571 1936 fiat
1584 1899 1618 1936 ex
1633 1889 1767 1954 argento.
1786 1883 1906 1938 Nimium

150 1976 240 2027 cetur.
1058 1975 1155 2027 tamen
1180 1987 1291 2044 pauper
1311 1976 1462 2026 stanneum
1486 1971 1590 2027 habeat
1617 1971 1750 2027 calicem.
1787 1972 1827 2026 Dc
1857 1987 1907 2026 aere

187 2059 337 2132 Dionysius
366 2057 542 2129 areopagita
566 2057 635 2113 dicit
658 2057 851 2130 blasphemias
875 2058 933 2113 Deo
963 2058 1002 2113 fa·
1058 2065 1164 2127 antem,
1189 2061 1233 2117 vel
1263 2060 1415 2127 orichalco,
1432 2060 1476 2115 vel
1490 2060 1581 2131 ligno,
1597 2062 1641 2115 rel
1674 2061 1764 2128 vitro,
1794 2061 1907 2115 nabate-

150 2166 225 2216 cere,
239 2149 289 2221 qui
305 2148 406 2203 missas
421 2146 506 2202 offert
520 2163 572 2218 pro
589 2147 664 2202 malo
680 2147 808 2202 bomine.
1057 2166 1111 2204 nus
1123 2148 1196 2204 calix
1208 2149 1239 2203 iu
1250 2166 1305 2205 usu
1317 2149 1465 2204 habeatur.

185 2238 362 2309 Augustinus
404 2235 472 2291 dicit
501 2251 553 2307 pro
593 2235 728 2290 omnibus
758 2234 928 2291 Christianis
943 2250 1003 2290 esse
1092 2238 1131 2292 Ex
1145 2237 1246 2292 eodem
1262 2236 1405 2292 concilio:
1429 2236 1505 2291 Nihil
1524 2235 1556 2290 in
1582 2236 1667 2292 ellari
1698 2241 1837 2308 ponatur,
1857 2236 1906 2293 uisi

148 2327 328 2393 laciendum3
345 2324 414 2396 quia
427 2324 471 2378 ret
487 2323 528 2378 eis
541 2323 662 2395 prolicit,
679 2328 729 2379 aut
743 2323 937 2389 offerentibus,
954 2328 1005 2378 aut
1056 2342 1150 2397 capsa
1179 2341 1245 2382 cum
1272 2331 1436 2381 sanctorum
1470 2325 1610 2397 reliquiis,
1627 2330 1656 2381 et
1671 2331 1801 2398 quatuor
1821 2327 1902 2382 Eran-

151 2415 355 2488 poenitentibus
369 2412 509 2483 proderit.
1057 2415 1142 2486 galia.

186 2505 226 2559 Ex
241 2501 360 2558 concilio
387 2500 473 2556 Afric.
491 2515 553 2570 cap.
581 2500 640 2555 ct:
667 2500 702 2556 Ut
721 2514 820 2570 preces
847 2502 876 2554 et
898 2500 1003 2572 praela·
1092 2504 1131 2558 lix
1157 2502 1278 2558 concilio
1307 2501 1519 2574 lloguntiensi:
1538 2503 1573 2557 Ut
1595 2501 1662 2557 laici
1690 2502 1771 2558 inter
1794 2503 1907 2559 clericos

150 2592 243 2649 dones
258 2607 317 2647 non
333 2589 522 2652 celebrentur,
539 2588 593 2643 nisi
609 2603 673 2661 qum
688 2587 720 2643 in
739 2587 859 2644 concilio
876 2589 1003 2659 probatae
1055 2608 1108 2647 nec
1123 2592 1158 2647 ad
1179 2591 1301 2663 vigilias,
1318 2607 1371 2646 nec
1384 2590 1421 2646 ad
1437 2591 1548 2659 missas,
1577 2590 1653 2647 iutra
1667 2592 1814 2649 cancellos
1836 2596 1904 2647 stare

150 2681 266 2737 luerint.
1055 2682 1100 2736 vel
1115 2681 1214 2736 sedere
1227 2684 1413 2752 presumant.

185 2770 225 2824 Ex
260 2767 381 2824 concilio
420 2765 593 2822 Nannetensi
631 2780 693 2837 cap.
736 2767 780 2820 30.
814 2763 946 2819 Delinivit
960 2780 1003 2818 sa·
1091 2771 1226 2843 Exempla
1242 2769 1383 2825 Anastasii
1411 2784 1516 2842 papaet
1549 2770 1587 2824 Ex
1604 2768 1765 2840 apostolica
1788 2769 1904 2825 auctori·

149 2874 230 2915 crum
255 2857 407 2912 concilium
432 2862 465 2911 ut
486 2855 582 2910 nultus
604 2853 754 2925 presbyter
778 2853 856 2907 sotus
882 2853 1001 2909 missam
1055 2862 1115 2915 tale
1129 2859 1353 2925 mandamusut,
1367 2859 1436 2914 dnm
1452 2862 1548 2913 sancta
1563 2857 1718 2929 Evangelia
1738 2858 1904 2927 recitantur,

148 2947 294 3003 celebrare
316 2948 487 3018 praesumat;
504 2943 572 3015 quia
597 2947 711 3014 oportet
725 2958 792 2998 eum
810 2941 917 2997 habere
944 2942 999 2998 sibi
1018 2944 1040 3000 D
1056 2949 1151 3003 nullus
1167 2947 1294 3003 sedendo
1312 2946 1427 3002 Domini
1441 2946 1527 3002 rerba
1542 2945 1649 3001 audiat.

148 3036 334 3107 astantemJet
360 3032 590 3104 respondentem.
620 3032 728 3103 Siquis
752 3033 812 3087 haec
837 3034 998 3102 transgres-
1088 3038 1127 3092 Ex
1170 3035 1291 3092 concilio
1318 3034 1499 3090 dusmensi:
1524 3036 1564 3090 Da
1589 3033 1737 3105 opertorio
1768 3035 1906 3091 Dominici

147 3142 195 3182 sus
211 3125 308 3191 inerit,
323 3123 359 3178 ab
373 3122 467 3176 officio
482 3120 682 3191 suspendetur.
1051 3125 1178 3196 corporis
1192 3125 1235 3180 vel
1252 3124 1350 3179 altaris
1365 3138 1513 3195 uunquam
1529 3138 1642 3195 corpus,
1660 3123 1733 3178 dnm
1750 3123 1787 3178 ad
1808 3129 1904 3179 tumn-

185 3217 224 3270 ttx
251 3213 376 3270 Decretis
406 3211 516 3282 Pelagii
542 3225 637 3281 papae,
666 3225 728 3279 cap.
748 3212 787 3264 8:
813 3209 997 3264 Proeiationes
1051 3212 1111 3267 lum
1138 3212 1238 3280 lectur,
1268 3213 1434 3285 obtegatur,
1462 3227 1515 3267 nec
1538 3228 1619 3267 sacro
1653 3212 1811 3282 retemire,
1837 3215 1902 3268 dnm

147 3307 260 3359 tantum
275 3308 342 3356 sunt
363 3298 545 3370 recipiendae.
573 3298 635 3353 Una
649 3296 679 3351 in
704 3296 888 3351 Paschatibus
915 3297 996 3362 albis,
1050 3299 1231 3356 honorantur
1250 3316 1381 3373 corpora,
1406 3301 1573 3372 polluantur
1597 3300 1714 3366 elteria;
1730 3317 1785 3356 nec
1812 3301 1902 3356 addi·

146 3391 204 3447 atta
229 3391 265 3446 dc
291 3388 465 3445 Ascensiena
495 3387 619 3452 Domini,
647 3386 731 3441 tertia
760 3386 791 3441 in
818 3388 995 3442 Pentecoste.
1050 3390 1150 3443 sinum
1176 3388 1369 3444 ministerium
1385 3388 1560 3461 pertinentia
1573 3389 1608 3445 ad
1629 3405 1772 3462 pompam
1794 3391 1899 3462 nuptia·

146 3485 249 3554 quarta
269 3479 299 3534 in
327 3477 420 3533 Natali
449 3476 574 3545 Domini,
610 3475 711 3547 quinta
747 3476 782 3530 de
816 3475 997 3547 apparitione
1049 3492 1115 3532 rum
1130 3479 1311 3548 praestentur.

148 3570 269 3632 Domini,
284 3572 363 3622 sexta
387 3566 422 3621 de
436 3564 584 3638 apostolis,
619 3564 739 3636 septima
756 3564 791 3619 de
810 3568 907 3619 sancta
934 3565 995 3620 Tri·
1085 3565 1260 3636 Augustinus
1285 3564 1321 3620 ad
1351 3566 1521 3621 Casulemm
1550 3565 1776 3637 presbyterum:
1800 3568 1831 3623 tn
1858 3566 1898 3621 his

148 3660 247 3725 nitate,
260 3655 406 3712 octavade
421 3671 514 3723 cruce,
544 3670 621 3709 nona
634 3652 669 3708 de
694 3651 806 3724 jejunio
834 3651 996 3725 quadrage-
1049 3653 1145 3722 rebus,
1159 3655 1195 3709 de
1210 3653 1315 3726 quibus
1330 3653 1402 3709 nihil
1420 3654 1490 3710 certi
1510 3655 1610 3710 statuit
1627 3654 1725 3710 divina
1749 3655 1895 3727 Scriptura,

144 3747 238 3804 simali
262 3750 376 3803 mutum
405 3743 535 3801 dicenda.
560 3745 615 3798 llas
643 3741 825 3814 praelationes
859 3745 937 3795 tenet
968 3747 997 3797 et
1050 3758 1112 3797 mos
1136 3743 1236 3814 populi
1262 3742 1313 3798 Dei
1342 3742 1531 3798 velinstitute
1547 3743 1691 3813 majorum
1710 3745 1840 3815 prolege
1859 3749 1895 3797 te·

143 3838 268 3895 custodit
281 3839 378 3891 sancta
391 3835 521 3891 Romana
536 3833 668 3889 Ecclesia.
686 3833 740 3888 llas
757 3831 899 3888 tenendas
917 3831 996 3887 robis
1048 3833 1143 3888 nenda
1159 3836 1235 3887 sunt.
1252 3832 1295 3900 Et,
1320 3831 1393 3888 sicut
1419 3831 1669 3904 prevaricationes
1683 3832 1844 3888 divinarum
1861 3832 1896 3885 le·

144 3943 206 3984 esse
219 3924 400 3981 mandamus.
1049 3936 1129 3992 gum,
1144 3920 1184 3975 ita
1198 3923 1409 3991 contemptores
1437 3919 1695 3976 ecclesiasticarum
1720 3919 1894 3977 consuetudi-

180 4017 217 4070 Ex
231 4013 351 4069 concilio
370 4011 506 4068 Toletano
533 4026 570 4076 rx,
586 4024 648 4080 cap.
662 4010 680 4063 2
695 4024 704 4069 ε,
719 4007 855 4064 Sacerdos
878 4009 909 4064 in
921 4014 993 4064 tem·
1049 4025 1119 4065 uum
1132 4007 1282 4064 coercendi
1296 4012 1371 4064 sunt.

142 4120 213 4175 pore
238 4104 400 4164 missarum,
435 4102 587 4171 postquam
615 4113 695 4152 sacra
722 4097 858 4170 mysteria
895 4115 994 4153 conse·
1085 4098 1141 4168 (dc
1164 4098 1277 4152 concilio
1313 4097 1515 4164 Aurelianense,
1552 4099 1641 4167 cupite
1676 4100 1717 4165 3.)
1763 4097 1835 4152 Nihil
1871 4095 1896 4148 in

61 4256 65 4263 ¹
141 4205 221 4246 crare
236 4191 363 4262 coeperit,
379 4189 403 4243 si
418 4203 484 4242 eum
498 4187 591 4242 subita
610 4186 762 4241 infirmitas
783 4190 907 4258 coeptum
931 4203 993 4258 per·
1012 4216 1034 4272 D
1050 4183 1168 4239 ecclesia
1193 4184 1306 4255 legatur
1332 4188 1382 4239 aut
1406 4188 1548 4254 cantetur,
1575 4184 1631 4239 nisi
1651 4201 1687 4239 ea
1699 4200 1769 4256 quae
1787 4184 1897 4239 auctori·

141 4295 227 4349 agere
248 4277 424 4350 impedierit,
441 4276 614 4331 sitliberum
637 4275 770 4348 episcopo
794 4275 838 4330 vet
872 4276 992 4348 presby·
1049 4273 1114 4327 tatis
1130 4272 1234 4327 dirinae
1258 4275 1377 4327 suntet
1404 4272 1521 4327 Patrum
1549 4271 1783 4329 orthodoxorum
1815 4271 1897 4328 sanxit

140 4371 202 4422 tero
223 4372 254 4423 ut
277 4367 350 4421 alter
375 4365 618 4420 consecrationem
643 4365 728 4436 coepti
753 4363 840 4419 offleii
869 4364 990 4435 expleat.
1046 4358 1212 4416 auctoritas.

141 4456 213 4510 Nam
228 4456 331 4510 iterata
361 4453 496 4526 mysteria
519 4469 572 4508 nec
596 4452 722 4524 perfecta
736 4452 828 4508 videri
854 4457 992 4524 possunt;
1080 4448 1252 4504 Exconcillo
1277 4448 1451 4517 Laodicensi,
1465 4463 1528 4518 cap.
1552 4450 1610 4505 59:
1635 4449 1669 4504 ln
1694 4451 1818 4506 ecclesia
1844 4464 1896 4504 nou

140 4541 196 4597 nisi
222 4540 405 4614 perlectionis
433 4540 534 4596 ordine
567 4541 773 4612 compleantur.
794 4538 877 4604 Quod
906 4539 993 4595 etiam
1047 4537 1114 4593 licet
1133 4538 1221 4593 libros
1246 4537 1314 4609 tegi,
1344 4537 1400 4591 uisi
1428 4537 1538 4592 Veteris
1560 4540 1589 4592 et
1618 4537 1692 4593 Nori
1717 4539 1894 4595 Testamenti.

139 4631 302 4685 consultum
327 4628 420 4684 cuncti
448 4628 565 4683 ordines
591 4628 761 4683 clericorum
796 4626 919 4681 inditum
949 4627 992 4682 vet
1083 4628 1143 4694 (Ec
1166 4625 1263 4681 demet.
1291 4625 1366 4683 sicu
1376 4626 1482 4697 popa.)
1501 4625 1586 4681 Sacra
1600 4641 1668 4679 rasa
1693 4641 1756 4683 non
1783 4627 1819 4682 ab
1840 4624 1895 4680 aliis

137 4719 281 4774 indultum
295 4734 356 4772 esse
374 4716 500 4772 sibinen
516 4715 675 4786 ambigant,
695 4714 744 4769 sed
766 4713 994 4786 precedentibus
1046 4717 1102 4772 nisi
1118 4733 1135 4770 a
1149 4715 1236 4771 sacris
1249 4714 1318 4770 viris
1337 4720 1504 4772 tractantur.

138 4808 233 4862 statim
249 4807 298 4862 atii
311 4823 363 4878 pro
389 4804 601 4876 complemento
627 4803 791 4858 succedant.
820 4802 877 4857 Nec
896 4805 992 4857 tamen
1083 4806 1220 4877 Exempla
1232 4803 1338 4860 Soteris
1356 4820 1439 4875 papae
1455 4822 1462 4859 ε
1478 4803 1600 4860 Sacratae
1622 4802 1753 4873 leminea,
1778 4805 1822 4860 sel
1840 4819 1893 4859 ιο-

138 4896 215 4968 quod
244 4900 364 4964 naturae,
386 4892 534 4966 languoris
557 4908 652 4960 causa,
681 4891 851 4958 consulitur,
868 4891 899 4945 in
916 4906 993 4962 prae-
1046 4895 1157 4962 nachae,
1173 4908 1342 4960 secravasa,
1358 4893 1402 4947 rel
1425 4907 1519 4947 sacres
1528 4893 1619 4963 pallas
1643 4891 1813 4948 nullalenus
1828 4907 1893 4964 pra·

137 4983 310 5056 sranrptionis
328 4982 485 5054 perniciem
514 4983 706 5035 convertatur.
729 4979 831 5034 Nullus
857 4983 923 5050 post
952 4979 991 5034 ci·
1048 4986 1163 5039 sumant
1186 4981 1365 5053 contingere,
1381 4982 1425 5037 vel
1455 4980 1605 5036 incensum
1632 4981 1710 5036 circa
1735 4981 1835 5037 altaria
1850 4981 1894 5034 de-

137 5071 207 5127 bum
222 5076 391 5142 potumque,
418 5070 477 5125 sive
500 5067 651 5140 quodlibet
664 5067 815 5122 minimum
829 5071 989 5138 sumptum,
1046 5072 1132 5128 farre.

137 5160 237 5216 missas
250 5161 354 5228 facere,
385 5160 550 5230 nullusque,
566 5156 675 5228 absque
690 5156 815 5227 patentis
849 5161 992 5227 proventu
1084 5158 1218 5230 Exempla
1234 5157 1389 5215 Clementis
1404 5174 1506 5230 peprer
1519 5158 1624 5214 Altaria
1647 5158 1739 5231 palla,
1759 5157 1889 5219 cathedra.

137 5248 287 5313 molestias,
304 5247 437 5302 minister
459 5247 504 5302 vel
532 5245 672 5312 sacerdos,
697 5260 764 5300 cum
790 5243 918 5315 coeperit,
937 5244 992 5299 im·
1046 5247 1262 5312 candelabrum,
1285 5250 1314 5301 et
1338 5245 1430 5301 udum
1462 5243 1523 5314 (etc)
1551 5250 1694 5302 vetustata
1731 5248 1889 5315 consumpb

134 5336 262 5411 perlecta
277 5337 371 5392 olltcia
387 5347 545 5407 praesumat
559 5334 677 5390 omnino
692 5333 864 5406 relinquere.
876 5333 907 5389 Si
926 5334 992 5405 quis
1046 5334 1263 5403 comburantur,
1289 5338 1318 5389 et
1344 5332 1417 5389 cinis
1443 5332 1474 5389 in
1498 5333 1605 5390 mundo
1629 5334 1694 5391 loco
1714 5333 1796 5406 juxte
1811 5332 1887 5389 cocle

133 5428 189 5484 hoc
222 5425 376 5481 temerarie
421 5423 647 5497 praesumpserit,
684 5422 990 5479 excommunicationis
1046 5423 1118 5478 siam
1132 5422 1315 5478 recondatur.

151 5515 294 5572 alentiam
309 5512 472 5568 sustinebit.
1083 5512 1120 5565 Ex
1139 5510 1264 5566 Decretis
1281 5508 1387 5566 Getasii
1401 5524 1506 5581 papa:
1524 5508 1608 5566 Gesta
1632 5513 1799 5567 sanctorum
1822 5523 1884 5565 mer
