3878 6112
94 230 141 284 931

625 217 831 276 BllllClllllllll
852 215 1119 275 wouuaclauffls
1138 215 1304 274 nelscoel.

1796 217 1847 269 932

93 352 198 408 dictam
214 348 385 418 sustineant,
404 346 482 402 licita
497 360 564 399 vero
585 343 626 399 eis
651 341 784 413 conjugia
799 356 856 396 non
883 354 934 395 ne·
949 342 976 397 Α
992 345 1070 411 ptem
1098 340 1186 396 laicus
1205 355 1253 395 sax
1272 339 1355 394 annis
1370 337 1516 410 poenitaat.
1531 337 1629 393 Frater
1640 337 1769 393 carnalis
1783 353 1848 392 cnm

93 444 206 511 gentian.

93 530 158 587 Car.
172 528 200 583 L.
213 527 291 583 -Si
317 527 379 595 qais
409 523 442 578 de
469 537 521 577 uno
536 525 565 576 in
590 523 675 575 olium
690 521 869 587 transmiprot
883 519 941 589 epi-

128 604 277 669 scopatum,
305 602 333 650 et
358 596 585 662 consanguineam
611 607 689 646 suom
713 592 853 661 polluerit,
899 589 941 643 vel

129 669 241 739 aliquod
255 671 355 722 crimen
370 667 487 736 capitale
502 665 675 718 commiserit.

129 761 181 829 (Ec
203 757 304 821 eodem,
334 757 423 824 cupite
445 753 500 822 42.)
517 751 545 808 si
567 751 633 822 quis
648 751 682 804 de
709 766 767 805 uno
793 749 822 803 in
852 749 939 802 alivum

92 848 211 905 omnino
235 845 421 915 transmigrat
434 841 643 912 episcopatum,
664 845 692 893 et
706 838 741 899 si,
757 837 833 909 qnod
858 837 940 903 absit,

90 936 237 1008 contingat
251 950 317 988 eum
343 932 434 988 liliam
454 930 560 985 sororis
587 945 655 996 suar,
673 928 779 994 arnitae,
808 931 859 981 aut
880 941 939 980 ma·

92 1030 205 1080 tartara
227 1020 369 1085 avunculi,
392 1021 436 1074 vel
461 1016 556 1089 patrui
575 1016 715 1088 polluere,
742 1020 792 1070 aut
825 1012 942 1086 aliquod

93 1114 201 1169 crimen
218 1110 339 1181 capitale
357 1108 546 1174 committere,
561 1105 710 1177 episcopus
727 1105 757 1159 in
772 1105 853 1174 cujus
873 1107 942 1157 tunc

93 1200 207 1256 dioecesi
235 1201 439 1264 commoratur,
472 1199 501 1250 et
524 1194 574 1249 tali
613 1195 718 1250 scelere
762 1192 940 1258 criminatur,

91 1283 195 1344 habeat
211 1287 303 1357 juset
323 1287 493 1353 potestatem
514 1283 670 1337 secundum
696 1280 863 1337 canonicam
891 1296 941 1334 au-

92 1376 265 1444 ctoritatem,
303 1377 331 1427 et
366 1377 491 1427 nostram
529 1371 695 1443 synodalem
731 1369 942 1425 institutionem

92 1464 266 1536 flagitiosum
293 1477 435 1527 coercere,
458 1465 486 1514 et
514 1460 548 1514 ad
570 1459 768 1530 poenitendum
801 1457 942 1513 emollire.

92 1555 146 1607 Per
162 1568 248 1622 quem
272 1550 350 1604 euim
366 1548 467 1602 melius
482 1547 522 1602 rei
539 1548 642 1601 veritas
672 1547 835 1614 ventilatur,
855 1562 942 1617 quam

92 1657 145 1711 per
159 1641 241 1694 illum
257 1639 308 1693 sub
319 1654 376 1709 quo
392 1637 512 1702 habitat,
527 1635 696 1690 athabitana
711 1635 863 1690 desiderat.

93 1729 161 1785 Car.
184 1728 227 1782 Ll.
242 1756 278 1766 -
295 1729 332 1781 De
357 1725 528 1788 mulieribus,
553 1740 613 1794 qua
635 1723 743 1778 absente
765 1725 864 1778 morito
879 1739 944 1778 con·

289 1799 418 1866 ceperint,
431 1801 455 1850 et
468 1797 562 1862 letum
572 1793 742 1850 sustulerint.

129 1889 183 1953 (Ea
197 1883 458 1950 concitioEliberte.,
478 1885 567 1953 cupite
586 1883 624 1954 3.)
640 1882 669 1937 Si
685 1899 741 1952 qua
763 1882 866 1937 mulier
891 1899 944 1954 per

93 1974 266 2032 adulterium
293 1973 410 2026 absente
429 1971 532 2025 marito
566 1971 737 2040 conceperit,
763 1970 850 2042 idque
880 1975 945 2041 post

92 2062 202 2118 facinus
229 2060 372 2126 occiderit,
399 2058 507 2129 placuit
523 2058 569 2112 vix
598 2059 628 2112 in
644 2058 701 2113 tine
725 2058 849 2114 dandam
883 2074 944 2114 esse

92 2149 334 2214 communionem,
353 2146 478 2218 eoquod
495 2146 684 2216 geminaverit
697 2147 800 2201 scelus.

94 2240 157 2295 Cae.
175 2238 232 2293 Lll.
249 2265 284 2278 -
308 2237 348 2289 Dc
366 2235 422 2290 illis
444 2233 690 2305 mulieribusque
714 2236 784 2289 mole
807 2239 944 2305 conceptos

376 2320 471 2360 necere
490 2305 654 2360 studuerint.

129 2396 182 2469 (Em
197 2397 307 2451 concilio
324 2393 474 2459 Eilerden,
495 2395 584 2462 cupite
607 2393 646 2464 5.)
663 2393 697 2448 lli
721 2409 789 2447 vero
804 2392 854 2464 qni
868 2394 944 2448 male

91 2490 244 2557 conceptos
269 2500 304 2538 ex
334 2482 484 2548 adulterio,
520 2481 618 2551 iactos,
648 2482 691 2536 vel
727 2481 818 2536 editos
843 2497 944 2536 necare

996 429 1085 484 fratre
1113 428 1221 483 carnali
1256 427 1475 483 fornicationem
1502 425 1608 481 faciens
1632 427 1676 481 llll
1700 426 1786 480 annis
1815 426 1850 481 ab

997 519 1077 573 omui
1104 534 1189 574 carne
1219 533 1249 572 se
1276 517 1427 572 abstineat.
1457 514 1487 571 Si
1514 531 1612 570 semen
1637 516 1713 571 inos
1727 515 1849 582 miserit,

996 611 1105 678 septem
1124 622 1216 661 annos
1235 606 1381 676 paeniteat,
1403 604 1452 659 alii
1477 603 1576 660 dicunt
1592 620 1683 675 usqua
1711 605 1744 658 in
1761 603 1849 658 finam

996 696 1062 751 vitae
1076 694 1224 767 poenitere,
1242 695 1355 751 debere.
1381 692 1441 748 Viri
1458 693 1536 748 inter
1554 692 1664 748 lemora
1704 693 1849 747 fornican-

998 793 1049 851 tes,
1073 800 1164 838 unum
1193 799 1301 838 annum
1329 782 1500 854 poeniteant,
1535 781 1559 836 si
1585 781 1723 836 iterantes
1747 781 1781 836 11.
1822 780 1850 835 Si

996 874 1072 928 inter
1086 888 1169 927 crura
1183 872 1367 938 fornicantes,
1383 871 1406 926 si
1426 870 1509 942 pueri
1523 873 1600 938 sunt,
1620 885 1730 925 annum
1758 884 1851 924 unum

996 962 1164 1033 poeniteant.
1185 960 1214 1016 Si
1239 960 1303 1024 viri,
1328 960 1401 1014 duos
1422 974 1522 1014 annos.
1547 958 1576 1013 Si
1601 963 1699 1013 autem
1724 958 1756 1012 in
1783 972 1850 1012 con-

997 1051 1148 1106 suetudine
1170 1056 1223 1118 est,
1254 1048 1356 1103 modus
1381 1047 1559 1119 poenitentia
1587 1047 1711 1102 addatur
1742 1046 1850 1117 judicio

997 1137 1159 1194 sacerdotis.
1190 1137 1238 1191 llir
1261 1136 1449 1207 semetipsum
1475 1135 1675 1207 coinquinans,
1706 1134 1804 1206 primo
1831 1135 1851 1189 d

997 1228 1057 1283 dias
1088 1227 1235 1299 poeniteat,
1270 1231 1298 1281 et
1325 1225 1432 1280 iterans
1458 1225 1499 1279 llll
1522 1224 1590 1279 dies.
1611 1224 1640 1279 si
1665 1239 1732 1278 curu
1761 1222 1851 1294 gradu

997 1325 1049 1387 est,
1081 1318 1204 1374 addatur
1233 1314 1412 1387 poenitentia.
1443 1314 1519 1369 Puer
1549 1314 1592 1369 llll
1629 1327 1774 1368 annorum
1811 1311 1852 1367 tt.

998 1408 1058 1463 dies
1071 1407 1218 1478 paeniteat.
1235 1405 1289 1471 Qui
1310 1402 1485 1474 concupiscit
1500 1406 1594 1457 mente
1622 1400 1773 1466 fornicari,
1806 1399 1852 1454 sed

998 1512 1056 1551 non
1072 1498 1175 1567 poluit,
1191 1493 1286 1549 Xdies
1311 1491 1456 1563 poeniteat.
1482 1489 1535 1555 Qui
1550 1505 1602 1561 per
1641 1488 1852 1560 turpiloquium

961 1585 1042 1674 Bvel
1072 1587 1186 1654 aspectu
1218 1581 1420 1652 coinquinatus
1451 1586 1503 1646 est,
1538 1585 1634 1632 tamen
1662 1594 1724 1632 non
1765 1576 1854 1632 voluit

998 1688 1116 1744 peccare
1145 1670 1342 1742 corporaliter,
1357 1669 1401 1726 llll
1428 1669 1487 1723 dies
1516 1668 1662 1739 poeuiteat.
1690 1666 1722 1721 Si
1757 1671 1852 1720 autem

998 1760 1218 1832 impugnatione
1232 1757 1558 1830 cogitationisviolenter
1577 1755 1783 1827 coinquinatus
1802 1759 1851 1810 est.

997 1850 1043 1906 XX
1056 1850 1117 1905 dies
1131 1848 1278 1921 poenitaat
1301 1844 1355 1911 Oui
1377 1845 1427 1900 diu
1452 1846 1594 1910 {illudetur
1622 1862 1638 1898 a
1666 1844 1851 1915 cogitatione,

998 1939 1123 1994 molliter
1138 1937 1164 1993 ei
1179 1952 1355 2008 repugnans,
1371 1951 1417 1990 sex
1441 1934 1512 1997 dies,
1529 1934 1573 1989 rel
1591 1938 1735 2005 quantum
1756 1948 1853 2003 enega-

996 2025 1217 2082 ritdiuturnitas
1230 2023 1410 2096 cogitationis
1436 2023 1581 2092 poeniteat.
1609 2021 1694 2076 Pueri
1717 2021 1767 2092 qni
1793 2020 1853 2075 ior·

997 2113 1131 2168 nicantur
1152 2113 1229 2166 intra
1242 2111 1417 2181 semetipsos,
1443 2108 1603 2181 judicatum
1627 2112 1679 2175 est,
1706 2113 1739 2161 ut
1765 2125 1852 2179 vapn-

998 2205 1067 2258 lent.
1085 2201 1168 2256 Pueri
1193 2199 1245 2254 soli
1261 2199 1362 2254 dehoc
1389 2199 1466 2252 inter
1493 2213 1523 2252 se
1550 2196 1789 2263 sermocinantes,
1826 2198 1853 2251 ct

997 2290 1242 2361 transgredientes
1270 2291 1376 2342 statuta
1412 2285 1570 2354 seniorum,
1597 2290 1655 2341 tres
1691 2284 1853 2357 superposi-

997 2381 1091 2436 tiones
1105 2378 1253 2449 accipiant.
1281 2377 1416 2433 Osculum
1432 2392 1489 2430 uon
1513 2375 1682 2447 simpliciter
1706 2375 1851 2441 facientes,

998 2468 1125 2541 quinque
1140 2465 1385 2538 superpositiones
1410 2464 1560 2534 accipiant.
1581 2464 1787 2518 llleccbrosum
1807 2478 1852 2515 os-

93 2571 266 2636 studuerint,
289 2571 333 2626 sel
362 2570 393 2625 in
416 2575 515 2625 ventre
542 2577 667 2625 matrum
696 2570 863 2641 potionibus
891 2569 943 2624 ali.
998 2553 1332 2621 culumlacientes‚sine
1355 2552 1621 2623 coinquinamento,
1636 2551 1769 2623 quinque
1791 2549 1849 2606 dies

93 2660 197 2731 qulbus
222 2658 389 2727 colliserint,
410 2658 441 2712 in
468 2664 592 2729 utroque
621 2674 689 2712 seru
712 2659 848 2713 adulteris
880 2663 945 2729 post
998 2645 1166 2716 llfflssllssafll·
1197 2641 1268 2696 cum
1291 2639 1559 2711 0⁰i¹¹ll¹¹l¹¹⁸⁰¹⁰ssl⁰s
1582 2638 1643 2691 ⁵l¹¹⁰
1667 2635 1852 2707 a¹¹¹ll¹⁴³¹¹¹s¹

92 2755 204 2819 septem
233 2763 377 2802 annorum
403 2746 544 2802 curricula
584 2747 749 2802 communio
786 2747 941 2816 tribuatur,
998 2730 1241 2805 ³UP⁰PP⁰³ill⁰¹¹2⁵
1268 2729 1416 2799 accipiant.
1463 2728 1528 2782 9⁰⁵²
1561 2742 1654 2781 “⁰³⁰⁵
1682 2725 1730 2780 XX
1775 2726 1851 2780 idem

92 2837 133 2891 ita
148 2843 257 2906 tamen,
287 2842 319 2891 ut
337 2836 417 2890 omni
445 2840 575 2906 tempora
597 2835 664 2890 vitae
690 2850 748 2890 suae
770 2834 897 2904 fletibus,
914 2840 944 2890 et
998 2821 1218 2884 committentes,
1248 2817 1364 2873 llLdies
1388 2815 1543 2886 separatis
1566 2831 1676 2882 mensa,
1711 2818 1850 2870 extorres-

94 2925 239 2979 humiliati
249 2923 392 2978 insistant.
963 2885 1054 2983 Cque
1077 2910 1112 2964 ab
1122 2905 1254 2975 Ecclesia,
1270 2922 1336 2961 cum
1353 2921 1426 2977 pane
1446 2909 1476 2960 et
1505 2920 1580 2975 aqua
1598 2903 1705 2958 vivant.
1736 2903 1851 2958 ldinime

93 3014 157 3069 cyp,
174 3012 245 3069 ult,
270 3042 304 3052 -
323 3015 361 3067 ne
374 3009 544 3077 mulieribus,
569 3025 629 3080 qun
645 3014 744 3081 parta,-
766 3025 828 3066 suos
844 3011 944 3066 occurre
998 3015 1065 3053 vero
1076 2994 1295 3052 fornicationem
1306 2993 1460 3060 imitantes,
1471 2992 1660 3058 etirritantes,
1672 3007 1704 3045 se
1717 2990 1851 3058 invicem,

430 3083 607 3150 interficiunt.

128 3175 183 3242 (En
206 3173 318 3227 concilio
344 3170 496 3236 Arctoos..
526 3171 615 3238 cupite
641 3167 680 3237 t.)
712 3168 843 3223 Mulieres
867 3185 945 3240 qure-

92 3259 169 3329 dam,
185 3264 218 3313 ut
238 3258 410 3325 andivimus,
438 3273 502 3328 quae
517 3272 551 3311 ex
576 3256 763 3312 fornicatione
779 3257 944 3327 concipiene

90 3353 142 3410 tes,
155 3351 314 3402 metuentes
343 3362 379 3401 ne
403 3345 494 3400 scelus
520 3344 599 3416 quod
622 3344 731 3399 occulte
759 3349 944 3415 perpetrave-

91 3441 169 3502 runt,
186 3435 369 3490 manifestum
398 3433 490 3503 tieret,
512 3433 635 3488 intentes
659 3449 731 3504 quos
759 3438 943 3505 pepererunt,

92 3524 268 3591 occiderunt,
285 3528 313 3578 et
327 3528 410 3578 terra
435 3521 568 3593 congerie
593 3526 815 3593 cooperuerunt,
837 3527 886 3577 aut
913 3521 944 3577 in

90 3613 389 3685 aquasprojecernnt.
404 3611 485 3677 Quod
514 3616 656 3683 quantum
680 3609 760 3665 netas
788 3610 835 3677 sit,
864 3627 945 3666 cano-

91 3718 141 3757 nes
156 3702 301 3771 Ancirani,
317 3699 498 3764 llliberitani,
516 3706 602 3772 atque
618 3699 792 3755 Hilardensis
816 3700 942 3768 concilii,

89 3795 174 3846 testes
187 3796 263 3846 sunt.
281 3792 329 3846 llis
340 3791 437 3862 itaque
451 3790 496 3844 vix
514 3790 543 3844 iu
559 3789 617 3844 line
630 3789 755 3844 dandam
779 3805 840 3844 esse
864 3805 942 3844 com·

90 3880 260 3935 munionem
274 3880 440 3945 decernunt,
456 3877 506 3933 sed
520 3878 675 3933 humanius
690 3881 854 3946 tractantes,
879 3882 944 3948 post

89 3967 246 4022 decennem
270 3949 470 4038 paenitentiam
494 3967 564 4020 tales
578 3966 687 4036 placuit
707 3966 742 4022 ad
767 3965 945 4022 communio.

998 3087 1047 3142 sed
1062 3083 1241 3156 coinquinati
1266 3098 1325 3138 non
1341 3085 1417 3151 sunt,
1446 3085 1566 3152 propter
1579 3079 1670 3134 atatis
1706 3078 1851 3133 matarita-

999 3173 1272 3245 tem,ssagellentur.
1288 3170 1398 3226 sivero
1418 3169 1593 3240 frequenter,
1611 3167 1735 3222 addatur
1756 3182 1849 3237 poena.

999 3263 1162 3318 Puerianta
1176 3261 1218 3315 llll
1241 3275 1332 3315 annos
1356 3257 1530 3313 seinvicem
1551 3256 1686 3312 manibus
1717 3254 1849 3327 coinqui-

998 3356 1111 3416 nantes,
1147 3354 1176 3404 ct
1189 3347 1336 3404 confessi:
1367 3351 1522 3418 antequam
1554 3345 1772 3399 communicent
1812 3343 1851 3398 xx

999 3441 1060 3495 dies
1077 3438 1244 3510 poeniteant.
1270 3436 1299 3491 si
1323 3434 1492 3491 iteraverint
1514 3439 1580 3505 post
1600 3433 1814 3504 paenitentiam,
1834 3432 1852 3488 C

998 3529 1069 3584 dies.
1083 3527 1112 3583 si
1126 3541 1194 3581 vero
1209 3524 1397 3596 frequentius,
1420 3528 1598 3595 separentur,
1622 3528 1652 3577 at
1667 3538 1778 3577 annum
1799 3537 1852 3592 pce

998 3618 1119 3673 niteant.
1132 3617 1206 3671 Puer
1215 3630 1367 3686 oppressus
1378 3629 1394 3668 a
1404 3610 1619 3684 majoreinirall
1635 3610 1852 3676 annos‚hebdo·

999 3705 1114 3761 madum
1134 3703 1248 3774 jeJnnet
1264 3718 1271 3757 ε
1288 3702 1311 3756 sl
1326 3701 1469 3756 consentit
1486 3702 1527 3756 XX
1543 3700 1603 3754 dias
1619 3717 1625 3754 :
1644 3699 1741 3755 mollis
1755 3704 1851 3754 autern

999 3809 1107 3850 annum
1123 3791 1272 3863 paeniteat.
1293 3789 1347 3855 Oui
1369 3790 1399 3844 in
1413 3788 1520 3845 somnis
1543 3788 1702 3842 voluntarie
1728 3789 1852 3858 pollutus

999 3887 1051 3950 ast,
1083 3882 1190 3952 surgat,
1220 3884 1249 3934 et
1272 3883 1367 3934 cantet
1381 3878 1502 3951 genibus
1525 3877 1605 3932 flexis
1629 3877 1675 3931 llll
1693 3876 1767 3931 Psal.
1801 3878 1850 3930 Vo-

998 3969 1100 4026 lensin
1120 3983 1220 4023 somno
1233 3982 1361 4039 peccare,
1387 3967 1428 4022 XX
1444 3966 1517 4020 Psal.
1546 3971 1649 4020 cantet.
1665 3964 1697 4019 si
1727 3964 1851 4035 pollutus

1000 4059 1115 4115 estsine
1129 4057 1276 4111 voluntate
1290 4056 1334 4111 xv
1348 4054 1421 4110 Psal.
1442 4059 1549 4121 cantet,
1573 4057 1602 4108 et
1615 4051 1645 4106 in
1669 4052 1728 4106 fine
1753 4054 1852 4108 nnius·

955 4149 1134 4233 „cujusque
1164 4145 1269 4200 Psalmi
1303 4142 1378 4198 dicat
1403 4149 1470 4199 ter:
1496 4143 1580 4211 neus,
1603 4141 1633 4194 in
1673 4141 1849 4211 adjutorium

126 4233 165 4286 lle
189 4231 359 4286 mulieribus
381 4245 446 4300 quae
481 4229 670 4296 tornicantur,
696 4233 724 4285 et
750 4234 849 4300 partus
873 4246 939 4286 suos
994 4252 1093 4293 meum
1121 4234 1249 4301 intende,
1265 4238 1293 4288 at
1321 4231 1441 4304 reliqua.
1467 4231 1521 4295 Qui
1540 4246 1638 4285 seman
1659 4229 1691 4284 in
1727 4229 1849 4284 Ecclesia

89 4322 201 4386 necant,
221 4319 264 4372 vel
290 4334 354 4390 quae
375 4321 475 4387 agunt,
498 4332 605 4379 secum.
628 4322 661 4372 ut
681 4322 762 4372 utero
789 4326 940 4390 conceptos
995 4324 1140 4383 dormiens
1154 4321 1268 4389 fuderit,
1280 4320 1539 4391 tresdiesjcjuuet,
1556 4318 1714 4391 Episcopus
1730 4317 1848 4373 fornica·

89 4409 241 4473 etculiassb
258 4409 375 4477 antiqua
391 4405 510 4477 quidem
525 4406 654 4461 deflssiliss
669 4423 763 4478 usque
778 4408 811 4464 td
832 4409 939 4464 exilum
994 4413 1103 4470 tionem
1113 4411 1330 4466 lacienscontra
1340 4406 1677 4479 naturam,degradetur,
1688 4409 1717 4461 et
1739 4406 1847 4461 duode-

89 4497 153 4549 vitae
186 4511 233 4548 eas
264 4494 298 4548 ab
332 4493 454 4549 Ecclesia
480 4500 617 4549 removet.
653 4496 810 4549 Eumenius
843 4501 940 4550 autem
994 4501 1049 4556 cim
1063 4515 1153 4555 annos
1168 4498 1312 4569 poeniteat.
1330 4497 1482 4567 Presbyter
1496 4502 1547 4551 aut
1559 4495 1709 4560 diaconus,
1727 4494 1847 4549 fornica·

87 4600 165 4638 nuuc
180 4582 343 4650 delinimus,
366 4589 397 4638 ut
412 4583 453 4639 eis
478 4585 500 4641 x
519 4599 662 4639 annorum
684 4588 809 4655 tempus,
835 4600 938 4640 secun·
994 4590 1104 4644 tionem
1120 4592 1218 4641 contra
1229 4590 1362 4641 naturam
1374 4584 1489 4652 taciens,
1501 4583 1620 4654 praelato
1637 4588 1704 4637 aute
1716 4581 1848 4637 monachi

88 4673 155 4727 dum
177 4672 307 4744 praellxos
321 4672 427 4743 gradus
441 4673 768 4744 poenitcntialarglatur.
993 4681 1070 4746 roto,
1088 4676 1290 4747 degradentur,
1307 4678 1335 4729 et
1352 4674 1479 4728 Vannos
1497 4672 1666 4743 poeniteant,
1684 4676 1714 4725 et
1735 4669 1847 4724 veniam

302 4761 366 4815 Cae.
390 4761 441 4816 LV.
464 4792 498 4801 —
517 4763 555 4815 De
575 4763 667 4816 comm
686 4778 725 4816 re.
994 4766 1073 4821 omni
1088 4766 1159 4820 bora
1174 4768 1284 4836 rogent,
1296 4767 1325 4817 at
1354 4761 1616 4833 superpositionem
1638 4759 1797 4831 patiantur,
1819 4759 1848 4813 in

123 4854 175 4918 (Ea
190 4852 300 4907 coercitio
327 4852 464 4919 Aurelia,
480 4854 568 4920 capite
598 4850 650 4921 lo.)
675 4850 705 4907 Si
729 4850 779 4922 qui
799 4850 939 4907 infantem
994 4869 1167 4926 unaquaque
1208 4850 1399 4918 hebdomada,
1429 4849 1555 4921 exceptis
1598 4847 1848 4921 quinquagesimis

86 4940 292 5013 oppresserint,
310 4945 367 4995 tres
383 4955 473 4994 annos
487 4939 668 5009 poeniteant:
686 4955 777 4994 unum
801 4955 835 4994 ex
850 4939 895 4994 his
907 4940 938 4994 in
993 4942 1102 4997 diebus.
1117 4943 1183 4997 Post
1192 4939 1464 5012 superpositionem,
1484 4954 1558 5010 pane
1569 4937 1593 4992 si
1604 4930 1759 4991 emensura
1771 4941 1848 4990 utan-

87 5046 171 5101 pane,
193 5035 220 5083 et
244 5045 327 5100 aqua.
350 5028 379 5083 st
402 5027 523 5083 clericus
548 5027 656 5096 iecerit,
683 5032 809 5100 quatuor
834 5043 937 5100 annos,
992 5036 1049 5098 tur,
1066 5036 1094 5086 et
1121 5028 1261 5085 ferculum
1282 5028 1465 5100 aliquatenus
1483 5027 1588 5098 butyro
1610 5023 1804 5096 impinguato,
1820 5024 1849 5078 el

88 5135 177 5172 unum
197 5134 231 5172 ex
245 5117 288 5171 bis
303 5117 334 5170 in
351 5133 424 5186 pane
437 5120 466 5171 et
481 5132 565 5187 aqua.
993 5118 1197 5175 dieD0minic0
1221 5117 1261 5172 sic
1285 5117 1390 5172 vivant.
1415 5113 1531 5171 Crateris
1552 5129 1620 5169 vero
1639 5112 1742 5168 diebus
1767 5110 1848 5184 paxi-

229 5205 293 5260 Cne.
312 5205 376 5259 avt.
397 5235 431 5245 —
448 5208 484 5260 lle
498 5205 661 5259 Sodomitico
674 5208 793 5274 peccato.
992 5207 1063 5262 mati
1091 5207 1174 5278 panis
1200 5221 1347 5274 mensura,
1371 5208 1399 5259 et
1421 5219 1510 5275 parvo
1538 5201 1719 5272 impinguate
1744 5200 1847 5272 butyro

122 5293 177 5360 (Ec
206 5294 387 5348 Punitentioli
413 5294 557 5363 llomono.)
587 5292 744 5363 Episcopus
772 5292 937 5351 fornicatio·
997 5296 1086 5362 olera,
1116 5299 1145 5349 et
1171 5295 1231 5348 ovis
1254 5292 1364 5365 paucis,
1400 5298 1429 5347 et
1450 5290 1600 5346 formatico
1619 5288 1800 5358 reficiantur,
1820 5290 1848 5343 et

88 5397 153 5437 nem
175 5381 456 5436 laciensnaturalem
470 5383 620 5437 llllannos
647 5382 794 5452 paeniteat,
815 5385 937 5456 presby·
991 5397 1074 5455 aquae
1099 5385 1211 5437 tantum
1237 5386 1378 5453 quantum
1407 5379 1530 5434 sufficiat
1560 5378 1585 5435 si
1614 5378 1765 5451 operarius
1793 5380 1845 5433 est

87 5470 173 5538 terli,
200 5468 336 5525 diaconus
359 5470 403 5538 lx,
425 5470 614 5526 subdiaconus
642 5474 717 5535 octo,
743 5469 863 5526 clericus
891 5488 934 5525 se·
990 5471 1091 5527 Lectus
1121 5470 1198 5525 enim
1225 5484 1283 5525 non
1313 5469 1438 5523 multum
1465 5467 1575 5524 furnum
1602 5465 1717 5533 habeat,
1740 5469 1768 5520 et
1796 5480 1846 5537 per

88 4073 155 4111 nern
171 4057 277 4128 recepi.

304 4143 367 4201 Car.
391 4142 456 4197 LlV.
473 4171 507 4184 -
522 4146 559 4196 De
578 4141 671 4196 eodem
685 4157 724 4196 re.
