3894 6120
377 308 622 372 necandorum
643 313 738 371 [lant
758 314 816 370 XX.
839 340 873 352 -
894 313 1001 370 LIBER
1021 313 1173 371 DECIMUS
1191 316 1350 375 TERTIUS.
1688 330 1739 384 886

70 436 129 508 ipsi
157 435 220 490 dics
245 434 362 490 decime
385 437 454 491 suut
479 436 559 491 anni.
580 439 602 490 Α
622 437 716 507 prima
744 433 1078 508 igituracar.v1.-
1101 439 1137 492 Dc
1165 438 1268 493 letauio
1289 441 1393 522 arctiore
1422 444 1552 511 quomodo
1572 446 1741 501 obseruando

70 525 130 580 nica
155 523 392 595 Quadragesimae
417 539 508 593 usque
533 525 563 578 in
589 526 695 579 Pascha
721 522 841 579 Domini
1294 517 1340 566 ett-

70 613 254 669 aebdomadae
293 615 506 683 computantur,
548 610 671 684 quarum
702 611 841 668 videlicet
931 594 985 664 (Eae
1009 597 1275 666 ⁶⁰²²02'12'0M091l'15o
1302 600 1452 670 61113186)
1475 602 1585 658 Placuit
1609 603 1742 659 ¹1⁰bi³11l

70 718 93 757 ῃ
115 719 151 757 η
166 707 194 756 et
219 718 239 756 11
254 701 337 755 fiunt,
365 702 402 754 Ex
418 700 523 771 quibus
539 701 608 755 dum
632 717 680 756 501
695 701 756 755 (1105
782 701 839 755 po.
894 683 1001 739 letanie
1024 687 1118 756 major
1145 686 1319 743 observanda
1343 690 1380 744 sit
1400 708 1417 745 a
1439 692 1546 747 cunctis
1573 693 1742 748 Christianis

70 790 281 847 iabstinentiae
307 788 527 858 subtrahuntur,
544 805 604 843 non
623 790 687 860 plus
703 788 732 841 in
748 786 839 841 absti-
893 787 952 826 ⁰¹1⁰
977 772 1024 828 die
1047 789 1085 826 tn
1103 774 1202 828 Kalen·
1229 776 1293 843 Mai,
1320 777 1392 833 sicui
1419 779 1450 833 in
1465 781 1594 836 Romane
1617 781 1743 836 Ecclesia

70 897 80 935 ι
104 896 193 952 quam
215 878 337 949 triginta
362 881 389 930 et
408 892 457 931 sex
482 877 543 932 dies
567 880 726 931 remanent,
751 873 839 931 verbi
894 861 1080 917 constitutum
1104 862 1274 932 reperimus,
1291 869 1319 920 et
1337 865 1411 921 sicut
1425 868 1516 921 sancti
1537 869 1635 923 Patres
1651 870 1742 924 nostri

70 1011 72 1023 .
99 984 107 1024 ι
137 968 161 1022 ιι
192 983 244 1038 per
276 982 373 1020 cccxcv
408 964 469 1019 dies
501 980 594 1020 annus
627 965 750 1031 ducitur,
785 979 839 1017 nos
893 951 1124 1006 constituerunt:
1144 968 1201 1006 non
1215 954 1379 1023 equitando.
1398 972 1457 1010 non
1467 957 1603 1027 preciosis
1618 958 1742 1013 vestibus

70 1074 77 1112 ι
110 1071 162 1128 per
184 1072 240 1109 m
263 1059 292 1108 et
314 1069 342 1106 ῃ
375 1052 435 1108 dies
459 1052 626 1124 affligimur,
661 1052 744 1124 quasi
768 1052 839 1106 anni
892 1038 996 1107 induti,
1022 1040 1118 1095 cinere
1141 1043 1274 1131 respersi,
1292 1049 1320 1099 et
1343 1044 1435 1099 cilicio
1457 1045 1561 1115 induti,
1584 1046 1742 1102 nisiinlir-

70 1161 109 1200 tas
131 1146 188 1199 Deo
214 1145 325 1198 damus.
356 1142 388 1194 Et
403 1146 435 1196 ut
457 1156 536 1195 sacer
550 1157 687 1195 numerus
712 1141 838 1212 quadra·
892 1126 1167 1199 11111181ΠΨθᾶῑθΓῙῑ·

91 1232 205 1288 dierum
234 1218 438 1301 adimpleatur,
468 1246 555 1300 quem
587 1229 715 1285 Salvator
740 1235 838 1285 noster
1028 1233 1093 1288 CAP.
1109 1234 1169 1291 vll.
1188 1239 1274 1290 —De
1283 1236 1390 1305 jejunio
1414 1237 1601 1304 Rogationem.

70 1337 129 1376 toro
151 1319 264 1391 jejunio
286 1324 509 1384 consecraverat,
535 1322 659 1389 quatuor
674 1318 735 1372 dies
757 1318 837 1389 prio·
928 1319 982 1390 (Ee
996 1322 1108 1376 concilio
1122 1324 1280 1389 Aurelian„
1304 1325 1445 1395 capitoli.)
1461 1326 1543 1392 Cum,
1561 1327 1741 1398 exigentibus

70 1408 228 1464 :bdomadoe
245 1408 281 1462 ad
304 1407 538 1477 supplementum
558 1406 748 1477 quadraginta
773 1407 837 1461 die·
891 1409 1024 1478 peccatis,
1055 1409 1210 1465 Galliarum
1241 1412 1343 1482 populi
1368 1412 1504 1482 lnporum
1531 1412 1610 1467 rabie
1638 1413 1742 1468 acriter

70 1498 216 1563 clienter,
231 1495 262 1550 id
279 1500 320 1549 est
334 1499 435 1566 quarta
450 1494 531 1561 feria,
557 1510 622 1564 quae
637 1500 725 1565 caput
736 1494 837 1566 jejunii
890 1496 1135 1566 interimerentur,
1157 1514 1211 1553 nec
1224 1499 1311 1568 hujus
1324 1499 1432 1569 flagelli
1447 1501 1563 1571 aliquod
1580 1502 1741 1556 remedium

70 1590 163 1651 teitu,
190 1583 336 1654 etquinta
356 1582 428 1636 feria
451 1597 586 1653 sequens,
602 1586 677 1636 sexta
693 1582 837 1637 etsabba·
891 1585 1015 1640 inveniri
1056 1592 1162 1656 posset,
1195 1586 1361 1658 congregati
1401 1588 1555 1643 traduntur
1585 1589 1741 1644 Galliarum

70 1672 132 1728 Nisi
158 1673 228 1727 istos
245 1675 368 1742 quatuor
383 1671 443 1724 dies
458 1669 656 1741 superioribus
675 1670 793 1741 triginta
809 1676 836 1725 et
892 1674 1020 1745 episcopi
1043 1676 1119 1746 apud
1134 1676 1274 1730 Viennam
1297 1675 1407 1741 urbem,
1435 1681 1520 1747 atque
1537 1677 1567 1730 ιιι
1588 1693 1741 1731 commune

72 1762 284 1833 djunxerimus,
311 1759 503 1830 quadraginta
527 1759 588 1813 dies
608 1759 639 1812 in
664 1759 837 1814 abstinentia
892 1768 1064 1830 statuerunt,
1081 1771 1113 1818 ut
1128 1764 1447 1835 triduanamjejunium
1463 1765 1598 1820 lacerent.
1611 1766 1742 1837 Cumque

70 1851 213 1905 aebemus.
230 1849 370 1903 labemur
391 1848 477 1902 eliam
505 1848 541 1902 ab
557 1847 750 1918 omnipotenti
766 1849 836 1918 Deo,
891 1850 1031 1906 Dominus
1054 1857 1165 1921 pestem
1189 1852 1412 1907 misericorditer
1433 1853 1606 1921 abstulisset,
1631 1854 1662 1908 lii
1681 1854 1742 1908 dies

70 1954 114 1994 tm
143 1937 286 1991 bonorum
314 1940 479 1990 nostrorum
505 1934 632 1989 decimas
655 1936 734 1990 dare·
761 1934 839 1998 Qua·
891 1940 922 1994 iu
949 1939 1187 1994 consuetudinem
1211 1956 1313 1994 annuae
1335 1940 1509 1996 celebritatis
1536 1946 1688 2011 venerunt,
1711 1949 1744 1996 ut

70 2043 101 2081 er
118 2030 149 2079 ut
163 2025 256 2078 omnis
280 2024 391 2078 decime
406 2040 422 2077 a
437 2022 522 2078 nobis
544 2024 603 2077 Deo
623 2022 678 2078 rite
693 2021 838 2094 persolva·
891 2044 943 2100 per
966 2027 1121 2083 Galliarum
1143 2029 1313 2100 provincias,
1332 2034 1398 2084 ante
1422 2030 1604 2085 Ascensionis
1626 2029 1742 2085 Domini

70 2114 193 2170 ollamus
217 2112 355 2167 decimam
370 2112 449 2177 enni,
471 2118 499 2166 el
514 2112 546 2166 in
561 2129 593 2166 ea
609 2116 725 2182 peccata
739 2115 838 2166 nostra
892 2118 968 2172 diem
990 2117 1215 2172 celebrarentur.
1243 2119 1369 2187 Agamus
1382 2122 1411 2172 et
1434 2134 1485 2172 nos
1508 2119 1562 2173 hos
1589 2118 1650 2173 dies
1674 2133 1742 2172 cum

71 2203 158 2270 endo,
186 2201 357 2271 corrigendo
385 2217 454 2266 nos,
476 2200 652 2272 jejunando,
678 2199 836 2271 vigilando,
892 2221 1006 2260 summa
1038 2204 1199 2260 reverentie
1225 2210 1253 2260 et
1282 2206 1442 2272 devotione,
1476 2223 1541 2260 cum
1565 2206 1743 2261 abstinentia

70 2309 103 2359 o,
143 2291 337 2360 eleemosynas
368 2288 527 2360 largiendo,
564 2289 776 2360 abstergamus,
809 2290 839 2341 et
892 2294 996 2362 carnis,
1014 2298 1043 2348 et
1055 2294 1219 2348 bumilitate
1234 2295 1337 2362 cordis,
1354 2311 1411 2349 non
1427 2300 1459 2349 ut
1474 2295 1630 2350 visibilium
1652 2296 1742 2367 lupo-

70 2396 97 2435 m
112 2385 241 2434 nostram
264 2377 451 2446 decimemus,
476 2382 509 2433 ut
525 2380 563 2435 ad
578 2383 710 2434 sanctum
729 2376 837 2433 Pascha
891 2399 957 2438 rum
979 2381 1089 2436 rabiem
1117 2383 1282 2452 evadamus,
1298 2383 1347 2437 sed
1366 2389 1400 2438 nt
1418 2383 1616 2450 invisibilium,
1639 2383 1669 2439 id
1688 2387 1742 2450 est,

70 2468 406 2540 ipervenirepossnmus.
891 2471 1046 2542 spirituum
1072 2471 1290 2525 immundorum
1314 2476 1492 2526 tentamenta
1510 2473 1623 2527 vincere
1648 2472 1742 2526 valea·

76 2579 141 2635 ggp,
158 2577 242 2632 11„-
258 2576 296 2632 pe
306 2576 415 2646 jejunio
428 2575 554 2642 Quaem„-
570 2579 740 2646 femorum,
891 2577 966 2614 mus.
993 2559 1095 2614 Nullus
1111 2565 1207 2614 autem
1232 2559 1277 2613 his
1291 2559 1392 2614 diebus
1407 2560 1583 2616 vestimentis
1596 2559 1743 2632 -preciosis

70 2686 210 2741 :coneilio
234 2685 364 2753 lloquut,
387 2684 477 2752 capite
499 2685 543 2756 2.)
571 2684 787 2749 Censtituimus,
805 2686 837 2736 ut

70 2789 108 2830 tor
129 2779 260 2845 tempora
274 2773 350 2840 anni,
368 2773 404 2827 ab
419 2772 558 2827 omnibus
575 2789 640 2827 cum
654 2771 767 2843 Jejunio
782 2770 837 2825 ob-

70 2867 147 2930 atur,
171 2862 268 2929 idest,
292 2862 321 2916 in
345 2860 456 2925 ldartio,
479 2859 659 2916 bebdomada
683 2862 787 2932 prima.
804 2861 836 2915 ln

73 2951 232 3019 ,secunda
250 2951 283 3004 ln
302 2948 490 3019 Septembris,
516 2950 611 3005 tertia.
629 2949 660 3003 ln
676 2947 835 3017 Decembri,

70 3058 91 3095 a
107 3056 115 3094 ι
132 3056 196 3110 quae
219 3038 304 3094 luerit
318 3040 407 3109 plena
426 3041 490 3091 ante
510 3037 639 3108 vigiliam
653 3038 760 3093 Natalis
786 3039 838 3092 Do

70 3175 72 3191 ‚
101 3129 131 3184 id
160 3135 212 3195 est,
240 3128 310 3183 feria
337 3132 451 3199 quarta,
475 3132 504 3180 et
529 3132 617 3196 serta,
645 3133 675 3182 et
702 3128 836 3184 sabbato.

70 3223 111 3272 tnt
134 3233 233 3271 omnes
258 3217 293 3272 ad
313 3215 467 3270 Ecclesiam
491 3215 563 3270 hora
592 3233 677 3285 nona,
702 3233 768 3272 cum
796 3216 837 3271 le·

70 3324 75 3360 ι
91 3307 125 3361 ad
142 3306 292 3360 missarum
308 3303 458 3360 solemnia.

69 3413 117 3468 lll.
133 3442 168 3451 -
182 3413 238 3478 Quo
262 3417 379 3482 tempore
394 3410 431 3464 od
450 3411 561 3464 missam
577 3412 726 3465 flectamus
743 3425 838 3481 genua

324 3483 382 3536 dici
396 3481 499 3535 debeat.

70 3605 76 3643 ι
100 3591 211 3644 concilio
238 3589 395 3653 Aurelian,
423 3588 510 3657 capite
536 3586 590 3656 ll.)
618 3588 653 3642 Ut
679 3586 838 3658 presbyteri

70 3678 123 3732 bas
146 3678 329 3743 annuntient,
356 3676 434 3747 quod
455 3677 485 3729 iu
511 3675 734 3746 Quadragesima
758 3680 785 3728 et
807 3674 838 3728 in

70 3766 99 3820 io
110 3767 238 3831 Quattuor
248 3767 423 3836 Temporum
431 3764 632 3818 tantummodo
640 3764 674 3818 ad
686 3763 838 3817 missarum

70 3854 132 3909 ania
146 3870 240 3925 genua
254 3854 368 3908 flectere
382 3851 514 3907 debcant.
530 3852 562 3905 ln
578 3851 734 3906 Dominicis
751 3866 838 3905 econ·

70 3940 162 3996 liebus
187 3941 231 3994 rel
256 3940 366 3994 caeteris
391 3938 480 4006 lestis,
506 3953 523 3991 a
548 3953 666 4010 vespera
689 3953 780 4009 usque
807 3937 838 3991 in

70 4043 139 4082 eram
160 4045 219 4083 non
234 4029 351 4083 flectunt
375 4042 480 4098 genua,
504 4025 555 4080 sed
570 4029 677 4080 stanles
697 4024 839 4080 incurvati

70 4132 83 4185 ·,
108 4117 335 4187 necquicquam
357 4130 414 4169 uno
430 4130 507 4185 genu
531 4113 674 4168 solotenus
699 4113 839 4184 impresso

70 4223 74 4256 ι
95 4209 263 4274 praesumat,
291 4203 365 4258 sicut
389 4202 480 4259 Judaei
499 4202 651 4256 irridentes
683 4201 838 4256 Dominum

70 4291 172 4346 lesione
188 4294 250 4363 ejus
264 4291 364 4347 fecisse
379 4291 527 4360 leguntur,
545 4291 593 4345 sed
609 4293 730 4360 utraque
743 4303 838 4359 genua
853 4271 875 4325 ⁰

70 4378 167 4450 eligat.
183 4381 230 4436 att
255 4380 333 4436 enim
356 4379 510 4450 Apostolus
526 4394 533 4432 ε
550 4378 643 4432 Flecto
664 4392 759 4448 genua
773 4392 838 4431 mea

70 4472 154 4522 ttrem
172 4467 286 4522 Domini
298 4466 387 4521 nostri
401 4467 468 4522 lesu
483 4465 596 4521 Christi.

71 4575 117 4631 IV.
141 4605 176 4614 —
192 4575 233 4629 De
254 4575 311 4629 illis
340 4575 388 4641 qui
409 4571 543 4697 tptttietum
559 4571 697 4642 jejunium
719 4575 837 4625 coutem-

358 4658 473 4713 paena.

70 4735 209 4788 ccottcilio
231 4735 364 4800 blegent,
392 4734 482 4801 capite
506 4729 543 4801 5.)
559 4730 588 4785 si
608 4730 673 4801 quis
698 4729 838 4784 indictum

70 4823 132 4877 ium
162 4821 354 4894 superbiendo
384 4819 600 4888 contempserit,
630 4823 660 4873 et
688 4818 839 4874 observare

71 4911 182 4966 caeteris
207 4909 374 4966 Christianis
394 4908 530 4976 noluerit,
548 4908 578 4963 in
594 4908 752 4979 Gangrensi
766 4924 839 4963 con-

72 5000 248 5071 prsecipitur‚
264 5003 296 5052 ut
309 4996 576 5051 anathematizetur.
587 5008 590 5014 ·

228 5105 292 5159 Car.
312 5103 342 5158 V.
357 5131 393 5144 -
407 5105 443 5157 De
454 5102 547 5158 eedem
559 5118 597 5157 re.

70 5225 83 5263 c
106 5211 218 5264 concilio
241 5210 392 5276 Gouqren,
417 5209 505 5276 capite
532 5210 586 5275 19.)
611 5206 719 5277 Siquis
740 5222 839 5262 eorum

70 5298 252 5352 continentiae
276 5297 401 5363 student,
424 5295 532 5368 absque
554 5297 721 5351 necessitate
736 5313 839 5368 corpo:

76 5386 182 5440 tradita
204 5385 235 5439 in
250 5400 401 5439 commune
413 5385 533 5455 jejunia,
550 5390 579 5439 ct
598 5385 634 5438 ab
652 5385 774 5439 Ecclesia
791 5401 840 5440 cu-

70 5479 97 5527 ta
122 5473 316 5544 superbiendo
342 5471 479 5540 dissolvit,
505 5472 622 5526 stimulo
651 5487 710 5525 suae
732 5471 841 5542 cogita-

70 5578 80 5615 s
94 5561 246 5631 impulsus,
262 5561 416 5616 anathema
429 5559 477 5616 sit.

892 2649 1050 2704 induatur:
1068 2649 1137 2720 quia
1156 2650 1186 2703 in
1213 2665 1292 2703 sacco
1308 2654 1335 2703 et
1348 2649 1443 2704 cincre
1469 2650 1569 2721 lugere
1592 2650 1741 2705 debemus.

891 2737 1100 2794 prohibeantur
1136 2737 1298 2805 ebrietates,
1328 2742 1357 2792 et
1384 2739 1647 2807 commessationes,
1676 2753 1742 2808 quae

890 2827 966 2881 llunt
977 2827 1008 2880 in
1031 2826 1143 2896 vulgari
1157 2827 1251 2897 plebe.
1269 2827 1358 2881 Nemo
1375 2826 1416 2881 ibi
1432 2828 1560 2898 equitare
1572 2830 1740 2898 presumat,

891 2916 940 2970 sed
955 2913 1125 2969 discalciatis
1141 2914 1262 2985 pedibus
1278 2931 1378 2969 omnes
1393 2915 1536 2970 incedant.
1553 2917 1742 2988 Nequaquam

852 2998 874 3054 C
891 3003 1068 3059 mulierculae
1093 3004 1194 3058 choras
1215 3004 1320 3059 ducant
1336 3019 1343 3058 τ
1359 3005 1406 3059 sed
1428 3021 1527 3059 omnes
1544 3005 1742 3059 incommune

894 3094 980 3161 Kyrie
1002 3093 1100 3147 eleison
1125 3092 1286 3153 decantent,
1311 3097 1339 3147 et
1362 3109 1427 3147 curn
1455 3093 1625 3148 contritione
1650 3091 1742 3147 cordis

893 3182 944 3237 Dei
965 3180 1193 3235 misericordiam
1218 3186 1347 3248 exorent,
1363 3183 1563 3253 propeccatis,
1586 3197 1637 3253 pro
1660 3197 1740 3252 pace,

890 3287 944 3343 pro
958 3272 1047 3341 peste,
1071 3286 1124 3340 pro
1139 3269 1355 3325 conservatione
1376 3270 1504 3342 frugum,
1523 3276 1551 3326 et
1564 3286 1617 3342 pro
1632 3269 1742 3325 caeteris

892 3356 1116 3412 necessitatibus.
1153 3359 1218 3412 Dies
1251 3357 1329 3413 enim
1360 3364 1429 3413 sunt
1461 3359 1650 3426 abstinentius,
1684 3373 1742 3412 non

891 3444 1009 3500 laetitiae.

892 3552 956 3607 Car.
972 3549 1042 3604 lllll.
1067 3579 1101 3591 -
1121 3552 1198 3605 Utin
1212 3565 1286 3604 cene
1309 3552 1430 3618 Domini,
1447 3557 1477 3606 ut
1489 3554 1519 3604 in
1539 3551 1653 3620 reliquis
1669 3554 1741 3619 Quc-

997 3620 1157 3686 draeesime
1171 3620 1276 3686 dicem,
1288 3621 1426 3688 jejunium
1436 3637 1489 3676 non
1503 3622 1633 3676 soluatur.

928 3709 982 3780 (Ee
997 3709 1110 3763 coneilio
1135 3707 1290 3773 Laodicea,
1306 3709 1395 3775 eapite
1410 3707 1467 3779 50.)
1482 3708 1563 3772 Quod
1578 3724 1636 3761 non
1652 3723 1740 3779 opor-

892 3802 951 3854 teat
974 3797 1004 3851 ιιι
1028 3795 1250 3865 Quadragesima
1265 3796 1296 3849 in
1320 3794 1423 3850 ultime
1447 3796 1609 3867 septimana
1629 3813 1646 3848 v
1661 3796 1740 3851 ferire

890 3885 1036 3958 jejunium
1051 3884 1171 3952 solvere,
1186 3888 1333 3954 totamque
1348 3883 1601 3955 Quadragesimam
1617 3884 1679 3938 sine
1692 3900 1739 3938 ve·

893 3974 1041 4030 neratione
1055 3973 1186 4039 transire,
1205 3971 1355 4042 magisque
1370 3972 1521 4027 conveniat
1536 3988 1651 4027 omnem
1665 3973 1740 4037 Qua·

893 4061 1085 4135 dragesimam
1099 4060 1227 4115 districto
1240 4059 1369 4114 venerari
1379 4061 1502 4133 jejunio.

894 4171 958 4227 Car.
975 4169 1067 4223 111-
1087 4169 1120 4222 Ut
1140 4169 1169 4220 in
1180 4166 1298 4222 Sabbato
1312 4171 1405 4221 sancto
1416 4168 1555 4236 J'ejttnium
1578 4168 1740 4222 catenariis

1156 4238 1265 4290 initium
1280 4252 1333 4290 aon
1346 4239 1478 4293 soluetur.

929 4330 982 4399 (lle
1004 4327 1116 4381 concilio
1146 4326 1301 4391 Areusico,
1327 4328 1417 4396 cupite
1440 4325 1478 4398 1.)
1503 4326 1538 4380 Ut
1564 4326 1594 4380 in
1617 4326 1740 4382 Sabbata

892 4418 1002 4483 sancto,
1028 4413 1082 4468 hoc
1106 4417 1158 4478 est,
1184 4412 1214 4466 in
1243 4412 1340 4484 vigilia
1362 4415 1485 4480 Paschae,
1504 4414 1650 4484 jejunium
1674 4419 1740 4470 ante

891 4503 986 4560 noctis
1013 4500 1139 4569 initium,
1164 4501 1220 4555 nisi
1252 4503 1417 4572 aparvulis
1444 4507 1494 4557 ant
1522 4503 1656 4574 inlirmis,
1680 4521 1741 4560 non

892 4594 1028 4658 solvatur,
1056 4604 1110 4643 nec
1123 4588 1186 4659 ipsa
1200 4588 1230 4643 in
1252 4605 1401 4659 parasceve
1417 4607 1423 4645 :
1440 4590 1508 4662 quia
1531 4607 1611 4647 coena
1628 4591 1742 4646 Domini

893 4686 921 4736 et
942 4692 1105 4750 parasceve,
1134 4680 1164 4730 ct
1189 4675 1341 4731 sabbatum
1366 4678 1401 4733 ad
1423 4679 1486 4733 illos
1507 4695 1542 4732 xa
1564 4679 1625 4734 dies
1647 4679 1741 4751 respi-

893 4767 973 4823 ciunt
988 4782 995 4821 :
1011 4765 1053 4819 ael
1077 4763 1173 4818 divina
1197 4764 1332 4833 mysteria
1355 4764 1400 4817 bis
1424 4765 1536 4819 duobus
1559 4765 1659 4821 diebus
1682 4782 1740 4820 non

893 4855 1073 4912 celebrentur
1098 4867 1105 4906 :
1128 4849 1286 4905 canonibus
1315 4851 1422 4922 quippe
1452 4852 1622 4924 jubentibus
1652 4855 1740 4909 biduo

893 4947 957 5011 isto,
985 4943 1082 5006 idest,
1105 4954 1256 5010 parasceve
1271 4943 1300 4993 et
1319 4940 1456 5008 sabbato;
1481 4947 1658 4997 sacramenta
1681 4960 1740 5014 poe-

893 5031 972 5085 nitus
986 5044 1045 5083 non
1058 5025 1204 5080 celebrari.

895 5137 958 5192 Car.
981 5135 1012 5190 ll.
1026 5160 1063 5174 -
1086 5130 1162 5197 Quod
1183 5145 1237 5185 nort
1260 5133 1384 5200 oportent
1407 5132 1437 5184 ιιι
1451 5130 1667 5201 Ouedraeesima
1690 5150 1740 5190 aa.

1107 5201 1201 5256 tulitie
1219 5207 1375 5256 sanctorum
1388 5201 1526 5256 celebrari.

931 5294 991 5365 (Ee
1013 5291 1123 5346 conuitio
1139 5289 1296 5357 Laodicen,
1315 5289 1404 5358 cupite
1418 5288 1474 5360 51.)
1488 5289 1570 5353 Quod
1586 5306 1643 5344 non
1658 5307 1743 5361 opor-

894 5380 998 5436 teatin
1013 5376 1239 5448 Quadregesima
1253 5382 1413 5447 martyrum
1430 5377 1558 5431 natalitia
1577 5378 1717 5432 celebrari
1733 5397 1739 5432 :

895 5470 943 5525 sed
959 5483 1059 5524 eorum
1076 5470 1174 5521 sancta
1194 5465 1431 5521 commemoratio
1446 5465 1476 5520 in
1492 5465 1593 5521 diebus
1616 5465 1743 5520 sabbato

895 5573 959 5612 rum
975 5561 1004 5612 et
1018 5554 1231 5610 Dominicorum
1245 5555 1310 5610 lieri
1324 5554 1484 5609 conveniat.
