3878 6112
745 288 1192 349 emmerammenses
1276 241 1285 256 ’
1744 247 1754 266 '
1794 288 1845 345 sse

93 298 145 353 347

94 438 214 478 necnon
230 438 283 494 pro
307 424 398 477 salute
432 422 543 477 dilectae
564 420 695 491 conjugis
719 425 833 487 nostre,
856 419 973 476 cuni-A
991 418 1107 487 nentiis,
1122 424 1230 475 etcum
1249 434 1351 491 campo
1376 417 1493 483 arsicio,
1522 418 1598 489 quod
1627 418 1773 491 praedium
1800 415 1845 472 ui-

39 510 44 529 *
91 512 196 584 gaudae
228 510 419 581 imperatricis
447 509 578 565 videlicet
609 514 749 579 angustos,
775 513 861 579 atque
888 524 940 579 per
993 508 1058 562 nizo
1074 508 1211 562 hactenus
1222 507 1325 574 tenuit,
1342 511 1385 572 ut,
1402 505 1645 576 quemadmodum
1671 506 1723 561 ille
1752 504 1846 560 domi·

89 601 283 655 interventum
308 598 428 653 Geronis
454 597 722 669 magedeburgensis
748 595 938 665 archiepisco·
993 612 1059 650 nam
1080 601 1207 650 nostram
1230 600 1357 650 sanctam
1384 595 1501 650 llariam
1523 595 1672 650 constituit
1698 593 1847 649 heredem

91 687 131 759 pi,
143 688 365 758 Dolichonisque
381 686 503 751 comitis,
521 685 665 756 quandam
682 689 788 738 nostrae
809 683 937 754 proprie·
992 685 1027 740 de
1044 683 1170 755 proprio,
1184 683 1224 738 ita
1241 688 1270 739 et
1289 699 1341 738 nos
1356 683 1477 738 iacimus
1492 682 1527 737 de
1542 687 1639 737 nostro
1656 681 1846 737 ministeriolo

92 775 157 830 lutis
169 774 316 830 forestim
310 791 339 828 ιιι
355 774 493 829 comitatu
508 773 638 844 ejusdem
655 772 819 827 Dolichonis
838 771 937 838 sitam;
992 772 1117 844 publico,
1140 787 1177 825 ne
1199 771 1282 839 torte,
1307 771 1331 825 si
1359 771 1447 825 alieni
1469 771 1598 825 saeculari
1621 771 1845 826 concederemus

94 880 169 936 quae,
195 863 353 946 terminum
372 861 452 931 juxta
479 862 626 915 fluviolum
650 860 736 915 Fulda
758 860 937 914 nominatum
991 860 1072 926 illud,
1088 876 1122 915 ea
1136 875 1284 913 occasione
1299 858 1449 928 predictas
1475 859 1643 913 invaderent
1661 875 1717 913 res.
1750 857 1819 912 Et
1812 873 1842 911 ιιι

92 968 219 1017 sumens,
234 936 322 1022 prope
334 949 605 1021 lleginbereshusou
622 949 831 1004 etUtenhuson
852 953 938 1018 atque
992 947 1279 1019 praedictocomitetu
1300 963 1382 1001 novae
1401 947 1479 1002 Casae
1501 948 1661 1015 castellum,
1682 946 1760 1017 quod
1789 945 1843 999 sibi

94 1039 249 1096 biberbach
265 1043 293 1093 et
309 1037 585 1105 Rotbreht,eshuson
605 1038 636 1091 in
659 1037 804 1108 quoddam
829 1036 939 1090 llumen
994 1035 1284 1091 contulitbtlofilius
1308 1035 1443 1103 Adeundi,
1467 1051 1532 1090 cum
1561 1035 1619 1090 suis
1646 1034 1843 1105 pertinentiis,

93 1129 201 1182 Wisere
227 1136 358 1181 vocatum
388 1142 480 1198 usque
505 1125 704 1197 protenditnr;
728 1124 795 1179 inde
824 1140 938 1180 sursum
990 1121 1100 1176 veluti
1092 1138 1123 1176 ιιι
1138 1120 1236 1175 cbarta
1263 1119 1453 1175 concessionis
1471 1119 1549 1174 illius
1573 1120 1725 1192 leguntur,
1757 1123 1787 1172 et
1816 1119 1844 1172 in

93 1217 210 1282 directa,
228 1214 616 1287 quandamvillamnomine
634 1212 936 1283 Gimuudinattingit;
992 1210 1048 1265 alio
1072 1210 1134 1264 loco
1164 1208 1255 1280 ipsius
1274 1209 1411 1264 comitatu
1440 1208 1588 1262 castellum
1616 1207 1651 1262 de
1670 1207 1842 1278 anganello,

93 1304 208 1369 abinde,
227 1305 367 1359 circulum
388 1306 548 1372 prosecuta,
575 1301 679 1356 iterum
697 1300 728 1355 in
754 1299 884 1368 Fuldam,
910 1303 939 1354 et
991 1299 1036 1353 vel
1053 1299 1107 1353 alia
1130 1299 1192 1352 loca
1216 1313 1281 1368 quae
1306 1295 1347 1350 ibi
1375 1295 1547 1351 condonarit
1573 1295 1706 1349 Alkerius
1736 1310 1841 1357 comcs,

92 1393 131 1447 sic
146 1408 260 1446 sursum
277 1389 433 1461 usquejam
453 1389 621 1460 predictam
636 1389 734 1443 villam
754 1388 862 1443 scilicet
883 1388 938 1442 Rc·
992 1385 1175 1459 quatenusin
1190 1385 1349 1440 suacharla
1374 1385 1512 1450 referunt,
1543 1385 1587 1439 vel
1611 1383 1676 1439 aliae
1704 1399 1753 1437 res
1780 1399 1842 1453 quae

91 1480 318 1551 ginhereshuson
353 1478 526 1548 pergiratur,
555 1481 660 1530 sanctae
687 1475 939 1532 paderbrunnensi
992 1476 1132 1531 moderno
1147 1479 1277 1545 tempore
1298 1473 1329 1528 in
1353 1474 1415 1545 ipso
1437 1473 1576 1528 comitatu
1599 1472 1752 1544 acquisitae
1767 1474 1842 1525 sunt.

93 1567 228 1633 ecclesiae,
258 1566 303 1620 cui
327 1564 497 1620 venerabilis
526 1568 555 1619 et
581 1565 663 1619 nobis
687 1564 806 1620 dilectus
833 1564 938 1635 prosu}
992 1564 1178 1619 incomitata
1207 1563 1368 1628 Sabincnsi,
1395 1562 1504 1617 inlocu
1520 1562 1637 1628 ortelle,
1655 1564 1747 1616 elres
1774 1575 1845 1631 quas

92 1655 274 1710 lleiuwercus
306 1669 428 1725 praeesse
448 1653 571 1722 videtur,
586 1652 620 1707 ad
638 1654 725 1707 altare
753 1657 782 1707 et
801 1652 938 1723 reliquias
992 1651 1113 1707 contulit
1127 1651 1167 1706 ibi
1189 1652 1312 1707 loannes
1326 1650 1476 1720 presbyter
1490 1665 1555 1703 cum
1571 1649 1629 1703 suis
1647 1648 1843 1702 consortibus.

93 1748 199 1798 sanctie
225 1741 273 1796 Dei
293 1741 439 1813 genitricis
462 1741 569 1810 llariee,
593 1741 740 1813 sanctique
762 1741 896 1810 martyris
910 1745 938 1796 et
993 1743 1027 1796 Et
1041 1758 1112 1813 quas
1126 1740 1297 1796 Octavianus
1307 1755 1372 1794 cum
1387 1740 1496 1810 Rogata
1512 1739 1635 1810 conjuge
1654 1753 1706 1792 sna
1732 1737 1765 1791 in
1782 1737 1844 1807 jam

93 1830 219 1902 episcopi
235 1830 341 1885 lilliani
367 1833 395 1884 et
423 1829 513 1884 sancti
531 1829 635 1885 Liborii
664 1829 845 1894 confessoris,
873 1845 939 1883 cum
993 1831 1067 1886 dicto
1090 1828 1227 1884 comitatu
1249 1828 1399 1899 saepedicto
1426 1827 1599 1883 monasterio
1627 1825 1736 1882 obtulit
1759 1828 1792 1879 ut
1813 1824 1844 1879 in

93 1920 174 1976 omni
203 1919 323 1973 utilitate
346 1935 410 1989 quae
434 1918 470 1973 ab
496 1919 595 1973 eadem
620 1918 769 1988 provenire
796 1916 939 1972 ullatenus
993 1935 1045 1973 sua
1067 1917 1249 1972 concessione
1263 1916 1396 1971 habetur.
1410 1917 1444 1970 Et
1457 1931 1528 1987 quas
1542 1916 1596 1971 Leo
1607 1914 1683 1970 lilius
1718 1911 1845 1968 Rezonis

91 2007 191 2081 possit,
223 2006 345 2063 firmiter
368 2011 397 2062 et
432 2010 572 2078 perpetuu
611 2006 775 2062 habendam
799 2005 939 2061 tradimus
992 2006 1164 2063 condonavit
1177 2005 1208 2061 in
1223 2004 1344 2075 llojano.
1370 2006 1492 2074 Insuper
1507 2007 1536 2058 et
1554 2002 1701 2074 imperiali
1731 2017 1842 2071 praece·

92 2102 178 2169 atque
206 2095 397 2151 concedimus.
423 2096 455 2149 lit
483 2098 515 2149 ut
551 2096 613 2149 baec
651 2099 749 2150 nostra
785 2095 939 2149 auctoritas
991 2094 1237 2166 ptionejubemus
1264 2092 1316 2147 sub
1344 2092 1424 2147 omni
1450 2091 1654 2146 contestatione
1678 2095 1713 2145 ut
1745 2088 1844 2144 omnia

93 2184 201 2241 stabilis
211 2188 240 2239 et
254 2183 420 2238 inconvulsa
428 2186 608 2253 permaneat,
637 2198 701 2238 eam
716 2198 805 2237 manu
820 2182 939 2254 propriis
993 2184 1097 2255 scripta
1125 2198 1190 2254 quae
1221 2181 1384 2249 Gratianus,
1423 2180 1537 2236 invasor
1573 2194 1671 2234 rerum
1715 2178 1840 2232 ccclesia

991 2275 1097 2327 sanctae
1112 2271 1208 2326 blariae
1224 2271 1259 2325 de
1274 2270 1408 2336 bliuione,
1425 2270 1503 2340 quod
1531 2267 1657 2340 pertinet
1670 2267 1709 2323 ad
1737 2266 1841 2339 praeia-

992 2365 1055 2415 tum
1064 2358 1281 2425 monasterium,
1303 2358 1382 2426 tecit,
1406 2357 1624 2427 confringantur
1638 2360 1667 2411 et
1689 2356 1839 2410 annullen-

991 2453 1048 2511 tur,
1065 2452 1094 2503 et
1108 2447 1252 2519 adipsum
1266 2446 1473 2502 monasterium
1493 2444 1612 2500 redeant
1640 2443 1703 2500 sine
1732 2444 1838 2516 obliga·

991 2537 1079 2592 tione.

1026 2627 1059 2680 In
1075 2624 1211 2679 comitatu
1227 2639 1342 2695 quoque
1363 2622 1494 2678 Balbensi
1509 2622 1642 2678 ecelesias
1664 2621 1757 2676 sancti
1788 2622 1837 2675 Pe·

93 2711 218 2783 episcopi
228 2727 261 2765 ac
273 2709 514 2782 archicappellani
530 2709 703 2781 recognovit.
990 2712 1100 2785 regrini
1115 2715 1144 2766 et
1157 2717 1262 2767 sanctie
1274 2712 1379 2779 ldariae,
1393 2727 1459 2766 cum
1475 2710 1659 2782 pertinentiis
1673 2725 1787 2775 earum,
1808 2708 1837 2762 in

125 2802 207 2855 Anno
225 2798 601 2855 Dominicaeinoarnationis
618 2799 695 2864 l0l8,
730 2797 885 2852 indictione
903 2815 934 2864 ιι,
991 2802 1212 2873 quibuscomes
1242 2799 1388 2856 Oderisius
1412 2799 1524 2854 noviler
1547 2796 1703 2853 monachos
1727 2797 1836 2862 locavit,

91 2904 168 2944 enno
183 2904 250 2942 vero
266 2888 365 2942 domni
379 2887 506 2943 Heinrici
533 2887 730 2942 Romanorum
753 2886 937 2957 imperatoris
991 2907 1055 2962 quae
1071 2888 1229 2960 antiquitus
1242 2888 1333 2959 ipsius
1352 2888 1519 2943 monasterii
1543 2888 1672 2951 luerunt,
1698 2890 1728 2940 et
1753 2885 1835 2940 modo

91 2977 213 3049 Augusti
227 2977 345 3032 secundi
359 2977 506 3048 regnantis
534 2993 611 3045 ιιιιι,
635 2975 868 3047 imperitantem
896 2991 934 3030 vr.
952 2980 972 3037 C
990 2979 1169 3051 reacquisita
1191 2983 1266 3044 sunt,
1293 2994 1364 3050 quas
1383 2977 1483 3033 fideles
1504 2975 1608 3032 Christi
1637 2974 1710 3030 inibi
1734 2978 1836 3029 cuntu-

126 3070 229 3121 Actum
256 3081 333 3120 xvia.
365 3066 425 3121 liat.
447 3065 575 3121 Jnnuarii
595 3065 780 3121 liulinbuson
804 3063 934 3119 feliciter.
991 3069 1101 3134 lerunt;
1121 3082 1253 3137 seuquas
1272 3066 1427 3138 praedictus
1451 3062 1669 3135 quomodolibet
1685 3077 1834 3134 recupera·

91 3157 193 3210 Amen.

92 2273 270 2339 roborantes,
280 2270 368 2342 sigilli
387 2271 476 2325 nostri
494 2270 683 2343 impressione
707 2271 846 2342 jussimus
867 2270 937 2324 insi-

112 2377 178 2417 uiri.

91 2378 239 2516 8Sa'prium
271 2448 364 2504 domui
389 2448 512 2504 Heinrici
536 2450 718 2505 Romanorum
751 2447 792 2518 (L.
808 2446 872 2518 ll.)
893 2448 937 2500 iu·

92 2539 237 2592 uictisstmt
246 2538 417 2606 imperatoris
432 2537 564 2602 anomia.

127 2625 299 2680 Guntherius
323 2623 509 2679 cancellarius
534 2623 594 2677 vice
621 2621 820 2679 Erchemhaldi
845 2620 937 2675 archi·

991 3156 1130 3211 vitilem
1158 3155 1190 3210 in
1211 3154 1349 3209 comitatu
1370 3153 1519 3208 Sabinensi
1545 3153 1694 3207 castellum
1710 3152 1746 3207 de
1775 3150 1833 3206 Tri·

488 3258 539 3313 cx,
990 3244 1075 3310 buco,
1096 3247 1125 3298 et
1157 3243 1278 3297 alterum
1308 3242 1343 3297 de
1368 3241 1540 3296 bucciniano
1563 3256 1629 3295 cum
1658 3239 1719 3295 suis
1746 3238 1834 3311 perti·

990 3332 1105 3401 nentiis,
1118 3331 1358 3404 quemadmodem
1372 3330 1495 3386 domnus
1508 3328 1679 3384 Benedictus
1706 3342 1834 3383 summus

990 3423 1136 3476 Romanus
1151 3419 1279 3492 pontifex
1292 3423 1446 3490 nosterque
1464 3417 1619 3489 spiritualis
1634 3421 1717 3487 pater
1742 3420 1834 3471 nostro

989 3514 1094 3580 rogatu
1109 3509 1201 3563 eidem
1218 3506 1392 3562 monasterio
1406 3506 1540 3560 restitnit.
1560 3505 1653 3561 Simili
1677 3506 1765 3561 modo
1790 3503 1834 3558 ills

990 3598 1052 3651 loca
1066 3613 1130 3669 qum
1146 3595 1385 3667 praedictuspepa
1396 3609 1448 3665 per
1469 3593 1634 3664 pontificale
1656 3597 1831 3664 preceptum

990 3685 1157 3756 proanimae
1172 3700 1231 3739 suae
1246 3683 1374 3738 remedio
1393 3681 1524 3748 contulit,
1545 3685 1694 3753 quaesunt
1714 3680 1745 3735 in
1770 3682 1831 3734 Αιιι

90 3367 119 3423 S.
135 3368 266 3421 Hearicus
279 3367 427 3436 imperator
449 3365 610 3419 monasterio
635 3364 763 3430 Fortensi
781 3364 810 3420 S.
840 3366 937 3420 diaetae

127 3452 170 3491 res
207 3441 312 3492 truciter
340 3437 374 3490 ab
394 3438 463 3504 ipsis
484 3436 795 3505 monachisocquisitus,
821 3450 937 3504 quorum

126 3511 236 3563 uomina
285 3512 463 3570 recenseatur,
510 3521 558 3563 suo
603 3506 750 3575 diplomate
779 3505 935 3576 confirmat.

408 3594 501 3666 (Anno
527 3593 617 3664 totu.)

201 3683 357 3756 lbluratori,
370 3686 432 3738 lter.
452 3684 515 3738 ltol.
533 3683 633 3752 script.
654 3682 688 3750 ΙΙ,
711 3699 740 3745 ιι,
755 3685 784 3736 dt
791 3681 830 3753 3.]

125 3772 264 3828 Reuersus
279 3773 373 3828 divine
390 3769 542 3825 clementia
569 3770 726 3842 imperator
740 3769 936 3824 Romanorum

90 3860 132 3913 Au
176 3864 244 3914 stus.

125 3875 230 4000 Νευοιιιιιι
245 3945 280 3999 sit
294 3945 429 3998 omnibus
447 3944 580 3998 fidelibus
605 3949 710 3998 sanctae
728 3943 777 3997 Dei
793 3944 935 4009 Ecclesiae,

88 4038 118 4088 et
132 4034 261 4089 omnium
278 4039 452 4098 nostrorum,
469 4033 597 4087 fidelium
614 4031 800 4102 praesentiunt
815 4048 865 4085 seu
895 4033 938 4086 fu·

90 4125 230 4182 tuncrum,
248 4121 356 4175 novarit
373 4120 542 4174 attriversitas
557 4120 680 4191 qualiter
690 4120 783 4190 Hugo
796 4125 936 4175 monaste·

989 3773 1195 3843 desupradicto
1213 3770 1384 3826 lluccinieno
1412 3784 1477 3825 cum
1505 3769 1566 3824 suis
1593 3768 1729 3824 omnibus
1750 3766 1832 3841 perti·

990 3861 1107 3928 nentiis,
1133 3859 1304 3915 deecclesia
1327 3873 1444 3930 quoque
1474 3862 1578 3913 sanctae
1601 3857 1696 3911 ldariee
1733 3857 1789 3912 sita
1807 3855 1831 3910 in

990 3950 1080 4005 lunda
1094 3950 1191 4003 llassae
1206 3949 1240 4002 de
1254 3947 1402 4010 vestiario,
1418 3962 1484 4001 cum
1513 3945 1627 4017 prediis
1642 3946 1701 4000 illis
1716 3962 1783 4017 quae
1805 3944 1830 3998 iu

991 4037 1247 4109 ipsocontinentur
1260 4040 1414 4107 precepto.
1437 4035 1566 4090 Necnon
1581 4033 1730 4089 ecclesiam
1751 4030 1830 4088 sandi

991 4125 1170 4183 Sebastiaui
1163 4143 1193 4180 m
1209 4125 1320 4180 Collina
1333 4124 1368 4178 de
1383 4123 1531 4194 Flagiano,
1544 4139 1610 4178 cum
1629 4123 1716 4177 terris
1739 4127 1768 4177 et
1794 4120 1828 4174 vi·

89 4209 124 4263 rii
149 4210 224 4307 quod
246 4209 350 4263 dicitur
369 4209 513 4279 Pharpha,
542 4209 713 4263 venerandae
728 4207 874 4277 genitricis
904 4226 936 4263 ac
990 4217 1063 4281 nois,
1093 4213 1165 4268 sicut
1192 4214 1254 4284 ipse
1284 4213 1391 4283 praesul
1406 4211 1575 4267 universalis
1601 4210 1709 4282 aliique
1734 4212 1879 4264 sancte

88 4296 208 4367 virginls
241 4297 292 4350 Dei
320 4296 425 4361 Malim
468 4296 638 4351 lenerabilis
673 4296 771 4363 abbas,
806 4302 935 4351 nostrum
992 4301 1251 4374 Deigenitriciper
1269 4302 1631 4357 chartulasconcessernnt.
1662 4298 1729 4353 Pari
1754 4294 1828 4351 ιιιοιο
1876 4302 1879 4375 l

90 4383 189 4439 adiens
218 4384 410 4452 clementiam,
427 4384 596 4454 deprecatus
620 4390 663 4439 est
691 4385 888 4455 quatennsips
877 4386 935 4440 sius
990 4389 1301 4445 monasteriumsancti
1325 4387 1515 4445 Laurentum
1544 4387 1651 4442 finibus
1674 4384 1826 4458 Campanis,

89 4472 185 4527 effusis
230 4473 360 4542 precibus
396 4478 501 4527 nostrae
540 4473 653 4543 pietatis
684 4474 936 4528 accomodaremus
988 4479 1269 4547 ubidiciturltlac...,
1290 4477 1457 4548 quodidem
1482 4475 1656 4531 venerabilis
1681 4480 1764 4546 pater
1785 4469 1827 4526 sub

89 4577 183 4627 altres,
199 4561 306 4616 scilicet
328 4567 361 4616 ut
376 4578 421 4616 res
435 4562 555 4623 noviter,
585 4563 640 4617 Deo
667 4562 791 4628 favente,
813 4562 936 4634 ecquisi·
989 4568 1063 4622 dicto
1079 4570 1139 4622 loco
1155 4567 1267 4621 obtulit.
1281 4568 1313 4621 Et
1328 4567 1358 4620 in
1372 4567 1510 4621 comitatu
1524 4564 1676 4621 Sabinensi
1687 4568 1764 4619 terra
1777 4557 1826 4629 (sict

89 4654 143 4716 ¹³⁵,
170 4666 219 4705 ⁸⁹¹¹
246 4666 440 4721 aplfll'ffl'llm
479 4650 629 4704 h⁰ffli¹¹l¹¹¹¹
661 4650 770 4704 dili0ne
791 4667 933 4714 excussas,
989 4657 1096 4713 Ortella
1120 4656 1239 4710 loannis
1272 4654 1431 4727 presbyteri
1467 4669 1534 4709 crim
1558 4652 1697 4719 ecclesiis,
1724 4648 1823 4707 olivetis

24 4764 27 4769 ·
89 4742 185 4793 nostra
213 4739 355 4810 imperiali
371 4755 403 4793 ac
426 4738 592 4809 praeceptali
619 4738 725 4809 pagina
750 4738 935 4793 confirmare·
988 4743 1199 4815 atquevinetis.
1219 4742 1628 4797 lncomitatuReatiuoterra
1654 4740 1727 4810 (sic),
1751 4750 1824 4810 quau

10 4832 13 4839 ’
89 4825 391 4896 mus.Nosveroquia
411 4825 519 4880 cunctis
543 4826 622 4896 justa
646 4825 831 4896 poscentibus
859 4841 933 4896 prcc-
987 4831 1286 4888 Transaricussanclae
1303 4831 1398 4886 llariae
1425 4829 1546 4901 largitus
1569 4833 1621 4883 est.
1649 4827 1824 4884 insubaree·

88 4913 303 4969 beredebssffllls
322 4930 481 4980 assensum,
507 4914 765 4968 1¹⁰⁵llaet¹¹lll⁰1¹i⁵
791 4919 935 4984 l'risssstllto
988 4922 1033 4977 nis
1048 4920 1206 4976 Tiburtium
1219 4919 1340 4974 civitatis
1363 4917 1580 4983 monasterium,
1605 4916 1696 4971 sancti
1718 4909 1825 4971 Adriani

88 5003 251 5056 nominatas
276 5009 305 5056 et
329 5003 504 5072 subscriptas
523 5006 621 5055 sancto
643 5001 848 5056 civnlirmamus
872 5018 933 5055 mo·
989 5024 1054 5063 cum
1070 5008 1204 5063 omnibus
1217 5007 1276 5061 suis
1291 5005 1485 5078 pertinentiis,
1502 5006 1535 5060 ln
1550 5004 1689 5059 comitatu
1703 5005 1826 5059 Firmino

88 5091 222 5144 naslerio.
235 5092 290 5144 Res
305 5091 412 5161 itaque,
434 5106 505 5161 quas
533 5089 629 5143 Ginizo
655 5089 935 5161 liliusllildeprandi
988 5096 1226 5153 resOttonislilii
1254 5091 1610 5151 Anderadicumecclesia
1633 5092 1750 5147 Domini
1772 5088 1826 5147 su·

88 5177 202 5232 comitis
217 5179 338 5234 contulit
350 5179 442 5233 eidem
457 5178 641 5245 monasterio,
661 5178 735 5231 sieut
754 5179 783 5232 in
805 5178 934 5233 chartula
987 5185 1104 5250 catoris,
1129 5190 1158 5240 et
1181 5201 1226 5239 res
1249 5200 1320 5256 quas
1341 5182 1515 5238 Adetmodns
1536 5181 1613 5236 tilius
1647 5177 1828 5240 Hildemodis,

89 5265 251 5319 donationis
266 5266 343 5321 illius
355 5267 530 5332 continetur,
542 5265 718 5336 quaesuntin
728 5266 865 5321 comitatu
877 5267 935 5321 Fir·
988 5279 1017 5328 et
1029 5289 1208 5346 quaecunque
1223 5272 1259 5327 ab
1269 5271 1414 5344 aliquibus
1436 5270 1529 5325 eidem
1555 5271 1663 5323 sanctie
1685 5268 1782 5323 llarim
1802 5264 1828 5318 iu

33 5400 41 5407 .
88 5369 174 5407 urano
189 5354 226 5406 sit
239 5355 311 5423 (sic),
324 5356 467 5426 simulque
483 5355 647 5409 addidimus
662 5370 714 5424 pro
732 5355 932 5426 redemptione
988 5358 1121 5431 Pharpha
1135 5360 1200 5414 data
1224 5364 1299 5413 sunt.
1316 5360 1350 5413 In
1373 5358 1486 5412 civitate
1508 5356 1614 5412 Orlana
1629 5353 1831 5409 monasterium

88 5441 194 5497 animae
208 5447 353 5497 nostraeex
364 5450 461 5498 nostra
476 5444 610 5514 largitate
620 5442 714 5498 eidem
743 5448 841 5498 sancto
871 5445 933 5501 loco
988 5444 1079 5501 sancti
1093 5445 1235 5501 Theodori
1257 5460 1321 5498 cum
1346 5443 1471 5499 ecclesiis
1486 5448 1515 5498 at
1534 5441 1671 5498 omuibus
1688 5442 1831 5512 pertinen·

87 5530 251 5586 dictrictum
266 5531 432 5586 monasterii
453 5532 591 5602 Spazzani
609 5547 674 5587 cum
695 5531 831 5587 omnibus
847 5532 935 5603 pcrti-
987 5535 1036 5590 tiis
1065 5533 1135 5601 suis,
1159 5533 1366 5588 monasterium
1390 5535 1494 5588 sanctie
1522 5531 1618 5587 leriae
1649 5529 1685 5585 de
1715 5529 1832 5586 teintona
