3878 6112
84 304 139 358 669
574 300 812 359 nncunrouult
832 302 925 359 LIBRI
942 303 997 359 XX.
1011 332 1047 344 -
1066 303 1173 359 LIBER
1190 302 1348 361 TERTIUS.

84 426 218 482 LXXXIV.
244 424 280 481 Ut
302 423 400 479 nullus
420 423 452 478 in
477 423 596 479 ecclesia
618 423 752 479 tabernas
773 424 975 481 constituath
994 426 1078 482 CXIX.
1095 426 1247 481 Decedam
1261 442 1301 482 re.

85 516 204 572 LXXXV.
221 515 260 569 Da
275 512 375 568 eadem
391 528 432 568 re.
990 516 1062 571 CXX.
1078 516 1117 571 lle
1133 516 1233 570 eadem
1247 530 1288 569 re.

85 613 218 668 LXXXVI.
237 612 271 666 Ut
286 611 442 680 nnicanne
456 609 487 664 in
505 608 592 663 domo
608 625 659 663 sua
674 625 756 664 orare
771 608 863 664 liceat.
989 603 1076 659 CXXI.
1093 605 1132 658 Ite
1147 603 1247 659 eadem
1262 620 1302 659 re.

86 701 233 756 LXXXVII.
258 700 293 754 Ut
307 692 448 752 canticrfin
464 703 549 768 turpe
563 698 638 752 circa
656 697 789 752 ecelesias
805 713 861 752 non
874 695 934 751 flat.
990 691 1091 748 CXXII.
1109 693 1148 746 De
1163 691 1264 746 eadem
1280 708 1321 746 re.

86 789 245 844 LXXXVIII.
264 788 299 842 Ut
313 792 476 841 sanctorum
499 785 629 858 reliquiae
644 786 675 840 in
699 785 831 841 oratoriis
854 785 936 840 villa·
990 779 1102 834 CXXIII.
1132 779 1172 834 lte
1195 778 1368 850 presbyteris
1399 779 1449 852 qui
1475 796 1509 836 ex
1539 781 1679 837 reditibus
1709 780 1835 836 ecclesie

121 877 201 932 ribus
216 892 276 930 non
291 879 448 946 ponantur.
1025 866 1080 920 sibi
1096 880 1142 920 res
1166 867 1404 938 comparaverim,
1421 875 1448 924 et
1471 874 1628 925 structuras
1640 869 1680 925 ibi
1704 869 1834 936 feceriut,

86 965 217 1021 LXXXIX.
236 964 272 1018 Iit
295 963 376 1017 sedes
400 960 580 1033 episcopalis,
605 960 629 1015 si
646 976 763 1016 necesse
784 959 881 1031 fuerit,
904 959 936 1015 in
1025 959 1053 1009 ot
1066 954 1203 1009 mulieres
1217 954 1257 1011 ibi
1274 956 1434 1027 posuerint.

121 1053 212 1107 alium
227 1053 323 1106 locum
338 1051 535 1105 transferatur.
990 1041 1097 1098 CXXIV.
1129 1043 1168 1097 De
1198 1043 1406 1099 consuetudine
1432 1044 1571 1099 servanda
1604 1061 1669 1116 quea
1701 1060 1761 1100 non
1794 1047 1837 1099 est

85 1140 138 1196 XC.
156 1141 195 1194 [le
212 1139 357 1193 mutandis
370 1137 475 1192 sanctis
491 1137 573 1193 locis.
1024 1135 1122 1186 contra
1135 1130 1232 1186 fidem.

85 1227 152 1282 XCI.
180 1227 271 1295 Quod,
293 1226 437 1280 translatis
460 1224 644 1295 martyribus,
668 1225 761 1280 honor
788 1225 934 1281 interdum
989 1218 1092 1276 CXXV.
1119 1220 1155 1274 Ut
1177 1218 1364 1274 ecclesiastica
1386 1224 1502 1287 statuta,
1525 1221 1560 1275 ab
1581 1221 1717 1292 apostolis
1739 1225 1768 1277 et
1790 1237 1834 1276 re·

121 1332 188 1370 curn
203 1315 261 1369 illis
274 1313 390 1385 migret,
407 1312 552 1368 Interdum
562 1311 593 1367 in
609 1312 669 1367 loco
685 1320 862 1384 permaneat.
1024 1307 1112 1378 liquis
1128 1308 1273 1379 magistris
1286 1307 1416 1362 Ecclesia
1424 1308 1539 1374 tradita,
1554 1308 1667 1381 integra
1675 1314 1834 1364 serventur.

87 1403 167 1459 XCII.
186 1403 264 1469 Quod
288 1401 404 1473 sanguis
418 1405 579 1472 martyrum
593 1401 859 1470 consecretloeum,
874 1417 934 1457 non
990 1395 1100 1451 CXXVI.
1133 1397 1167 1452 Ut
1201 1396 1422 1451 consuetudInes
1454 1396 1651 1452 ecclesiasticas
1687 1413 1740 1469 pro
1773 1397 1836 1469 Iege

120 1493 202 1546 locus
218 1491 400 1561 sangninem.
1025 1483 1083 1537 sint
1096 1484 1237 1541 tenendas.

85 1580 180 1636 XCIII.
197 1579 271 1644 Quid
286 1579 321 1635 sit
335 1577 463 1633 basilica.
989 1571 1112 1627 CXXVII.
1138 1572 1209 1627 Item
1233 1573 1267 1628 de
1287 1572 1540 1628 consuctudinibus
1564 1572 1760 1628 ecclesiasticis
1782 1573 1835 1629 ob·

84 1668 174 1724 xciv.
211 1669 249 1722 ne
279 1667 337 1721 um
367 1667 417 1739 qur
453 1667 572 1722 romum
604 1665 655 1721 nei
688 1667 970 1758 contemptibilemss
1025 1661 1181 1716 servanus.
1442 1651 1446 1657 “

118 1757 240 1812 lactant.
989 1749 1125 1805 CXXVIII.
1159 1749 1232 1815 Quid
1265 1749 1407 1820 agendum
1442 1749 1533 1804 sitin
1565 1748 1658 1804 causis
1676 1749 1711 1804 de
1730 1747 1837 1821 quibus

85 1846 160 1902 XCV.
179 1847 218 1900 De
232 1845 331 1900 eadem
348 1861 388 1900 re.
1024 1841 1102 1892 certa
1115 1839 1145 1892 iu
1161 1837 1318 1893 canonibus
1332 1853 1392 1892 nou
1406 1838 1595 1893 invenIuntnr
1609 1837 1728 1908 judicia.

86 1932 175 1989 XCVI.
197 1932 232 1986 Ut
257 1931 329 1985 calix
352 1936 381 1986 et
406 1936 511 2002 patena
534 1947 656 1987 axauro
679 1937 730 1988 aut
754 1950 789 1989 ex
813 1938 934 2008 argento
990 1926 1098 1984 CXXIX·
1129 1929 1163 1983 Ul
1187 1934 1289 1984 cuncto
1317 1943 1382 2000 <111ae
1406 1929 1464 1984 ⁰00
1491 1927 1651 1984 offeruntur
1673 1931 1837 1983 00n³00rtl⁸

121 2016 183 2072 fiat.
1024 2015 1195 2071 habeantur.

86 2105 189 2162 XCVII.
209 2106 248 2159 lle
264 2103 441 2159 obseruanda
453 2119 553 2160 mensa
566 2104 681 2160 Christi.
989 2103 1083 2159 CXXX.
1099 2104 1139 2158 De
1154 2104 1253 2159 eadem
1268 2120 1309 2159 re.

86 2193 202 2249 XCVIII.
220 2194 255 2248 Ut
268 2193 416 2264 corporale
429 2208 462 2247 ex
479 2193 634 2264 purissimo
648 2193 737 2249 linteo
753 2194 797 2258 sit,
808 2198 837 2249 et
848 2195 936 2251 unius
989 2191 1097 2247 CXXXI.
1114 2192 1149 2246 Ut
1163 2191 1274 2247 decima
1288 2191 1368 2247 nulio
1387 2192 1474 2247 modo
1489 2192 1663 2263 negligatur.

121 2279 265 2335 materiei.
756 2310 759 2316 ·
989 2277 1108 2336 CXXXII.
1128 2281 1166 2335 na
1181 2280 1238 2335 illis
1253 2280 1304 2351 qui
1321 2280 1445 2335 decimas
1459 2280 1526 2335 dare
1542 2281 1653 2335 nolunt.

85 2369 173 2423 XCIX.
201 2368 237 2423 Ut
259 2366 432 2422 sacrificinm
458 2367 557 2423 altaris
577 2384 636 2424 non
658 2369 689 2424 iu
716 2369 808 2426 serico
827 2386 934 2443 panno,
988 2367 1122 2424 CXXXIII.
1143 2367 1226 2433 Quod
1251 2368 1371 2424 decimae
1394 2369 1430 2424 ab
1452 2368 1586 2424 omnibus
1610 2368 1778 2425 Christianis
1801 2385 1836 2424 ex

121 2461 172 2510 aut
185 2455 272 2509 tincto
287 2454 456 2512 celebretur.
1024 2455 1120 2511 debito
1135 2457 1246 2528 reposci
1261 2457 1396 2513 debeant.

86 2544 116 2599 C.
147 2545 183 2599 IJt
199 2544 334 2598 mulieres
360 2545 395 2599 ad
415 2544 503 2600 altare
527 2560 586 2599 non
610 2545 756 2615 accedant,
781 2552 811 2602 et
833 2547 935 2604 officijs
989 2543 1120 2601 CXXXIV.
1147 2546 1186 2600 De
1211 2545 1269 2600 illis
1293 2545 1344 2618 qui
1360 2545 1487 2601 dealmas
1507 2546 1576 2601 dare
1599 2545 1754 2614 noluerint,
1779 2544 1836 2601 nisi

120 2632 293 2687 virorumse
307 2647 366 2687 non
381 2631 586 2688 intromittant.
1023 2633 1117 2702 pretio
1132 2634 1339 2689 conducantur.

84 2720 129 2776 Cl.
147 2722 187 2776 De
201 2720 302 2775 eadem
316 2736 358 2776 re.
988 2719 1105 2779 CXXXV.
1123 2723 1158 2777 Ut
1171 2723 1282 2777 decima
1298 2723 1348 2777 Dei
1364 2737 1466 2777 census
1481 2726 1673 2792 nuncupetur.

84 2809 144 2865 CII.
161 2808 198 2863 Ut
212 2808 277 2863 laici
290 2808 372 2878 juxte
385 2807 474 2863 altare
488 2822 548 2863 non
562 2808 691 2864 sedeant.
989 2808 1118 2865 CXXXVI.
1144 2812 1182 2866 Ile
1203 2811 1398 2866 oblationibus
1416 2810 1652 2881 parochitarum:
1669 2810 1750 2882 eujus
1774 2826 1835 2866 esse

84 2896 154 2953 Clll.
181 2898 220 2951 De
251 2896 309 2951 illis
340 2896 535 2952 sacerdotibus
567 2897 618 2969 qui
642 2898 673 2953 in
705 2897 838 2966 Ecclesia,
863 2898 933 2955 dum
1022 2897 1155 2953 debeant.
1458 2886 1462 2893 ’

119 2983 274 3054 Evangelia
287 2985 433 3056 leguntur,
451 2985 549 3040 sedere
564 2991 754 3057 praesumunt.
950 2974 970 3030 C
989 2984 1132 3042 CXXXVII.
1158 2986 1240 3052 Quod
1257 2986 1286 3041 tn
1310 3002 1485 3058 unaquaque
1508 2986 1626 3042 ecclesia
1645 2991 1703 3042 tam
1727 2987 1762 3042 de
1786 3002 1835 3041 re-

84 3073 153 3129 CIV.
171 3075 208 3129 Ut
223 3074 319 3129 nullus
341 3074 468 3140 calicem,
491 3081 637 3146 patenam,
663 3076 705 3131 vel
729 3077 932 3134 vestimentum
1022 3073 1130 3130 ditibus
1151 3090 1238 3147 quam
1260 3075 1454 3131 oblationibus
1480 3081 1603 3147 quatuor
1625 3075 1749 3131 debeant
1771 3074 1835 3131 lieri

119 3163 295 3218 sacerdotale
314 3162 345 3218 in
367 3162 482 3219 radium
506 3163 670 3219 tabernario
696 3168 833 3235 praestare
860 3182 933 3239 proe·
1023 3163 1177 3233 portiones.

119 3254 226 3304 sumat.
987 3251 1146 3306 CXXXVIII.
1167 3253 1238 3307 Item
1263 3251 1341 3324 qnod
1365 3252 1400 3307 de
1423 3252 1542 3307 decimis
1565 3257 1690 3324 quatuor
1713 3251 1835 3308 debeant

84 3337 138 3392 CV.
164 3339 199 3393 tlt
221 3339 319 3394 nullus
344 3339 472 3403 calicem,
498 3343 644 3412 patenam,
670 3344 721 3396 ant
743 3340 841 3414 aliqua
866 3360 933 3399 vasa
1022 3339 1087 3394 fieri
1102 3340 1259 3410 portiones.

119 3440 201 3481 sacra
215 3427 250 3481 ad
264 3427 333 3482 alios
347 3443 414 3482 usus
429 3427 522 3483 Iacere
537 3433 700 3500 praesnmat.
986 3427 1117 3483 CXXXIX.
1149 3427 1201 3483 Ubi
1225 3428 1374 3483 termInsri
1399 3428 1523 3484 debeant
1543 3429 1741 3486 contentiones
1761 3433 1833 3485 ortas

83 3513 152 3570 CVI.
179 3513 260 3579 Quod
285 3515 396 3570 licitum
420 3516 458 3570 sit
482 3516 624 3588 episcopis
640 3516 837 3572 cumconsilio
863 3517 932 3573 oleri
1020 3514 1097 3569 inter
1111 3515 1296 3571 Christianos.

119 3602 158 3657 de
178 3603 313 3658 thesauro
335 3604 462 3659 eeclesiae
483 3620 544 3661 sua
569 3604 687 3660 familias
710 3605 741 3660 In
764 3605 932 3662 necessitate
985 3600 1059 3659 CXL.
1086 3605 1126 3658 De
1146 3603 1192 3657 his
1220 3603 1271 3675 qui
1299 3604 1457 3660 oblaIIones
1485 3611 1646 3677 parentum,
1672 3611 1722 3661 aut
1745 3610 1833 3662 testa·

117 3706 294 3746 succurrere.
1021 3695 1128 3758 menta,
1149 3691 1194 3746 vel
1224 3691 1302 3763 quod
1332 3692 1388 3764 ipsi
1412 3693 1580 3749 donaverint
1604 3694 1740 3760 eeclesiis,
1765 3694 1832 3750 reti-

82 3778 160 3835 CVll.
177 3781 219 3834 Ne
231 3778 368 3835 cadavera
382 3779 470 3852 pallio
483 3780 581 3837 altaris
593 3780 807 3853 cooperiantur.
1018 3796 1088 3834 nere
1103 3784 1153 3835 aut
1165 3779 1278 3835 auferre
1291 3786 1442 3835 conantur.

81 3866 176 3923 CVlll.
192 3868 233 3923 lVe
258 3868 293 3925 ad
307 3871 477 3940 nuptiarum
501 3875 634 3925 ornatum
651 3868 748 3925 divina
771 3868 931 3926 ministeria
984 3866 1070 3924 CXLI.
1088 3869 1127 3923 De
1142 3867 1198 3922 illis
1212 3867 1263 3939 qui
1277 3868 1369 3923 Deum
1385 3868 1531 3923 haeredem
1546 3867 1665 3923 iaciunt.

115 3961 299 4026 proestentur.
984 3956 1083 4013 CXLII.
1109 3956 1148 4011 De
1163 3956 1209 4011 his
1231 3956 1281 4027 qui
1307 3955 1465 4012 oblationes
1489 3956 1694 4012 defunctorum
1718 3959 1769 4011 aut
1783 3971 1833 4010 ne·

81 4041 144 4100 CIX.
175 4044 211 4099 Ut
234 4041 351 4100 ecclesia
373 4044 503 4102 saecnlari
525 4045 656 4117 potentin
680 4044 801 4102 minIme
827 4060 929 4117 perra-
1018 4049 1088 4116 gant
1102 4048 1152 4100 ant
1166 4045 1320 4101 difficulter
1336 4045 1470 4101 reddunt.

114 4131 211 4187 datur.
984 4132 1097 4190 CXLIII.
1115 4135 1154 4188 lle
1170 4134 1270 4189 eadem
1286 4150 1327 4189 re.

81 4220 130 4275 CX.
145 4221 186 4276 lte
209 4220 384 4292 presbyteris
406 4221 457 4294 qui
481 4221 614 4278 ecclesias
634 4239 700 4278 suas
722 4239 776 4295 per
801 4222 929 4295 pretium
948 4255 970 4309 D
986 4222 1095 4277 CXLIV.
1110 4224 1150 4278 De
1165 4222 1264 4276 eadem
1280 4238 1321 4277 re.

114 4307 311 4378 acquisierint.
986 4310 1080 4367 CXLV.
1099 4311 1137 4365 na
1151 4310 1252 4364 eadem
1266 4326 1308 4365 re.

82 4395 146 4451 CXI.
169 4396 206 4451 Ut
229 4396 326 4452 nullus
346 4397 436 4453 laicus
454 4397 489 4453 ab
514 4397 632 4453 ecclesie
653 4413 704 4454 sua
729 4399 930 4472 presbyterum
984 4398 1093 4455 CXLVI.
1123 4399 1158 4454 Ut
1181 4414 1281 4453 omnes
1307 4399 1435 4455 ecelesiis
1457 4401 1502 4455 vel
1530 4398 1650 4455 decimae
1673 4398 1703 4453 in
1728 4397 1835 4471 episco-

113 4484 221 4555 ejicere
232 4486 346 4541 audeat.
764 4550 771 4563 Ι
1018 4503 1123 4559 porum
1139 4491 1280 4558 potestate
1293 4488 1459 4543 consistant.

83 4572 159 4629 CXII.
186 4573 258 4627 Item
290 4574 326 4630 de
348 4572 407 4628 illis
430 4575 480 4647 qni
509 4575 686 4647 presbyteris
710 4575 844 4631 ecclesias
875 4593 930 4630 au·
984 4575 1106 4632 CXLVII.
1123 4575 1204 4640 Quod
1217 4576 1383 4632 tricennalis
1396 4576 1538 4648 possessio
1551 4575 1691 4631 firmasit.

112 4660 222 4716 ferunt.
984 4665 1117 4722 CXLVlll.
1135 4665 1170 4719 Ut
1191 4664 1372 4737 singularum
1394 4663 1585 4719 Ecclesiarum
1611 4660 1764 4718 rusticanas
1783 4678 1834 4733 pa·

81 4748 174 4805 CXIII.
194 4750 229 4803 Ut
242 4749 337 4805 nultus
357 4750 475 4821 aliquod
489 4767 594 4808 munus
608 4756 727 4824 propter
750 4752 899 4809 ecclesiam
914 4770 931 4808 a
1018 4752 1126 4808 rochiae
1140 4768 1256 4825 semper
1268 4758 1405 4807 maneant
1419 4752 1605 4805 inconcussae.

113 4837 285 4910 presbytero
300 4839 438 4911 requirat.
984 4841 1091 4897 CXLIX.
1114 4841 1194 4907 Quod
1218 4839 1387 4896 tricennalis
1408 4839 1562 4910 possessio,
1584 4838 1608 4895 si
1636 4839 1742 4895 Intacta
1767 4854 1833 4909 per-

77 4925 167 4983 CXIV.
184 4927 223 4982 De
238 4925 339 4982 eadem
355 4944 396 4983 re.
1019 4930 1136 4997 mansit,
1153 4928 1259 4984 mutari
1272 4945 1331 4984 non
1345 4928 1458 4984 debeat.

76 5014 155 5071 CXV.
173 5015 209 5071 Ut
222 5014 385 5086 presbyteri
404 5015 504 5089 plebes
517 5017 694 5073 admoneant
709 5022 740 5074 nt
760 5017 930 5074 liutesmina
984 5017 1037 5074 CL.
1055 5018 1126 5072 Item
1141 5018 1176 5072 de
1189 5018 1275 5072 rebus
1288 5019 1354 5074 XXX
1368 5017 1453 5072 annis
1467 5014 1616 5087 possessis.

111 5102 212 5159 altaris
225 5108 399 5174 praeparent.
984 5105 1048 5161 CLI.
1066 5107 1105 5160 De
1120 5105 1178 5160 illis
1194 5106 1244 5178 qui
1258 5105 1294 5161 de
1306 5105 1432 5161 ecclesiis
1447 5101 1610 5161 coemetaria
1622 5100 1740 5158 faciunt.

73 5190 171 5247 CXVI.
199 5192 235 5246 Ut
249 5193 377 5264 episcopi
400 5193 577 5262 prevideant
595 5194 666 5267 quid
689 5194 849 5266 presbyteri
874 5195 928 5250 do·
983 5193 1061 5250 CLll.
1078 5196 1118 5250 De
1133 5195 1254 5267 illisqui
1267 5195 1298 5250 In
1313 5195 1401 5250 sacrIs
1415 5194 1484 5250 locis
1499 5209 1529 5248 se
1549 5191 1665 5262 sepeliri
1683 5189 1831 5262 petIerint.

114 5279 204 5334 miuis
218 5280 277 5334 suis
290 5296 343 5352 pro
356 5281 483 5337 aeclesiis
494 5282 586 5339 faeere
601 5283 732 5340 debcant.
984 5281 1075 5338 CLIII.
1094 5284 1133 5338 De
1148 5283 1250 5338 eadem
1265 5299 1306 5338 re.

72 5365 183 5422 CXVII.
199 5368 239 5423 De
255 5369 355 5424 eadem
370 5385 411 5425 re.
983 5370 1070 5426 CLIV.
1087 5371 1127 5426 De
1142 5371 1243 5426 eadem
1257 5387 1299 5427 re.

71 5453 196 5510 CXVIII.
230 5458 270 5512 De
299 5457 474 5531 presbyteris
505 5457 578 5514 nihil
610 5457 781 5514 habentibus
813 5460 928 5531 qnando
983 5458 1058 5516 CLV.
1075 5460 1114 5514 De
1129 5460 1229 5515 eadem
1240 5475 1282 5514 re.

119 5544 299 5601 ordinantur.
983 5547 1069 5604 CLVI.
1083 5548 1123 5604 lle
1138 5548 1239 5604 eadem
1254 5563 1296 5604 re.
