3878 6112
149 280 182 335 rs
798 274 828 332 s.
852 274 994 332 uanum
1014 274 1248 347 ineaneronrs
1870 279 1899 328 n

144 403 196 459 visi
213 403 297 475 pleno
325 418 446 458 numero
470 401 592 458 reddunt
607 400 802 457 hebdomadas
825 401 952 472 quinque
965 404 995 454 et
1013 403 1033 454 Α
1050 401 1103 455 hec
1118 400 1270 472 receptiori
1292 397 1455 454 celebritate
1471 398 1640 453 illustranda
1666 398 1840 465 censuimus,
1867 414 1899 452 ea

145 493 219 548 diem
244 492 526 564 unumhtqueheee
546 491 663 562 quidem
687 490 754 544 setis
776 490 872 559 pervia
891 495 919 543 et
942 489 992 542 ob·
1048 505 1113 560 quae
1127 489 1161 545 ad
1172 491 1233 558 eins
1251 495 1331 560 gesta
1355 494 1383 543 et
1403 488 1513 542 cultum
1528 488 1672 559 pertinent
1690 487 1736 542 hic
1764 504 1896 558 prosecu-

144 579 188 634 ria
214 586 288 643 erint,
311 581 489 652 habeturque
506 585 565 634 lota
582 580 647 634 vitae
672 579 807 651 periodus
834 578 869 632 ad
884 594 991 632 annum
1048 575 1115 642 turi,
1133 577 1287 648 praemissis
1303 577 1420 632 Usuerdi
1434 576 1580 630 nonnullis
1599 576 1734 631 aucteriis
1748 577 1778 630 in
1795 577 1898 647 quibus

144 668 235 722 aetatis
263 668 535 740 quinquagesimum
561 666 883 736 secundumprorlucle,
903 672 992 719 etro·
1048 665 1317 720 etxruetxrvlulii
1341 666 1511 719 collocatum
1538 664 1711 725 invenimus.
1736 680 1803 718 nem
1824 664 1897 736 apud

144 756 278 826 trogrado
308 756 409 809 ordine
440 755 617 809 numerando
640 753 772 824 ligandus
803 753 921 807 omnino
949 759 994 807 est
1048 754 1225 825 antiquiores
1254 754 1331 807 nulle
1363 758 1471 807 exstare
1500 753 1595 823 potuit
1632 752 1770 807 memoria
1796 752 1896 814 Sancti,

145 858 238 895 anneis
260 841 415 896 nativitatis
442 847 507 895 aute
532 856 661 894 mensem
684 841 802 894 tunium
827 856 991 895 dccccxxxvi.
1048 848 1133 914 quem
1151 843 1257 897 scimus
1278 842 1430 896 undecimo
1455 841 1698 912 primumsraculo
1725 841 1759 894 ed
1776 840 1897 912 Superos

145 928 189 985 Sic
218 930 305 1000 igilur
324 929 479 984 rectissime
493 930 521 982 in
551 928 743 983 annotetised
763 927 992 998 llitoepraedictae
1048 932 1184 985 evolasse.

145 1019 600 1090 cap.3llcomputavilGretserus
625 1018 653 1070 in
671 1017 992 1070 huncmodnm:«hlu-
1085 1022 1126 1074 ll.
1165 1020 1202 1073 lle
1229 1024 1331 1073 cetero
1358 1019 1425 1072 satis
1450 1023 1560 1074 certum
1589 1024 1632 1072 est
1664 1018 1798 1089 inclytam
1828 1018 1896 1072 adeo

145 1108 219 1161 ritnr
247 1107 553 1178 imperatorchricus
583 1121 767 1170 ennouxxrv,
787 1120 816 1158 ιιι
834 1103 992 1158 l-tuslnlii.
1047 1108 1144 1176 feris-se,
1168 1113 1262 1178 etpcr
1280 1107 1486 1162 totumorhcm
1505 1107 1675 1162 catholicum
1704 1108 1896 1178 percrebuisse

146 1195 233 1249 Natus
249 1202 290 1249 eet
305 1211 379 1248 enixo
394 1211 545 1248 ncccccxxn
563 1194 751 1247 Ratisbouaen
777 1191 881 1262 (locum
902 1193 992 1247 alium
1047 1196 1074 1252 S.
1095 1196 1207 1250 llenrici
1221 1196 1369 1260 virtutum,
1382 1195 1494 1265 pietatis
1517 1201 1545 1249 et
1561 1196 1765 1249 miraculorum
1781 1196 1896 1263 lamam,

143 1298 201 1338 non
214 1285 314 1353 procul
344 1282 767 1348 indeilissitum,Abodiacum,
786 1281 991 1334 notavitllade·
1046 1290 1152 1339 utnon
1168 1284 1217 1338 diu
1233 1288 1297 1354 post
1312 1284 1420 1337 obitum
1448 1299 1502 1354 pro
1529 1283 1630 1337 Sancto
1653 1282 1751 1336 haberi
1783 1285 1897 1353 caeperit

142 1385 192 1424 rus
219 1372 281 1425 loco
315 1387 401 1439 supra
426 1367 546 1436 citalola
574 1369 666 1437 pridie
696 1369 790 1422 Noniae
816 1369 890 1430 Maii,
913 1375 992 1423 latex
1047 1373 1160 1443 colique
1187 1390 1202 1424 a
1228 1372 1369 1436 fidelibus,
1400 1371 1560 1441 praesertim
1584 1388 1598 1424 a
1627 1371 1894 1441 Bambergensibns,

144 1459 272 1513 [litmaro
295 1458 533 1511 notatFelnicins
559 1456 589 1510 in
618 1455 784 1526 Originibus
805 1457 989 1511 saxonicis·
1047 1478 1120 1532 quos
1134 1460 1270 1514 continuo
1285 1460 1419 1514 institisse
1450 1459 1591 1524 existimo,
1619 1465 1651 1513 ut
1672 1459 1807 1513 lundetor
1832 1476 1896 1513 suus

144 1547 260 1601 Frustra
284 1546 330 1599 hic
356 1544 638 1616 pluribusdiscuties
663 1545 739 1615 quod
754 1545 783 1597 in
797 1545 917 1599 dubium
935 1562 991 1600 non
1046 1549 1078 1604 iu
1101 1550 1226 1603 coelitum
1254 1549 1351 1602 elbum
1376 1549 1537 1602 relerretur.
1568 1548 1705 1618 quamvis,
1731 1554 1762 1601 ut
1790 1549 1833 1613 ιιι,
1862 1549 1896 1602 ob

145 1639 304 1689 revocatur.
1008 1637 1124 1732 Bvarie
1140 1634 1307 1703 incidentia,
1333 1652 1377 1689 res
1402 1636 1431 1689 in
1458 1637 1588 1706 proxime
1615 1651 1738 1706 sequens
1761 1637 1896 1690 saeculum

182 1723 223 1783 lt.
243 1719 451 1776 lledieobilns
475 1720 660 1791 quaestionem
682 1737 794 1775 morere
810 1727 926 1791 possent
939 1738 993 1775 au·
1047 1724 1254 1779 dilatalnerit:
1276 1741 1334 1795 qno
1363 1724 1537 1778 intermedio
1561 1730 1690 1793 tempore
1718 1721 1749 1776 in
1768 1739 1821 1776 usn
1838 1739 1896 1777 esse

143 1809 449 1865 ctarieUsuerdinaet
470 1811 628 1863 recentiora
651 1808 893 1880 Martyrologinin
921 1826 992 1880 quo·
1046 1813 1204 1883 potuerint,
1232 1829 1303 1883 quus
1328 1813 1397 1866 olim
1433 1812 1582 1883 descripsit
1610 1817 1706 1864 noster
1727 1811 1895 1880 lanuingns.

142 1915 207 1953 rum
223 1898 367 1969 aliquibus
383 1898 513 1968 signatur
527 1896 555 1953 S.
584 1898 722 1952 hanricus
738 1915 767 1952 ιιι
786 1900 861 1964 ldus,
884 1898 914 1952 ιιι
929 1899 993 1953 aliis
1048 1902 1163 1956 «blissoe
1189 1901 1351 1972 speciales»
1377 1916 1429 1970 pro
1459 1900 1563 1953 sanctis
1578 1899 1737 1971 virginibus
1770 1901 1896 1970 conjugi·

142 1987 235 2057 pridie
251 1988 326 2049 ldus,
346 2002 404 2057 qno
420 1987 631 2056 expressissime
656 1990 779 2040 rel'crtur
803 1986 832 2041 in
853 1987 992 2041 hodierno
1046 1989 1098 2045 bus
1125 1989 1261 2044 celebrari
1286 1989 1387 2054 solilae,
1416 2004 1538 2060 quarum
1568 1989 1613 2042 hae
1636 1992 1702 2042 sunt
1731 1987 1894 2043 orationes:

144 2075 289 2129 Romano:
306 2095 319 2122 n
345 2074 519 2143 bambergae,
547 2073 637 2128 seneli
664 2075 774 2128 llenrici
798 2074 883 2145 primi
899 2076 991 2144 lmpe-
1048 2077 1243 2147 aPropiliere,
1260 2093 1436 2148 quesumus,
1454 2078 1583 2143 Domine,
1605 2076 1710 2131 animae
1737 2075 1840 2131 famuli
1855 2079 1896 2132 tui

142 2163 251 2218 ratoris
271 2165 321 2233 qui
335 2178 400 2216 com
418 2178 504 2216 uxore
529 2178 580 2215 sue
603 2163 800 2233 Clrunegunde
823 2171 991 2234 perpetuam
1046 2166 1168 2231 llenrici,
1186 2175 1214 2221 et
1233 2171 1335 2236 presta
1350 2171 1390 2230 ut,
1415 2166 1465 2237 qui
1491 2166 1525 2220 de
1541 2165 1598 2219 tuis
1614 2164 1697 2219 donis
1721 2165 1752 2219 iu
1765 2166 1820 2219 hoc
1834 2167 1894 2220 loco

142 2250 335 2320 virginitatem
365 2250 495 2316 servavit,
521 2255 549 2303 et
571 2258 700 2304 sanctum
716 2250 892 2321 Stephanum
913 2251 991 2304 llun-
1045 2255 1179 2325 pervigili
1195 2271 1264 2309 cure
1279 2253 1389 2309 nomini
1409 2258 1459 2307 tuo
1473 2253 1644 2325 quotidiana
1657 2253 1828 2324 praeparavit
1843 2255 1894 2308 ob·

63 2405 66 2413 ,
141 2353 276 2411 garornm
302 2353 478 2408 regerucnm
506 2337 784 2408 universalereejirs
808 2340 941 2409 reguoad
958 2338 991 2391 li·
1045 2342 1154 2413 sequia,
1185 2346 1402 2412 perpetuacum
1430 2341 1538 2395 Sanctis
1553 2340 1663 2410 pertrui
1679 2346 1821 2394 mereatur
1843 2342 1895 2396 lae-

141 2427 207 2481 dem
233 2427 339 2482 Christi
367 2425 578 2496 suscipiendam
593 2425 736 2497 perduxit,
758 2426 840 2497 cujus
855 2426 992 2481 festivitas
1044 2430 1117 2485 titia.
1134 2431 1187 2484 Per
1212 2431 1292 2484 nom,
1310 2452 1321 2477 ι
1338 2428 1789 2484 Secreta:«llencoblationem.
1813 2446 1895 2500 quae-

141 2514 188 2569 die
212 2513 343 2585 sequenti
357 2513 527 2578 celebratur,
550 2535 561 2561 »
577 2519 609 2568 ut
623 2513 743 2584 proinde
771 2530 804 2568 eo
818 2514 864 2569 die
881 2518 989 2568 morta·
1045 2534 1154 2582 sumus,
1167 2518 1297 2581 Domine,
1315 2523 1345 2571 ut
1360 2517 1386 2571 ei
1401 2517 1437 2571 ed
1455 2517 1577 2571 salutem
1594 2517 1752 2589 proveniat,
1768 2517 1851 2587 cujus
1865 2518 1894 2572 iu

139 2602 250 2656 litatem
275 2602 385 2655 exuisse
415 2605 499 2672 plene
521 2608 681 2655 censeatur.
710 2604 745 2656 al
774 2618 826 2672 pro
847 2602 989 2667 Gretsero,
1045 2608 1098 2661 hoc
1126 2608 1188 2662 loco
1217 2606 1365 2678 stipendiis
1389 2612 1487 2661 nostre
1514 2605 1566 2661 tibi
1605 2605 1726 2660 servitus
1764 2612 1894 2676 vegetata

139 2697 246 2762 preter
260 2691 394 2762 antiquos
409 2690 562 2761 scriptores
569 2691 630 2760 jem
650 2707 736 2762 supra
751 2690 891 2759 laudatos,
904 2690 991 2745 elios·
1046 2695 1199 2751 ministrat.
1216 2714 1230 2747 ιι
1261 2694 1502 2759 Postcommunio,
1525 2699 1590 2759 etc,
1606 2694 1739 2749 eumdem
1755 2701 1892 2766 spectant.

140 2795 206 2851 que,
224 2795 297 2850 quos
317 2795 465 2833 recensere
480 2779 658 2850 superlluum
684 2779 795 2849 judico,
810 2779 876 2833 fecit
891 2780 990 2834 eadem
1045 2783 1142 2838 Oratio
1167 2784 1202 2838 de
1230 2788 1327 2837 sancta
1355 2783 1530 2853 Cunegunda
1551 2782 1591 2837 ita
1616 2783 1748 2838 haben«
1776 2784 1892 2847 Praesta,

142 2866 170 2921 S.
185 2867 341 2922 hleinwerci
357 2866 429 2932 Vita,
457 2866 519 2921 loco
546 2866 630 2922 citato
652 2867 706 2921 hoc
729 2866 907 2938 epitaphium
922 2866 992 2922 refe·
1045 2888 1220 2942 quaesumus,
1244 2872 1426 2942 omnipotens
1441 2872 1524 2939 Deus,
1541 2877 1574 2925 ut
1594 2871 1691 2927 anime
1705 2871 1823 2927 lamule
1837 2877 1892 2925 rue

141 2969 222 3009 rens:
1009 2957 1263 3032 CChunegundre,
1289 2960 1417 3015 omnium
1439 2966 1621 3031 peccalorum
1644 2976 1761 3015 suorum
1773 2961 1894 3015 nexibus

1043 3049 1182 3119 absoluta,
1211 3065 1277 3103 crim
1301 3049 1435 3103 omnibus
1449 3049 1559 3105 Sanctis
1591 3048 1648 3103 tuis
1662 3054 1801 3120 perpetua
1825 3065 1890 3120 per·

1041 3137 1098 3193 frui
1123 3142 1267 3193 mereatur
1294 3137 1429 3205 laetitia»
1446 3144 1498 3193 etc.
1528 3139 1566 3193 Ex
1582 3136 1686 3209 quibus
1711 3143 1786 3193 certe
1814 3143 1893 3208 petet

1042 3223 1214 3280 abstinuisse
1230 3225 1321 3297 perid
1337 3231 1452 3297 tempus
1476 3226 1539 3296 pios
1554 3225 1702 3281 clientesa
1721 3225 1891 3281 Sanctorum

177 3086 278 3141 llenric
293 3089 438 3158 Augustus
452 3087 590 3142 virtulum
606 3087 736 3159 germine
743 3087 847 3157 justus,

212 3176 277 3230 llaec
288 3181 381 3230 servat
395 3176 476 3246 cujus
490 3175 598 3230 viscera
613 3176 703 3247 putris
718 3175 840 3243 liumus;

175 3263 316 3335 Splendor
342 3270 403 3319 erat
425 3266 531 3334 legum,
549 3267 707 3336 speculum,
736 3266 795 3329 lux,
816 3281 987 3338 gemmaque

212 3351 252 3407 Ad
268 3353 353 3408 caelos
363 3352 442 3419 abiit,
460 3369 517 3407 non
528 3353 655 3408 moriens
670 3352 751 3408 obiit.
861 3352 986 3426 [regum.

176 3440 273 3496 idibus
285 3440 315 3495 in
325 3441 413 3496 ternis
428 3448 579 3496 vexantem
595 3441 723 3513 pondera
735 3442 829 3496 carnis

209 3528 302 3583 lulius
320 3530 445 3585 aethereo
460 3535 623 3601 sumpserat
636 3529 768 3600 imperio.

178 3673 219 3726 te.
237 3673 302 3726 llaec
323 3671 404 3726 litem
419 3686 534 3726 omnem
550 3687 667 3742 prorsus
688 3670 822 3726 dirimere
845 3671 987 3740 videntur,

140 3758 280 3831 quidquid
309 3760 340 3813 in
364 3759 450 3813 variis
476 3759 546 3814 locis
585 3760 678 3813 cultus
705 3758 823 3813 fortasse
848 3760 935 3816 tuerit
959 3761 985 3817 S.

141 3848 278 3902 llenricus
292 3863 337 3901 xrv
351 3846 430 3913 tulii,
446 3863 533 3918 quem
558 3849 731 3902 recentiores
752 3847 859 3917 passim
887 3863 987 3903 omnes

139 3935 269 3990 unanimi
283 3951 423 3990 consensu
438 3951 472 3989 eo
493 3936 539 3989 dre
551 3934 735 3996 annuntiant,
755 3941 783 3989 el
797 3951 848 3988 nos
872 3935 940 3991 alibi
952 3937 986 3992 ed

138 4022 215 4077 hunc
232 4023 325 4095 ipsum
342 4024 383 4077 vel
400 4024 434 4078 ad
451 4029 619 4095 sequentem
634 4040 669 4077 xv
689 4022 788 4076 omnia
804 4023 838 4075 ad
852 4022 986 4076 Sanctum

44 4156 49 4162 .
139 4113 296 4183 spectantia
333 4112 507 4177 remisimus,
550 4110 708 4165 secundum
750 4110 867 4164 citatum
900 4111 986 4165 modo

1041 3313 1198 3368 honoribus
1225 3313 1294 3384 ipsis
1316 3312 1487 3368 deferendis.
1523 3314 1620 3385 Neque
1650 3313 1813 3368 verosimile
1839 3321 1889 3379 est,

1041 3408 1107 3457 ante
1131 3402 1374 3457 canonizationem
1401 3402 1429 3457 S.
1465 3401 1578 3457 Henrici
1601 3418 1706 3456 nomen
1735 3402 1765 3456 in
1797 3419 1890 3457 sacros

1044 3492 1139 3546 Festos
1154 3492 1274 3545 relatum
1297 3491 1393 3557 fuisse,
1423 3494 1451 3544 at
1476 3490 1570 3561 primo
1597 3489 1715 3563 quidem
1738 3506 1788 3545 xxn
1812 3492 1888 3561 tulii,

1041 3578 1144 3634 deiude
1172 3595 1226 3645 xiv,
1254 3584 1285 3632 ut
1309 3579 1404 3650 pelam
1425 3577 1533 3641 facient
1550 3578 1682 3649 exempla
1709 3577 1756 3632 hio
1781 3578 1889 3632 subue-

1041 3668 1153 3723 ctenda.
1931 3732 1933 3741 Ι

1079 3760 1121 3812 ι5.
1138 3785 1173 3798 -
1186 3756 1264 3810 luter
1278 3756 1390 3810 codices
1400 3761 1516 3810 nostros
1530 3754 1614 3827 isqui
1625 3754 1660 3809 de
1677 3773 1691 3806 a
1705 3759 1806 3808 sancto
1819 3755 1887 3809 Heu·
1930 3754 1933 3819 ζ

1042 3844 1191 3898 ricoxuro
1219 3843 1287 3899 tulii
1313 3844 1424 3915 primus
1444 3842 1583 3905 meminit,
1613 3848 1657 3898 est
1677 3842 1888 3914 llagenoyensis
1930 3902 1933 3907 ,

1042 3932 1071 3986 in
1083 3932 1235 3987 Germania
1260 3931 1392 4002 scriptus,
1425 3931 1470 3985 his
1486 3930 1624 3986 verbisz«
1653 3930 1685 3984 lu
1710 3930 1887 3999 bebenberg,
1931 3968 1933 3973 -

1042 4021 1132 4075 sancti
1160 4020 1273 4074 llenrici
1305 4019 1490 4091 Imperatoris
1515 4018 1694 4074 contessoris.
1722 4040 1736 4066 ι
1775 4019 1888 4074 Brerius

1041 4107 1186 4163 ldatricula
1211 4108 1368 4164 carthusie
1394 4107 1628 4177 Ultrejectinre:a
1660 4107 1771 4162 llenrici
1795 4108 1888 4177 impe·
1931 4150 1933 4155 .

139 4197 372 4268 llartyrologium
399 4198 570 4263 llomanom,
587 4197 617 4251 in
641 4211 698 4266 quo
716 4195 808 4262 hodie,
825 4195 860 4250 oh
880 4196 1022 4264 solem-p
1042 4197 1153 4250 retorie.
1173 4218 1183 4243 ι
1209 4196 1342 4267 Elegium
1357 4196 1538 4251 concinnavit
1554 4195 1645 4250 Editio
1672 4195 1792 4250 Lubeco-
1808 4195 1888 4249 Colo·

139 4289 205 4341 nius
219 4287 247 4341 S.
273 4286 477 4340 bonaventurae
498 4285 613 4347 festum,
635 4283 765 4339 Officium
782 4283 871 4338 sancti
892 4284 985 4354 lmpe-
1040 4285 1160 4338 niensis:
1179 4304 1192 4334 a
1209 4284 1240 4338 ln
1265 4285 1377 4339 civitate
1406 4284 1644 4354 babenbergensi,
1671 4282 1811 4354 depositio
1828 4299 1889 4337 san·

140 4377 243 4432 caloris
257 4375 379 4430 dilatum
404 4374 495 4429 estad
510 4373 677 4437 praedictam
692 4387 739 4440 xv,
762 4372 839 4441 quod
865 4373 982 4442 proprio
1039 4373 1076 4427 cti
1094 4372 1205 4426 henrici
1236 4373 1421 4444 Imperatoris
1444 4371 1690 4436 christianissimi,
1711 4370 1762 4442 qui
1787 4387 1887 4440 regna·

139 4464 186 4519 die
197 4463 298 4535 reponi
311 4461 459 4516 commode
475 4478 534 4516 noo
552 4460 702 4532 potuisset,
725 4475 790 4513 cum
805 4460 835 4515 S.
855 4460 983 4514 Anecleli

139 4553 289 4607 testivitate
321 4551 504 4623 impediatur.
533 4549 586 4614 uui
615 4547 748 4603 acciderit
777 4554 805 4602 ul
830 4547 983 4603 in·Sencti

138 4641 228 4694 natali
253 4638 447 4712 consignando
480 4634 652 4691 variaverint
666 4635 877 4706 lilertyrologia,
899 4643 984 4690 com-

138 4733 252 4799 pertum
266 4727 400 4799 equidem
422 4725 594 4791 nonhabeo,
612 4729 652 4790 at,
670 4724 726 4778 nisi
741 4726 865 4779 mullum
889 4725 982 4793 fallor,

137 4819 256 4873 modum
272 4831 387 4871 omnem
413 4815 442 4868 in
459 4829 492 4868 ee
515 4813 682 4868 difficultate
704 4819 900 4868 occurrentem
917 4815 984 4868 satie

136 4908 265 4979 apposite
288 4903 415 4961 dissolvit
443 4903 493 4974 qui
516 4902 543 4957 S.
571 4900 723 4956 ilenricum
746 4902 848 4957 obiisse
872 4903 985 4973 scripsit

136 4996 198 5068 ipsa
213 4999 294 5049 nocte
308 4993 385 5048 inter
398 5007 448 5045 xin
463 4996 491 5044 et
505 5006 549 5043 ,ιιι
561 4989 630 5044 tulii
653 4989 871 5058 intercurrente,
897 4991 936 5044 sic
953 4997 984 5046 ut

137 5099 207 5138 ansa
235 5083 301 5137 iude
325 5081 461 5136 facillime
485 5083 598 5150 accepte
627 5077 664 5132 sit
682 5078 809 5134 diversos
830 5080 891 5151 ejus
906 5083 982 5133 tran-

135 5172 203 5227 silui
217 5168 473 5240 dicsaesignandi3
500 5167 556 5223 uisi
580 5167 653 5223 torte
676 5168 840 5224 solemnitas
866 5169 984 5223 canoni-

136 5258 266 5325 zationis,
282 5263 331 5312 aut
350 5255 513 5328 aliquaelie
539 5256 613 5311 ratio
641 5255 840 5311 intervenerit.
871 5256 984 5310 Utcum-

136 5364 192 5422 que
204 5362 271 5402 rero
298 5345 327 5402 id
343 5346 449 5401 tectum
464 5344 560 5413 fuerit,
590 5344 703 5399 tametsi
732 5343 871 5398 hodierne
888 5343 982 5398 Sancti

136 5437 301 5494 solemnitas
323 5436 359 5491 ah
389 5436 519 5499 Ecclesia,
537 5434 579 5488 nti
604 5432 737 5493 diximus,
766 5431 812 5485 die
840 5431 981 5503 sequenti,

135 5543 184 5582 seu
202 5542 247 5593 xv,
263 5526 314 5581 hoc
328 5531 458 5598 tempore
484 5528 648 5579 constanter
671 5521 823 5588 recolatur,
839 5526 904 5577 acte
919 5524 981 5593 ojus

1037 4461 1078 4515 vit
1109 4478 1163 4515 xxn
1192 4462 1285 4527 erinis,
1313 4461 1364 4515 suh
1393 4475 1470 4515 auno
1502 4459 1618 4514 Domini
1643 4459 1807 4514 millesimo.
1839 4460 1888 4514 Coi

1038 4551 1209 4622 desponsata
1240 4549 1293 4604 luit
1322 4553 1417 4604 sancta
1450 4549 1646 4619 cunegundis,
1679 4548 1738 4602 lilia
1768 4548 1887 4602 Palatini

1035 4639 1148 4694 comitis
1179 4639 1280 4702 Rheni,
1307 4638 1386 4708 virgo
1414 4638 1604 4692 devotissimi.
1630 4636 1685 4702 Qui
1712 4635 1887 4707 paritervir·

1038 4727 1172 4798 ginilates
1198 4742 1263 4780 suas
1287 4726 1344 4779 Deo
1360 4733 1504 4789 voventes,
1532 4726 1640 4780 occulte
1656 4723 1782 4794 virgines
1798 4739 1887 4795 usque

1038 4815 1173 4870 adfinem
1198 4814 1262 4868 vitre
1277 4822 1512 4884 permenserunt.
1528 4833 1541 4864 ι
1573 4814 1661 4867 Paulo
1677 4813 1760 4867 aliter
1784 4812 1886 4867 Grave·

1038 4920 1101 4969 nus,
1126 4904 1155 4957 in
1182 4917 1258 4956 anno
1285 4901 1380 4956 obitus
1407 4918 1559 4957 exerrans:
1580 4900 1702 4957 civitate
1727 4901 1887 4956 Bebenber·

1038 4993 1129 5061 gensi,
1159 4991 1249 5046 sancti
1274 4990 1387 5046 llenrici
1421 4990 1605 5062 Imperatoris
1643 4989 1886 5055 Christianissimi,

1038 5079 1258 5150 hujusnominis
1273 5081 1359 5151 primi
1381 5079 1474 5152 quoad
1496 5080 1698 5150 lmperatores,
1714 5079 1888 5133 benedictio

1038 5183 1104 5222 nem
1118 5168 1295 5237 imperialem
1316 5184 1366 5223 seu
1389 5184 1524 5223 coronam
1545 5171 1699 5222 assecutos.
1716 5166 1805 5237 Cujus
1821 5182 1888 5221 uxor

1038 5255 1222 5325 Cuueguudis
1248 5256 1328 5326 virgo
1357 5256 1544 5322 sanctissime,
1575 5254 1790 5326 juvenculaque
1825 5254 1886 5325 pul·

1037 5343 1188 5410 cherrima,
1217 5343 1251 5397 ad
1267 5343 1322 5398 hoc
1335 5343 1429 5398 virum
1445 5358 1529 5397 suum
1555 5341 1668 5397 induxit
1695 5347 1727 5396 ut
1741 5342 1885 5397 commoni

1036 5437 1103 5487 volo
1130 5430 1206 5485 inter
1220 5448 1249 5486 se
1264 5436 1433 5504 perpetuam
1458 5431 1652 5502 virginitatem
1677 5436 1842 5486 servarent:
1859 5431 1886 5486 iu

1038 5538 1095 5597 quo
1125 5526 1198 5576 stela
1223 5522 1249 5576 S.
1279 5521 1416 5577 llenricus
1442 5520 1553 5576 Christo
1583 5519 1719 5588 servieus,
1740 5535 1818 5576 auno
1835 5522 1886 5576 llo·
