3878 6112
141 244 187 297 m
785 240 1237 301 submurmuratione
1306 213 1309 218 ’
1840 239 1888 294 sss

139 364 239 418 eratet
259 361 499 431 uenustissimam
529 364 706 435 pereleganti
726 378 843 438 quoque
858 363 1023 437 corporish
1077 367 1121 421 tr.
1139 383 1153 419 r
1170 364 1283 421 Nemini
1310 367 1378 420 tuuc
1399 361 1429 418 iu
1458 367 1584 419 mentem
1608 360 1751 429 seuiebat,
1776 361 1807 418 iu
1832 362 1890 417 ele-

138 449 341 507 coustitutioue
357 467 364 507 :
380 468 438 523 qua
460 453 606 508 occasione
629 453 748 509 humani
762 453 876 526 generis
897 453 987 510 hostis
1041 453 1135 510 ctione
1150 452 1305 527 episcopali
1332 465 1457 508 exorna
1479 451 1660 524 proditurum
1680 451 1821 508 toennem
1835 450 1890 506 Go-

139 538 338 596 haercditarius
374 543 499 611 arrepta,
526 541 588 613 ejus
615 542 751 614 virgineae
778 542 897 613 puritati
932 545 986 601 boc
1040 541 1193 609 delridum,
1208 540 1389 614 tumquiais
1409 546 1519 597 eratex
1539 539 1704 611 iunioribus
1728 538 1892 611 capitulari·

138 632 339 698 stratagemate
353 628 472 683 insidias
490 630 601 696 struxit,
625 635 655 685 et
668 630 782 702 pedicas
804 631 917 702 objecit.
935 633 986 687 Fe·
1041 629 1104 696 burs,
1132 635 1195 685 tum
1225 629 1293 704 quia
1324 622 1461 700 sutfragia
1488 627 1673 684 collimabant
1695 627 1727 683 iu
1751 626 1895 684 ioannem

139 717 225 772 minse
245 715 378 788 quedam
392 733 425 771 ex
448 733 583 788 gynaeceo
611 718 708 789 magni
734 720 858 775 nominis
873 725 902 776 et
917 720 986 776 illu·
1041 719 1279 789 christophorum
1297 720 1457 772 serretellae
1475 716 1583 772 dietum
1611 717 1749 783 Sturmer,
1767 716 1892 771 ecclesie

139 804 205 862 stris
236 803 419 874 conditionis,
442 805 597 872 instigante
631 807 841 875 cacodaemone,
879 808 986 881 insigni
1042 807 1198 881 imperialis
1221 807 1371 862 decamrm.
1413 805 1468 861 Sed
1503 804 1671 877 suit'ragium
1705 805 1733 860 8.
1770 804 1892 860 Heinrici

139 894 201 964 ejus
214 893 307 949 torma
333 897 361 948 et
382 894 593 964 pulchritudine
621 900 722 968 captas,
749 897 867 954 honoris
893 898 987 970 specie
1041 912 1094 968 pro
1113 896 1216 951 clienta
1230 911 1282 951 suo
1295 895 1404 951 toanue
1419 894 1571 951 Godeirido
1582 893 1657 966 apud
1667 894 1759 949 iteum
1775 892 1892 948 demum

140 981 346 1037 adcourivium
361 981 518 1039 invitarunt
538 999 544 1037 :
561 983 621 1049 ubi,
643 999 709 1039 cum
733 1000 799 1040 eum
815 985 866 1058 qui
888 1002 987 1043 curam
1042 984 1201 1057 prevaluit.
1217 984 1298 1052 iiiuc,
1318 982 1431 1038 etiamsi
1454 987 1630 1037 memoratus
1650 981 1776 1037 decanm
1799 981 1891 1053 primo

140 1085 170 1124 es
186 1069 280 1124 otticio
305 1086 404 1142 gerere
427 1071 560 1138 debebat,
582 1071 622 1126 uil
647 1072 715 1126 mali
742 1072 933 1144 suspirantem
952 1090 987 1130 ex
1041 1074 1136 1128 statim
1151 1071 1289 1127 scrutinio
1304 1071 1334 1126 in
1358 1070 1523 1142 episcopum
1552 1069 1784 1137 electusluisset,
1801 1069 1893 1124 uoluit

141 1157 281 1213 industria
309 1158 509 1227 immisceant,
540 1160 729 1232 cubitumque
756 1161 867 1216 ductari
881 1163 987 1234 jussis·
1041 1161 1321 1234 tamcudiguitatem
1348 1159 1490 1215 amittere.
1510 1159 1550 1224 Et,
1567 1159 1633 1213 licet
1659 1163 1752 1213 atoto
1768 1158 1892 1230 capitulo

139 1252 258 1313 seut,ee
287 1252 370 1302 nocte
398 1248 610 1305 adolescentem
637 1265 751 1322 quoque
777 1251 853 1322 apud
867 1267 898 1307 se
914 1252 987 1308 reti·
1041 1251 1182 1306 instanter
1201 1253 1350 1321 rogaretur
1364 1252 1392 1304 et
1417 1253 1569 1320 urgeretur
1593 1248 1628 1301 ed
1644 1245 1892 1309 consentiendum,

140 1349 208 1388 uere
219 1335 381 1403 sciuerunt,
393 1334 471 1407 quia,
486 1351 524 1390 ne
539 1337 599 1406 ipse
623 1337 691 1391 maii
705 1337 855 1410 quidpiam
871 1339 987 1395 subesse
1043 1355 1101 1395 uon
1121 1343 1232 1394 tantum
1252 1337 1376 1393 secundo
1390 1340 1419 1392 et
1445 1335 1541 1403 tertio,
1559 1335 1712 1391 sedetiam
1735 1341 1839 1408 quarto
1855 1351 1894 1390 re·

141 1427 227 1489 ratus,
255 1438 320 1477 cum
346 1423 504 1479 dormitum
528 1423 590 1496 jem
616 1424 809 1493 concessisset,
835 1425 988 1481 libidinosa
1042 1428 1158 1484 cusarit.
1189 1428 1317 1500 Cumque
1338 1425 1401 1481 haec
1426 1425 1501 1479 lucta
1528 1424 1577 1480 diu
1613 1427 1736 1490 teneret,
1764 1423 1892 1487 demum,

141 1509 190 1563 ilia
203 1509 513 1581 diaboliorgauaciam
536 1513 679 1585 taciteque
699 1515 802 1569 lectum
818 1515 879 1585 ejus
895 1531 987 1570 acces·
1041 1517 1166 1588 ipsomet
1193 1516 1301 1571 decano
1327 1518 1483 1585 preeunte,
1513 1528 1547 1567 ex
1570 1511 1761 1584 inspiratione
1772 1511 1894 1583 Spiritus

140 1602 249 1665 serunt,
270 1602 299 1653 et
317 1598 409 1654 verbis
432 1600 539 1671 pariter
564 1600 683 1668 lascivit,
707 1605 736 1656 et
759 1603 987 1676 quibuscumque
1044 1604 1134 1660 sancti
1145 1611 1174 1661 et
1184 1602 1315 1659 unanimi
1329 1614 1470 1656 consensu
1482 1600 1667 1656 dominorum
1693 1598 1895 1672 capitularium

98 1683 100 1687 ⁴
141 1690 274 1757 poteraut
301 1685 514 1743 titillationibus
536 1688 571 1744 ad
598 1706 644 1744 res
658 1690 781 1746 ueteries
800 1707 867 1747 eum
882 1691 991 1748 sollici·
1045 1690 1348 1749 toauuesGodeiridus
1363 1689 1399 1745 ad
1418 1685 1583 1744 hechausen
1610 1688 1750 1743 salutatus
1765 1687 1820 1743 tuit
1834 1686 1895 1758 epi·

141 1779 202 1830 tare
224 1779 384 1845 coeperuut.
412 1777 485 1841 Quid
496 1777 698 1849 pudicissimus
718 1780 905 1836 adolescens?
920 1781 991 1837 ilor-
1046 1797 1150 1853 scopes
1177 1777 1394 1850 bambergensis
1426 1793 1474 1833 xrs
1500 1776 1579 1845 lolii,
1598 1792 1674 1832 anuo
1710 1792 1804 1832 sucu.
1836 1775 1894 1832 ere-

143 1864 264 1918 reudum
280 1863 479 1931 vocitersus,e
503 1865 585 1933 lecto,
610 1872 643 1922 ut
660 1872 732 1938 erat,
754 1869 838 1925 lineis
852 1870 950 1939 caligit
964 1873 993 1924 et
1046 1870 1171 1926 ctionem
1185 1869 1269 1935 hauc,
1301 1865 1416 1939 speciali
1438 1864 1570 1922 Numinis
1583 1864 1771 1937 providentia,
1790 1864 1824 1919 in
1845 1865 1896 1918 bo·

142 1950 257 2006 indusio
271 1952 389 2006 vestitus
413 1953 547 2024 prosiliit,
563 1971 578 2010 e
594 1956 727 2012 manibus
746 1958 861 2013 illarum
886 1958 991 2029 erupit,
1045 1972 1115 2014 num
1132 1955 1262 2012 Ecclesia
1276 1953 1506 2025 bambergensis,
1519 1953 1583 2024 opis
1606 1952 1763 2008 admodum
1778 1951 1896 2023 indige,

141 2039 247 2094 ostium
262 2040 364 2095 domus
379 2040 546 2098 festinanter
567 2045 659 2115 petiit,
676 2049 713 2113 et,
739 2047 845 2102 relictis
859 2047 993 2102 omuibus
1047 2045 1214 2117 dispositam
1230 2060 1261 2098 ec
1273 2042 1436 2098 ordinatam
1449 2041 1547 2108 tuisse,
1573 2039 1734 2095 communis
1748 2044 1812 2094 eret
1827 2038 1898 2111 peri-

143 2133 210 2200 post
227 2144 256 2183 se
272 2128 459 2198 vestimentis,
482 2132 517 2188 ad
544 2132 663 2189 domum
678 2134 827 2206 cujusdem
846 2135 931 2191 emici
946 2152 992 2190 re·
1046 2139 1141 2190 torum
1157 2132 1315 2204 persuasio.

142 2215 195 2283 uit,
212 2216 311 2288 ibique
325 2218 403 2289 quod
431 2219 575 2291 reliquum
602 2227 662 2278 crat
682 2223 785 2292 noctis,
815 2224 994 2297 Deogratias
1082 2225 1125 2276 52.
1161 2243 1172 2271 ι
1203 2218 1452 2275 Eminentissimus
1479 2215 1633 2271 cardinalis
1661 2215 1856 2271 bellarminus
1869 2214 1900 2269 iu

142 2319 231 2376 agens
255 2320 308 2377 pro
345 2305 464 2362 obtenta
491 2308 628 2364 castitatis
657 2311 763 2381 palma,
801 2311 899 2383 quiete
929 2326 993 2383 per·
1048 2310 1140 2382 prima
1154 2309 1276 2380 epistola
1291 2308 1327 2362 ad
1349 2306 1488 2362 ioannem
1514 2303 1698 2360 Godeiridum
1732 2303 1899 2376 episcopum

143 2392 241 2464 gib...
1049 2399 1287 2468 bambergensem
1321 2410 1414 2467 nuper
1451 2394 1584 2460 electum,
1612 2392 1680 2447 data
1704 2407 1732 2447 ιν
1760 2392 1897 2448 Novemb.

178 2482 260 2537 lu«
289 2480 413 2538 Clericus
427 2483 544 2539 mudem
574 2484 713 2554 initiatus,
739 2488 848 2560 majore
877 2487 994 2543 solertia
1049 2504 1139 2556 uncis,
1163 2488 1204 2541 ita
1236 2483 1356 2541 scribit:
1386 2480 1579 2538 illustrissime
1605 2496 1638 2536 ac
1664 2480 1901 2536 reverendissime

143 2569 272 2640 corporis
297 2574 326 2625 et
352 2571 457 2627 mentis
485 2573 663 2630 castimoniae
701 2575 755 2631 sibi
783 2575 994 2648 invigilandum
1048 2575 1205 2640 domine,a
1221 2572 1343 2630 Domino
1358 2573 1465 2627 tactum
1479 2573 1522 2624 est
1547 2569 1624 2625 istud
1639 2585 1646 2636 ;
1661 2571 1747 2624 etesi
1768 2568 1901 2624 mirabile

144 2657 314 2714 existimavit
329 2675 337 2726 3
353 2659 440 2731 idque
453 2652 534 2716 tanto
557 2662 733 2734 diligentins,
748 2669 856 2736 quanto
871 2665 995 2735 majores
1047 2664 1079 2721 iu
1094 2664 1184 2720 oculis
1199 2661 1312 2719 uostris.
1336 2660 1460 2716 Nuntius
1474 2658 1510 2714 de
1537 2658 1675 2713 electione
1701 2657 1902 2712 illustrissime

143 2750 205 2802 tum
220 2747 358 2819 temporis
382 2751 553 2821 corruptele
581 2750 688 2822 passim
714 2751 848 2824 rigebant
850 2788 925 2809 .......
943 2753 995 2807 Vix
1049 2750 1334 2808 etrererendissimre
1363 2750 1443 2803 bom.
1467 2752 1569 2803 vestre
1592 2746 1717 2802 leritlcat
1737 2745 1901 2800 universam

143 2851 204 2890 aero
215 2839 312 2890 nostro
325 2835 457 2892 inventus
486 2838 642 2895 estsimilis
666 2841 720 2908 illi,
750 2840 891 2913 quitanto
906 2840 994 2911 virgi·
1048 2842 1190 2896 ciuitatem
1210 2838 1270 2894 bei.
1298 2837 1470 2893 bolebamus
1494 2834 1710 2906 oppressionem
1725 2831 1833 2889 nobilis
1852 2834 1902 2888 lic·

144 2938 207 2978 uere
222 2923 357 2995 puritatis
376 2926 437 2980 zelo
459 2932 641 2982 conservaret
665 2929 756 2999 legem
773 2929 889 2984 Excelsi.
907 2930 996 2999 Hujus
1011 2924 1032 2980 C
1049 2929 1143 2985 clesiee
1165 2928 1382 2998 bambergensis
1399 2941 1406 2980 ε
1423 2930 1528 2982 etcum
1554 2939 1613 2978 nou
1640 2926 1822 2977 succurreret
1854 2937 1901 2994 ap·

143 3011 232 3081 igitur
259 3012 436 3068 castimonie
474 3014 665 3087 aliarumque,
694 3015 799 3088 quihus
823 3017 872 3071 illa
896 3016 996 3087 stipari
1050 3023 1112 3073 tum
1136 3017 1309 3084 remedium,
1331 3030 1347 3069 a
1373 3013 1496 3069 Domino
1534 3012 1673 3068 seruilium
1699 3010 1901 3083 precabamur.

145 3101 229 3170 solet,
259 3099 397 3156 virtutum
428 3101 586 3173 fragrantia
622 3103 777 3159 delectatus
804 3105 832 3161 S.
858 3105 995 3161 tierricus
1049 3107 1105 3162 Sed
1119 3105 1185 3178 pios
1196 3103 1330 3159 dominus
1358 3101 1424 3157 iecit
1450 3099 1731 3172 superabundantius
1751 3115 1840 3171 quam
1856 3114 1901 3171 pa·

144 3188 258 3244 ridetur
279 3188 420 3244 ioannem
451 3189 638 3248 Godelridum
678 3192 822 3264 selegisse,
845 3197 911 3249 eta
938 3194 996 3248 lieo
1050 3200 1110 3251 tere
1124 3199 1175 3250 aut
1201 3192 1364 3264 intelligere
1391 3195 1564 3262 poteramus.
1590 3190 1727 3260 Superest
1756 3203 1835 3243 nuuc
1859 3194 1900 3253 ut,

146 3276 304 3332 obtinuisse
320 3294 372 3349 pro
391 3294 443 3333 sua
463 3278 587 3334 Ecclesia
607 3279 785 3352 episcopum,
812 3297 863 3337 sau
889 3281 997 3337 instru·
1050 3282 1101 3355 qni
1133 3280 1218 3354 coepit
1241 3280 1272 3336 in
1287 3279 1366 3334 vobis
1387 3294 1461 3351 opus
1489 3278 1608 3345 bouum,
1630 3277 1692 3348 ipse
1713 3276 1854 3350 perficiat,
1872 3282 1900 3331 et

147 3371 276 3420 mentum
286 3366 408 3420 maxime
420 3365 559 3422 idoneum
570 3367 605 3423 ad
620 3369 828 3424 restituendum
845 3369 995 3442 pudorem,
1050 3387 1104 3443 per
1127 3386 1178 3426 vos
1202 3369 1323 3426 Ecclesia
1351 3367 1568 3440 bambergensis
1602 3366 1724 3438 gloriam
1764 3382 1848 3421 arsam
1874 3365 1903 3421 iu

147 3454 270 3524 quinon
288 3458 401 3509 tentum
414 3454 445 3509 iu
469 3456 585 3528 populo,
610 3455 761 3512 sedetiam
787 3457 818 3514 iu
838 3458 926 3526 clero,
943 3458 997 3513 mi·
1052 3458 1186 3533 presenti
1204 3458 1333 3530 recipiat,
1350 3460 1381 3511 ut
1395 3460 1424 3511 et
1451 3471 1500 3510 ros
1526 3454 1558 3510 in
1580 3454 1627 3510 die
1655 3453 1769 3509 bomini
1783 3454 1901 3509 immor·

147 3542 302 3598 serendum
331 3542 361 3599 iu
390 3543 510 3599 modum
537 3546 680 3617 collapsus
698 3547 800 3601 luerat.
814 3547 899 3603 Unde
919 3563 996 3613 curn,
1051 3549 1138 3603 telem
1164 3547 1263 3620 gloriae
1292 3560 1427 3601 coronam
1457 3562 1475 3600 a
1500 3543 1631 3615 Principe
1658 3547 1806 3612 pastorum
1831 3541 1902 3596 reci·

109 3662 110 3666 =
147 3647 225 3685 anuo
251 3647 332 3687 uucsx
364 3648 438 3688 xuvlr
470 3633 621 3705 episcopus
651 3634 681 3690 iu
723 3635 857 3691 extremis
889 3640 997 3708 egeret,
1053 3634 1145 3709 piatis.

148 3718 269 3789 virginei
306 3721 443 3791 conjuges
469 3721 496 3777 8.
528 3723 675 3777 lleiuricus
700 3728 729 3778 et
757 3723 942 3795 cunegundis
968 3722 1003 3779 in>
1087 3727 1134 3781 53.
1156 3745 1170 3773 o
1188 3723 1264 3778 ldem
1279 3718 1441 3786 cardinalis,
1470 3718 1571 3774 eodem
1584 3717 1631 3773 die
1646 3721 1675 3772 et
1687 3732 1764 3772 anuo
1778 3717 1905 3772 scribens

149 3807 220 3863 turri
247 3808 370 3863 ecclesie
398 3809 570 3865 cathedralis
598 3812 692 3867 deuuu
724 3828 754 3867 se
782 3811 999 3883 conspiciendos
1053 3811 1234 3868 serenissimo
1251 3804 1671 3874 bavariseducildaximiliauo,
1688 3804 1904 3861 interstiahasc

148 3900 178 3951 et
199 3912 252 3968 pro
279 3897 411 3969 eligendo
437 3914 510 3953 noso
539 3901 661 3971 presule
695 3900 831 3956 sollicitos
861 3900 999 3955 exhibue-
1052 3901 1156 3957 hahet:
1173 3899 1211 3954 be
1222 3899 1385 3954 electorem
1398 3894 1602 3967 bambergensi
1616 3894 1687 3966 quid
1700 3895 1814 3949 dimm‘l
1826 3893 1904 3949 Sensi

149 3990 226 4039 runt.
1054 3987 1180 4060 proiecto
1195 3985 1392 4041 incredibilem
1420 3984 1511 4040 animi
1529 3985 1716 4054 uoluptatem,
1728 3989 1754 4038 et
1770 3988 1831 4037 tam
1847 3998 1905 4037 ma·

185 4076 228 4128 50.
251 4073 313 4129 eid
335 4073 414 4143 quod
445 4073 476 4128 iu
504 4075 652 4143 opusculo,
677 4075 723 4128 cui
750 4075 873 4141 titulus,
898 4076 998 4131 Luctus
1054 4076 1277 4147 niiestaegratiae
1303 4074 1353 4130 liei
1378 4073 1556 4130 humillimas
1583 4071 1690 4143 gratias
1713 4070 1770 4142 egi.
1791 4069 1903 4126 itailie.

149 4159 275 4230 pellicos
321 4161 480 4216 meronie
508 4162 540 4215 ob
568 4162 744 4216 immaturum
767 4177 781 4216 e
808 4164 867 4216 oito
894 4162 999 4217 obitum
1015 4205 1036 4260 D
1055 4163 1178 4218 Historia
1205 4163 1341 4234 inscripta
1368 4162 1481 4232 collegii
1508 4160 1568 4216 Suc.
1595 4161 1658 4214 lesu
1677 4158 1834 4229 herbipoli,
1859 4158 1905 4214 illo

112 4320 120 4326 ἱ
149 4250 262 4304 Joonnis
285 4249 438 4317 (indomiti,
465 4247 541 4304 edito
565 4265 582 4304 a
604 4250 725 4320 collegio
753 4248 903 4305 Societatis
933 4248 999 4304 lesu
1057 4251 1118 4322 ipso
1141 4267 1217 4306 auno
1240 4266 1330 4316 aucrx,
1355 4249 1391 4305 de
1416 4248 1551 4319 episcopo
1578 4243 1782 4316 bambergensi
1808 4259 1906 4299 recens

153 4337 297 4408 ilerhipoli
326 4353 401 4391 euno
429 4354 559 4404 socxxru,
586 4355 651 4410 pag.
681 4341 707 4403 3,
736 4338 815 4394 hisce
842 4338 936 4394 uerbis
953 4354 1002 4393 re-
1056 4339 1197 4393 electoite
1224 4337 1370 4408 loquitur:
1388 4337 1424 4391 Es
1453 4334 1671 4407 partheniorum
1695 4331 1839 4389 sedatium
1852 4347 1904 4386 nu·

151 4424 268 4480 lectur:
299 4426 346 4481 88.
375 4424 523 4480 lieiuricus
550 4430 579 4480 et
608 4425 793 4497 Cuneguudis
826 4428 912 4498 paulo
936 4433 1002 4482 aute
1058 4442 1137 4481 mero
1156 4425 1284 4481 Eccleeire
1310 4422 1512 4495 bambergensi
1538 4420 1645 4494 praesul
1672 4419 1907 4477 divinitusdatus

152 4513 213 4585 ejus
227 4512 396 4569 electionem
421 4514 474 4569 visi
499 4516 600 4571 urbem
624 4531 640 4571 e
669 4514 740 4571 turri
773 4516 1002 4588 circumspicere,
1057 4521 1100 4571 est
1113 4517 1236 4570 loannes
1251 4514 1418 4571 Godelridus
1437 4514 1473 4568 ab
1502 4511 1675 4578 lischauseu,
1697 4509 1787 4565 homo
1817 4509 1907 4582 philo·

152 4605 242 4671 onam
255 4603 465 4675 apparitionem
484 4608 568 4676 poeta
584 4603 624 4658 sic
637 4603 771 4677 exprimit
786 4620 793 4658 :
1057 4605 1189 4678 sophiam
1203 4607 1232 4658 et
1244 4604 1323 4674 leges
1338 4603 1478 4658 humanas
1499 4601 1666 4673 divinasque
1681 4598 1791 4664 doctus,
1808 4599 1839 4654 iu
1854 4613 1908 4669 quo

223 4692 313 4758 Quem
328 4691 429 4762 patrie
442 4692 526 4747 Pater
1059 4693 1130 4748 nihil
1144 4693 1231 4748 iaetus
1244 4697 1294 4746 aut
1306 4691 1364 4746 luci
1380 4707 1387 4756 ;
1401 4706 1496 4745 mores
1519 4689 1556 4745 ad
1572 4688 1782 4744 humanitatem
1796 4702 1908 4758 compo

259 4780 385 4836 bcensu
397 4777 538 4851 Superum
553 4779 632 4850 gravi
1058 4783 1123 4850 siti;
1158 4786 1227 4836 retas
1254 4780 1369 4846 iloreus,
1396 4784 1435 4846 et,
1454 4777 1532 4851 quod
1559 4777 1682 4837 miseris.
1708 4774 1908 4831 adolescentie

224 4868 479 4937 Heinricus,lateri
495 4869 606 4940 virgine
620 4869 743 4941 conjuge
979 4917 982 4922 .
1059 4870 1200 4937 sicinior3
1222 4868 1323 4942 priscae
1352 4867 1503 4940 probitatis
1524 4871 1553 4922 et
1575 4864 1734 4921 sanctitatis
1761 4862 1908 4919 severioris

258 4959 370 5027 Adtixa,
384 4956 562 5013 venerabiles
1059 4959 1167 5030 imago,
1187 4962 1240 5014 etc.

224 5046 471 5120 Aequisisseriros
485 5046 568 5113 inter,
586 5045 752 5118 episcopum
1095 5048 1139 5102 bi.
1156 5043 1429 5112 «Quemadmodum
1455 5047 1552 5098 antem
1578 5041 1732 5113 praeclarus
1760 5039 1833 5095 eden
1848 5038 1908 5111 epi·

234 5157 235 5160 ¹
261 5139 347 5192 Fama
360 5135 470 5192 diditur
484 5134 617 5207 integra:
1060 5149 1165 5206 scopus
1185 5132 1315 5189 Ecclesiae
1337 5128 1550 5200 bambergensi,
1570 5134 1701 5199 tempore
1729 5126 1909 5199 periculosis·

227 5224 330 5281 Urbem
342 5225 410 5280 dum
422 5223 580 5296 propriam,
597 5223 768 5296 turrigerae
784 5224 881 5293 domo,
1059 5223 1145 5291 simo,
1173 5225 1319 5294 satagente
1342 5220 1369 5276 S.
1396 5219 1528 5275 lieiurico
1545 5218 1667 5274 doustus
1693 5215 1758 5284 tuit,
1780 5215 1820 5271 ita
1836 5216 1910 5271 idem

263 5312 495 5369 circumtundere
507 5311 618 5369 lumina
1060 5308 1223 5382 episcopus,
1255 5308 1357 5364 eodem
1380 5311 1478 5362 sancto
1506 5306 1680 5379 imperatore
1704 5301 1910 5376 patrocinante,

228 5404 319 5469 Visus,
334 5403 448 5475 quaudo
462 5401 571 5458 ebitum
586 5401 644 5457 iata
659 5399 819 5473 superstitis
1061 5399 1145 5454 simul
1170 5414 1202 5452 ac
1230 5396 1401 5470 pastoralem
1426 5410 1524 5450 curam
1554 5392 1687 5466 suscepit,
1716 5407 1762 5446 res
1792 5406 1912 5463 magnas

263 5491 408 5562 Urgebant
424 5490 484 5546 tera
498 5489 637 5562 presulis.
1062 5502 1114 5560 pro
1131 5486 1188 5542 beo
1200 5489 1229 5540 et
1257 5483 1389 5551 Ecclesia,
1413 5488 1473 5538 tam
1491 5482 1521 5537 iu
1549 5479 1725 5536 restituendo
1740 5480 1820 5535 cultu
1843 5479 1913 5535 divi·
