3878 6112
609 259 708 316 sors.
728 287 764 301 -
781 257 1070 318 auorraunurus.
1393 325 1399 334 ,
1562 324 1570 337 ,
1668 266 1719 320 ιιι

87 379 235 436 malassar
256 384 287 436 ct
317 379 402 436 beata
423 380 619 452 cunegundis,
652 386 808 454 antequam
823 385 844 439 d
862 414 897 425 -
916 399 984 439 uanr
1000 391 1124 457 utroque
1142 384 1204 456 jam
1224 386 1318 441 luerat
1347 386 1447 442 orbata
1474 393 1593 459 parente
1621 419 1666 454 -,
1681 388 1717 444 de

70 475 151 535 rent,
177 474 276 524 votum
310 469 485 525 continentie
513 469 662 541 virginalis
692 471 749 526 [teo
777 471 808 525 in
863 473 972 546 nuptiis
986 489 1083 529 secum
1109 481 1249 546 ceperunt
1261 480 1395 532 tractare.
1428 477 1579 533 Enimvero
1594 478 1717 550 pudicis·

102 557 250 612 suavitatis
279 557 461 629 optulissent,
504 574 593 630 quare
624 559 808 629 postmodum
863 563 945 629 sima,
963 562 1110 633 cuilouge
1138 579 1218 618 nuans
1233 569 1295 619 erat
1323 565 1390 630 alia,
1415 566 1533 622 audiena
1549 568 1584 622 de
1607 566 1716 638 nuptiis

70 638 113 701 tle’
129 645 347 713 matrimonium
376 647 581 714 contraxerint,
610 648 685 702 hauc
719 647 809 701 sciant
863 667 960 706 secum
975 651 1101 717 tractari,
1130 656 1206 722 cepit
1228 651 1459 709 inestimabiliter
1484 654 1655 710 contristare
1687 659 1717 710 et

70 749 156 788 uam.
171 735 242 789 Cum
257 734 334 788 tama
361 733 452 788 incliti
478 733 615 806 principis
643 734 749 805 ubique
764 734 808 788 di·
865 744 922 794 toto
938 739 1000 794 nisu
1017 740 1161 806 reluctari,
1172 745 1257 811 atqua
1274 756 1324 811 pre
1338 741 1456 797 tristitia
1469 742 1561 798 exitus
1575 758 1717 815 aquarum

70 826 133 886 tur,
162 828 190 876 οἳ
217 822 314 876 hostes
342 821 408 876 iidei
434 838 485 894 per
512 838 578 878 eum
603 823 674 894 jugo
704 821 809 876 Christi
864 828 1041 883 deduxerunt
1052 828 1127 883 oculi
1141 829 1213 899 ejus,
1235 831 1313 901 quia,
1343 846 1398 902 que
1423 847 1521 903 regem
1545 831 1716 901 angelorum

70 917 156 976 untur,
186 910 303 965 ecclesie
331 926 404 965 nova
430 916 667 967 construerentur
693 920 722 965 et
745 911 810 980 nri·
861 917 991 988 J'amsibi
1015 933 1152 988 sponsum
1177 918 1314 988 elegerat,
1342 918 1402 990 regi
1431 919 1626 975 Romanorum
1650 919 1718 975 licet

70 997 208 1053 balmeta
230 997 474 1063 reedificarentur,
507 1003 593 1070 tique
619 999 694 1055 sicut
717 998 810 1053 imber
864 1005 962 1060 inclito
987 1004 1093 1059 nubere
1116 1005 1274 1060 recusabat.
1289 1006 1448 1078 Propinqui
1472 1023 1539 1062 vero
1557 1008 1620 1079 ejus
1643 1007 1718 1063 arbi·

69 1101 161 1141 ansus
175 1092 284 1141 terram
292 1088 364 1140 solet
378 1086 510 1158 irrigare,
526 1087 567 1141 sic
585 1087 638 1142 iste
651 1087 810 1158 imperator
864 1097 982 1160 trames,
998 1092 1033 1147 ad
1048 1091 1169 1163 gloriam
1184 1097 1213 1146 et
1236 1108 1373 1164 magnum
1388 1094 1522 1149 decorem
1546 1111 1598 1150 suo
1611 1110 1718 1165 provo.

70 1191 98 1229 ss
113 1174 279 1229 victoriosus
294 1175 514 1246 rempublicam
542 1182 661 1246 augeret
679 1182 708 1231 et
731 1176 810 1230 exal·
865 1182 926 1236 nire
935 1180 1044 1251 generi,
1059 1180 1082 1234 si
1098 1197 1149 1235 suu
1159 1181 1371 1250 consanguinea
1386 1181 1514 1237 Romano
1528 1187 1718 1252 conregnaret

70 1261 228 1318 universitas
239 1263 401 1335 principum
416 1264 478 1334 ejus
500 1264 591 1334 glorie
601 1265 810 1336 congaudebat,
865 1269 1043 1342 imperatori,
1056 1269 1255 1325 conturbatam
1269 1286 1333 1324 eam
1360 1270 1508 1326 blandiciis
1530 1270 1718 1337 deliniebant,

70 1350 153 1407 untia
167 1351 256 1421 pacis,
272 1368 329 1423 qna
348 1367 400 1422 per
411 1367 478 1407 eum
492 1352 673 1421 fruebantur,
690 1355 811 1425 applau·
866 1364 894 1414 et
909 1364 939 1414 ut
954 1357 1119 1430 imperatori
1135 1363 1193 1412 tam
1209 1357 1336 1427 glorioso
1366 1358 1473 1414 nubere
1488 1375 1547 1413 non
1562 1362 1718 1424 recusaret,

97 1440 230 1505 Proinde,
247 1439 270 1493 si
294 1439 418 1511 possible
452 1441 536 1510 toret,
563 1440 674 1513 jugiter
687 1457 755 1496 enm
769 1457 812 1498 re·
865 1447 956 1502 immo
971 1452 1118 1518 gratanter
1144 1446 1172 1500 id
1187 1446 1302 1510 iaceret,
1329 1445 1473 1501 interdum
1489 1445 1677 1513 consulebant
1690 1450 1719 1500 et

70 1529 200 1584 olebant.
224 1527 280 1584 Sed
303 1528 371 1600 quia
394 1528 424 1582 id
452 1530 578 1585 humana
602 1528 729 1585 conditio
754 1544 812 1584 non
866 1535 1047 1590 consulentes
1066 1534 1201 1589 attentius
1220 1534 1418 1589 obsecrabant.
1436 1534 1514 1589 luter
1529 1534 1582 1589 hec
1597 1531 1719 1605 virginis

70 1616 220 1680 ,sobertia
236 1615 397 1688 principum
429 1617 471 1673 rei
487 1617 600 1689 publice
613 1618 645 1673 in
663 1624 812 1689 posterum
867 1624 980 1679 enimus
1004 1622 1088 1677 variis
1118 1621 1326 1693 cogitationum
1350 1621 1507 1677 ltuctnabat
1529 1620 1655 1676 motibus
1683 1619 1719 1675 ad

70 1703 135 1760 iens
159 1704 257 1760 inclito
286 1705 453 1776 imperatori
479 1721 632 1777 suggerere
667 1706 811 1768 studebat.
866 1702 956 1768 instar
971 1710 1058 1776 naris,
1075 1727 1131 1783 que
1145 1711 1176 1765 in
1191 1712 1250 1766 salo
1273 1710 1367 1782 posita
1395 1709 1496 1766 validis
1518 1707 1720 1765 circumfertur

70 1794 286 1866 propagandam
311 1794 442 1850 sobolem
468 1810 585 1850 uxomm
611 1795 738 1862 duceret,
770 1801 812 1862 ut,
866 1800 982 1857 llatibus
997 1805 1147 1855 ventorum
1160 1819 1168 1866 ;
1182 1798 1232 1854 sed
1247 1799 1363 1855 tandem
1378 1799 1534 1854 anchoram
1548 1796 1610 1870 spei
1624 1813 1674 1852 sue
1688 1795 1719 1850 in

70 1881 274 1952 timpanistra
299 1883 374 1937 viam
390 1883 523 1938 univerae
549 1883 643 1938 carnis
671 1885 812 1955 ingresso,
866 1889 964 1945 divino
978 1887 1195 1960 ligensauxilio,
1210 1888 1332 1943 salutem
1347 1903 1430 1943 suam
1458 1886 1565 1942 sedulis
1588 1884 1719 1958 precibus

70 1969 304 2026 snicbilominus
323 1972 417 2043 proles
439 1971 692 2042 hereditariojnre
707 1974 813 2044 guber·
866 1977 1087 2034 commcndabat
1102 1977 1234 2043 Domino,
1261 1993 1380 2048 sperans
1404 1975 1613 2044 indubitanter,
1641 1971 1719 2046 quod

79 2057 163 2130 regni
178 2058 335 2131 susciperet
349 2065 380 2115 et
398 2064 548 2132 paternam
567 2062 698 2116 emulans
724 2062 813 2116 virtu·
866 2068 938 2139 ipse,
954 2065 1001 2121 cui
1015 2065 1111 2121 subest
1125 2080 1191 2119 cum
1208 2065 1332 2120 voluerit
1345 2060 1719 2135 posse,etiaminconjugio

70 2151 170 2202 rtnose
198 2148 382 2218 gubernaret.
415 2148 470 2204 Sed
491 2155 519 2204 et
533 2149 637 2205 Christi
658 2151 813 2220 contessor,
866 2153 920 2209 sibi
946 2153 1036 2224 posito
1062 2153 1163 2207 tlorem
1189 2152 1330 2222 pudicicie
1355 2167 1416 2219 sue,
1433 2218 1435 2224 J
1454 2168 1491 2207 ne
1521 2155 1719 2217 marcesceret,

70 2234 155 2290 inon
170 2235 323 2291 immemor
331 2241 360 2291 et
373 2236 511 2292 castitatis
530 2242 652 2304 amator,
680 2237 815 2310 principi·
867 2247 963 2314 posset
976 2256 1153 2296 conservare.
1179 2241 1236 2295 llac
1263 2255 1313 2311 spe
1340 2238 1476 2294 tiduciata
1498 2241 1578 2310 virgo
1594 2237 1718 2310 pruden-

69 2325 269 2380 oremdnccre
285 2325 341 2380 sibi
364 2326 550 2381 suadentibus
579 2343 638 2381 non
666 2325 747 2380 lacile
762 2342 814 2396 po·
867 2328 988 2398 tissime,
1004 2325 1235 2399 propinquorum
1255 2342 1374 2381 suorum
1402 2325 1552 2395 voluntati,
1582 2325 1721 2380 licetnon

70 2412 251 2485 requiescere.
279 2413 337 2468 illis
361 2419 458 2468 autem
482 2419 625 2484 oportune
650 2414 815 2485 importune
866 2417 963 2471 animo
978 2414 1096 2481 solenti,
1122 2431 1152 2470 se
1178 2414 1305 2470 tradidit.
1334 2414 1423 2485 igitur
1447 2412 1610 2485 principum
1633 2409 1721 2482 legati

70 2500 184 2556 entibus
197 2505 226 2556 et
240 2503 420 2573 suggerendo
449 2501 642 2568 monentibus,
666 2509 704 2568 et,
719 2501 814 2556 sinon
868 2520 955 2577 super
968 2505 1013 2560 his
1024 2504 1104 2559 letati
1120 2520 1224 2558 novam
1242 2519 1450 2575 sponsamcum
1458 2502 1582 2557 maximo
1592 2498 1721 2572 tripudio

70 2588 148 2656 tiret,
178 2605 244 2645 eum
274 2605 363 2662 reguo
397 2590 509 2662 privare
538 2591 711 2657 volentibus,
749 2591 816 2645 licet
869 2612 920 2649 suo
940 2592 1107 2648 deferebant
1125 2591 1358 2664 domino,quum
1386 2589 1556 2662 propinquis
1578 2586 1722 2644 etarulcis

70 2683 177 2733 inactus
202 2683 245 2734 cst
262 2679 435 2746 consentire,
450 2679 500 2735 sed
515 2681 616 2747 Deum,
636 2681 712 2751 apud
728 2696 814 2751 quem
869 2680 1119 2755 prosequentibus,
1137 2679 1316 2734 incomitata
1343 2680 1494 2751 ejuslacta
1523 2682 1567 2732 est
1589 2691 1721 2731 nonmu-

70 2765 306 2839 sstimpossibile.
322 2767 478 2838 gemitibus
492 2768 815 2823 inenarrabilibusexo·
870 2772 934 2826 dice
959 2766 1052 2824 turba.
1083 2767 1224 2823 Universis
1250 2766 1347 2838 itaque
1377 2766 1556 2840 principibus
1583 2766 1656 2821 lacta
1680 2769 1724 2818 est

70 2858 93 2908 rt
107 2854 150 2909 sic
161 2855 480 2927 ordinaredignaretur,
497 2861 567 2912 utet
582 2858 721 2911 voluntati
735 2856 814 2928 prin·
869 2856 1070 2915 inestimabilis
1084 2856 1220 2912 exultatio
1239 2857 1274 2912 de
1290 2857 1366 2928 regis
1385 2862 1415 2912 et
1438 2857 1537 2927 regins
1561 2851 1698 2925 conjugio
1714 2867 1722 2918 ;

73 2942 251 2999 satisfaceret
277 2949 306 3000 et
333 2951 430 3000 tamen
458 2945 634 3000 continentie
659 2954 757 3000 votum
772 2945 820 3000 in·
835 2947 855 3001 C
874 2948 922 3003 sed
939 2948 1052 3003 trustra.
1066 2945 1129 3001 Non
1144 2946 1232 3011 enim,
1251 2944 1325 2999 sicut
1343 2948 1540 3015 speraverunt,
1570 2956 1650 2996 moro
1664 2953 1724 2994 car·

69 3032 96 3086 le
125 3037 317 3088 conservaret.
354 3035 452 3105 ltaque
482 3033 628 3105 propicius
658 3034 742 3099 Deus,
767 3034 817 3106 qui
872 3035 1163 3105 nuliumnopsernnt,
1184 3033 1233 3088 sed
1248 3032 1373 3104 virgines
1395 3035 1627 3103 permanserunt.
1651 3029 1722 3084 Cum

70 3118 287 3190 ¹aplicationibus
310 3137 424 3193 semper
440 3126 534 3192 presto
561 3126 613 3188 ast,
643 3121 816 3176 desiderium
872 3131 968 3181 autem
995 3122 1196 3194 episcoporum
1225 3119 1471 3177 benedictionibus
1494 3119 1601 3174 firmati
1615 3119 1725 3172 secreta

77 3208 143 3279 ejus
153 3207 180 3262 ei
193 3214 237 3264 est
249 3208 383 3281 dignatus
398 3208 534 3264 tribuere.
547 3210 603 3264 ilex
620 3225 685 3264 vero
700 3226 818 3280 sperans
873 3211 991 3267 thalami
1003 3212 1187 3281 recepissent,
1199 3224 1322 3278 sponsus
1336 3207 1610 3279 pudicissimuscom
1620 3219 1725 3277 sponsa

69 3294 134 3350 aino
148 3296 204 3350 tale
223 3312 392 3367 responsum
405 3296 486 3351 dedit
506 3296 707 3369 principibus:
728 3300 819 3353 Vestre
874 3298 1078 3355 nichilominus
1100 3297 1284 3368 pudicissima
1317 3313 1376 3353 non
1399 3296 1462 3351 sine
1488 3293 1658 3350 verecundia
1676 3308 1723 3347 sx-

83 3382 223 3438 ouurtmt
246 3388 364 3453 paratus
384 3398 445 3439 tum
468 3384 663 3454 attenuante,
690 3383 739 3440 scd
757 3385 818 3439 nut-
873 3405 955 3446 orsus
964 3393 1008 3444 est
1017 3392 1138 3442 tractare
1158 3387 1193 3442 de
1207 3386 1356 3457 pudicicia.
1373 3386 1422 3440 Eu
1437 3383 1628 3440 habundantia
1653 3383 1726 3435 enim

70 3484 109 3526 on
133 3473 205 3538 rente
232 3471 372 3540 mssjttlati
395 3471 559 3539 cotidianam
586 3473 616 3526 iu
646 3474 819 3527 matrimonio
873 3477 962 3534 cordis
976 3490 1005 3532 os
1027 3477 1157 3544 loquitur.
1191 3475 1291 3546 ltaque
1317 3471 1451 3545 prorupit
1482 3471 1513 3526 in
1541 3470 1593 3526 hee
1616 3469 1723 3525 verbu:

70 3559 106 3615 tto
123 3561 274 3614 mmoeiure
290 3576 298 3627 ;
313 3559 362 3615 sed
377 3565 406 3616 ct
420 3560 474 3614 boc
496 3561 592 3632 ipsum
606 3560 723 3615 illorum
741 3577 819 3616 com·
874 3569 981 3635 spuma
992 3579 1056 3621 mea
1070 3565 1221 3627 carissimu,
1247 3567 1339 3618 notum
1353 3562 1426 3617 tibus
1447 3563 1495 3625 rit,
1510 3559 1583 3629 quod
1596 3573 1724 3619 umorem,

70 3646 248 3702 residentia.
265 3648 323 3704 lioc
344 3649 483 3720 promisso
514 3648 555 3719 pii
577 3648 654 3720 regis
675 3655 821 3720 gratanter
875 3669 927 3723 quo
949 3653 1072 3708 carnutes
1096 3653 1221 3721 coujuqes
1243 3652 1363 3705 menime
1389 3650 1557 3704 naberentur
1576 3651 1602 3702 et
1633 3651 1726 3701 mutuo

70 3751 91 3800 r,
109 3735 295 3791 vehementer
307 3736 394 3807 gavisi
410 3741 478 3791 sunt
505 3736 650 3809 principes
670 3738 820 3805 univerai;
874 3742 928 3799 ribi
959 3742 1157 3807 cmuociuntur,
1181 3754 1320 3808 nunquam
1341 3742 1469 3807 expertus
1500 3752 1571 3802 sum,
1601 3735 1649 3790 sed
1677 3750 1723 3789 nac

70 3824 242 3894 ungebant
257 3824 415 3879 deliberare
430 3824 591 3896 diligentia,
615 3841 702 3897 quam
717 3825 744 3881 ei
763 3841 822 3880 ma·
876 3829 997 3896 experiri
1009 3827 1078 3891 octo,
1094 3824 1160 3895 quio
1172 3824 1280 3879 celibem
1293 3826 1379 3878 vitum
1402 3823 1470 3889 etepi
1483 3827 1509 3876 et
1537 3822 1585 3875 boc
1600 3826 1661 3874 oola
1672 3822 1723 3874 lto-

70 3911 105 3966 io
120 3911 301 3983 copularent,
315 3928 368 3967 nec
393 3918 489 3967 tamen
505 3913 590 3968 aliam
606 3913 731 3984 reperire
741 3920 821 3986 pote·
876 3917 949 3971 mino
962 3915 1016 3969 Deo
1026 3912 1137 3982 mejam
1148 3911 1261 3982 ,diadum
1282 3911 1414 3980 obliquat.
1440 3906 1729 3976 llisauditis,reg1nu

70 3999 117 4055 risi
130 4016 219 4073 quam
234 4005 300 4054 ante
314 4007 444 4072 ternpore
459 4002 599 4057 secularia
612 4001 709 4057 divina
723 4019 820 4075 preor·
877 4002 1002 4074 gloriosa
1018 4001 1097 4072 virgo
1121 4002 1205 4055 beata
1219 3997 1448 4053 inestimabiliter
1462 4001 1505 4050 ost
1518 3994 1685 4059 exhilarata,
1700 3999 1729 4048 et

70 4095 116 4143 rat
135 4088 517 4159 prescientiabratautem
546 4089 619 4160 apud
646 4090 821 4162 Renumpa·
877 4091 1012 4146 ardenter
1024 4088 1101 4160 cepit
1113 4103 1210 4142 amaro
1225 4102 1376 4159 sponsum,
1405 4084 1451 4141 cui
1477 4083 1563 4139 otiam
1581 4083 1636 4138 tale
1650 4080 1730 4136 dedit

70 4176 218 4232 tSilridos
245 4177 373 4246 nomine,
396 4177 505 4232 babens
519 4178 673 4248 conjugem
688 4180 821 4234 Hedewib
878 4193 1070 4249 responsum:
1089 4176 1204 4232 Verbum
1226 4181 1311 4242 tuum,
1335 4175 1449 4239 domim,
1479 4176 1517 4229 mi
1535 4173 1637 4232 remia
1651 4170 1730 4226 corde

70 4280 111 4331 m,
137 4265 223 4319 ambo
249 4265 366 4337 quidem
394 4265 553 4321 clarissimo
582 4281 688 4337 genera
710 4272 823 4338 specta-
878 4284 934 4324 meo
948 4267 1024 4323 dulce
1037 4270 1077 4320 est
1090 4281 1173 4332 super
1187 4266 1238 4320 mel
1266 4270 1291 4319 et
1311 4266 1418 4331 funum,
1442 4268 1468 4317 et
1485 4263 1728 4332 propositumeua·

72 4358 174 4426 utpote
190 4354 225 4408 de
251 4353 430 4409 nobilissima
454 4354 660 4409 descendentes
686 4361 823 4427 augusto·
879 4360 968 4412 titatts
983 4356 1183 4424 beneplacitum
1202 4358 1241 4408 est
1254 4355 1367 4423 spiritui
1384 4367 1452 4415 meo,
1482 4355 1507 4405 et
1518 4352 1544 4405 si
1557 4348 1729 4404 miehidetur·

71 4441 199 4511 resonis,
214 4442 311 4496 multis
324 4442 410 4497 etiarn
424 4441 531 4496 divitiis
546 4442 684 4514 insignes,
705 4449 734 4497 et
748 4444 823 4515 qood
878 4448 962 4517 optio,
977 4446 1071 4500 mabit
1099 4447 1206 4512 prefero
1227 4444 1328 4510 regnis.
1349 4443 1417 4496 llum
1431 4445 1457 4494 et
1470 4455 1517 4507 epo
1540 4444 1631 4494 uotum
1642 4439 1729 4504 cirpi-

70 4529 146 4585 silius
174 4536 226 4596 est,
252 4531 406 4585 virtutibus
434 4547 551 4602 operam
582 4530 691 4588 dantes.
720 4533 768 4588 llis
794 4532 824 4586 in
879 4535 975 4590 nitatis
1010 4548 1065 4588 mee
1088 4535 1197 4587 Domino
1224 4532 1305 4601 quusi
1344 4543 1441 4584 munus
1469 4529 1657 4595 gratissimum
1691 4541 1732 4580 me

70 4634 100 4672 rs
113 4622 190 4672 stata
207 4623 274 4673 nata
288 4618 338 4674 luit
360 4620 430 4687 lilia,
455 4635 511 4691 que
525 4619 605 4674 fulsit
618 4621 696 4675 uelut
710 4635 825 4692 gemma
878 4624 1119 4692 fatcoroptutisse,
1143 4621 1268 4689 quamsi
1290 4621 1352 4688 quis
1372 4617 1457 4672 michi
1474 4616 1614 4686 subripere
1634 4629 1730 4685 presu-

70 4706 254 4779 nperadditu,
276 4706 345 4761 dom
364 4707 520 4779 preclarior
547 4708 683 4779 preclaris
711 4710 763 4764 bec
778 4724 824 4763 ac·
879 4714 972 4777 meret,
987 4709 1060 4780 quod
1087 4709 1169 4774 absit,
1197 4710 1269 4762 irum
1296 4705 1525 4776 supernitentem
1539 4706 1690 4760 insumeret
1706 4708 1732 4757 et

73 4794 189 4850 attaris.
220 4796 286 4850 Erat
308 4796 385 4865 enim
415 4802 534 4851 venusta
561 4795 633 4851 facie
662 4801 690 4850 et
709 4796 826 4868 optimis
879 4805 999 4854 eternium
1011 4798 1231 4868 dampnationem
1253 4796 1393 4850 incideret.
1419 4794 1477 4850 lter
1502 4809 1568 4848 vero
1583 4793 1687 4847 letatus
1701 4790 1731 4845 iu

86 4883 228 4951 moribus,
245 4885 380 4956 precipue
390 4900 457 4940 vero
474 4885 504 4939 in
519 4901 552 4940 ea
567 4885 723 4956 primatum
734 4884 827 4940 tenuit
880 4889 924 4944 bis
938 4904 994 4959 que
1009 4887 1084 4941 dicta
1103 4883 1157 4939 sibi
1167 4888 1241 4949 sont,
1259 4889 1289 4937 et
1302 4882 1370 4955 quia
1385 4881 1561 4938 consimilem
1576 4895 1621 4934 res
1638 4876 1732 4932 omnis

70 4973 120 5028 tia.
139 4973 221 5036 iiam,
237 4975 412 5044 utsuperius
442 4972 551 5028 dictum
576 4978 628 5039 est,
657 4971 825 5042 virginalem
880 4981 968 5044 amat,
998 4974 1078 5046 virgo
1119 4973 1272 5044 virginem,
1315 4978 1409 5027 castus
1437 4968 1625 5026 castissimam
1653 4971 1731 5021 caste

70 5061 178 5118 suham
206 5062 263 5116 ileo
289 5061 392 5116 devota
418 5061 579 5116 devoverat.
610 5059 733 5116 Proinde
760 5076 826 5115 cum
880 5054 1732 5134 capitamorecomplectietmanumipsiuscandidamsue

70 5155 129 5205 tuna
154 5165 260 5221 genere
285 5166 373 5222 quarn
400 5149 528 5205 moribus
556 5149 672 5214 nobilis,
690 5165 743 5205 nec
770 5149 827 5204 ulia
880 5151 1033 5223 imponens
1054 5150 1163 5216 manui,
1181 5149 1226 5204 bis
1248 5149 1341 5204 verbis
1368 5152 1410 5201 est
1435 5160 1499 5201 eam
1525 5144 1686 5199 allocutus:
1711 5145 1732 5200 0

70 5240 190 5294 ratnrei
205 5239 437 5305 similis,inclilis
460 5238 569 5311 placuit
588 5237 779 5311 principibus,
794 5244 827 5295 ut
881 5243 970 5296 umicu
988 5254 1172 5309 memsponau
1190 5255 1259 5302 meu,
1282 5236 1458 5292 immaculato
1471 5248 1541 5294 meu,
1562 5247 1656 5287 reuera
1684 5235 1734 5288 llo

70 5326 241 5382 »tissimum
265 5328 433 5398 imperatori
448 5328 574 5400 glorioso
602 5328 732 5401 legitimo
759 5343 830 5383 con·
881 5332 971 5384 minua
985 5335 1025 5384 eet
1037 5331 1066 5383 iu
1080 5327 1168 5382 medio
1181 5329 1278 5392 nostri,
1304 5327 1353 5394 qui
1367 5338 1414 5378 uos
1442 5325 1524 5378 unius
1549 5323 1723 5377 coturnatise

70 5420 125 5470 ent
146 5416 279 5471 mnubio.
310 5418 400 5484 igitur
429 5417 521 5472 missis
543 5417 759 5473 honorabilibus
786 5418 827 5473 le·
881 5419 1014 5486 prepositi
1027 5420 1119 5473 breue
1143 5418 1248 5471 mmine
1267 5410 1333 5482 fecit
1351 5413 1500 5481 conuenire,
1525 5414 1574 5482 qui
1590 5413 1728 5478 *estrefe-

70 5503 204 5576 ldipssm
219 5505 309 5560 velud
335 5507 513 5579 propinquos
539 5507 750 5563 veladamicos
767 5507 829 5579 ejus
881 5509 958 5575 pium
970 5511 1092 5560 noenum
1119 5509 1145 5560 et
1165 5507 1263 5563 uirtus.
1291 5503 1420 5557 Unanimi
1448 5517 1577 5558 comessa
1602 5502 1720 5570 jumipr
