3894 6120
89 234 142 288 aaa
589 226 678 285 ΙΙΙΤΑ-
686 227 714 282 S.
732 225 968 292 GUNEGUNDIS,
989 226 1048 284 uui
1067 227 1113 283 uu
1133 226 1161 282 S.
1183 224 1346 282 uuuutco.
1798 224 1851 277 220

92 368 151 425 quo
165 349 297 420 credidit,
317 365 405 424 quem
415 347 527 416 dilexit,
542 342 629 406 etiarn
644 353 847 421 postmortem
862 349 941 404 vire·
956 352 980 405 Α
999 351 1056 406 Hoc
1071 349 1166 423 potuit
1180 350 1231 422 qui
1244 353 1344 406 cuncta
1358 350 1451 421 potest
1460 347 1529 404 dare
1538 346 1712 421 virginitati,

90 457 121 495 re
148 439 230 511 sigua
244 439 346 494 crebra
368 440 537 510 loquuntur.
557 436 791 494 admemoriam
816 438 945 509 ejusdem
1000 439 1055 504 Oui
1068 444 1180 494 montes
1188 439 1339 494 transferre
1350 438 1426 492 valet
1439 435 1614 492 credulitati.

90 527 160 582 ceci
183 528 287 596 risum,
311 527 442 583 exstincti
465 525 565 593 vitam,
588 524 658 580 muti
682 525 841 597 loquelam,
861 540 944 579 aures
999 527 1094 598 Nupta
1106 526 1166 581 viro
1178 525 1230 581 sub
1245 527 1309 597 lege
1322 524 1375 580 riri
1389 525 1449 579 vult
1460 523 1541 596 virgo
1556 525 1658 594 latere,

92 616 245 672 abstructae
256 616 403 688 recipiunt
419 614 559 671 auditum.
999 614 1110 686 Sponsa
1126 614 1304 682 subarrhata,
1320 629 1426 684 sponso
1444 618 1542 667 tamen
1557 612 1706 679 inviolata,

126 705 172 759 ll.
189 704 302 769 Quanta
315 705 405 777 igitur
423 703 472 759 illa
486 703 572 758 luisse
586 701 740 769 credimus,
756 716 823 771 quae
845 701 944 756 vivens
997 705 1034 759 Et
1047 703 1193 760 Christum
1208 703 1260 758 sub
1280 703 1365 757 corde
1379 702 1473 756 virum
1494 700 1549 755 sibi
1564 700 1634 771 legit
1647 701 1768 757 babere.

92 794 173 849 nullo
189 798 270 863 teste,
283 794 354 849 dum
372 792 540 865 iactantiam
557 792 635 859 vitat,
647 792 709 846 sola
723 791 860 858 exercuit,
878 807 943 846 cum
997 793 1097 849 Servat
1108 792 1190 863 virgo
1204 791 1292 847 iidem
1308 807 1351 846 res
1367 790 1472 845 claruit
1484 790 1553 860 igne
1567 790 1699 860 probata.

92 886 173 937 tanta
199 882 279 937 illam
308 886 375 952 post
398 884 523 935 mortem
547 879 629 950 signa
646 879 757 946 iecisse,
784 879 838 934 sub
853 879 943 934 oculis
999 880 1102 935 Discite
1118 879 1285 952 conjugium
1295 879 1408 944 caelebs,
1424 877 1475 933 ubi
1488 878 1569 933 nulla
1581 878 1738 950 voluptas:

91 970 222 1025 omniurn
250 969 429 1025 viderimus?
455 967 564 1023 Adnos
586 983 655 1039 ergo
684 967 768 1039 signa
798 968 862 1032 ista,
878 983 943 1038 quas
997 968 1052 1033 Qui
1070 968 1131 1022 sine
1143 968 1264 1023 mistura
1278 965 1508 1038 servautlegalia
1517 965 1591 1036 Jura

89 1058 159 1113 loris
184 1058 335 1125 miramur,
356 1057 435 1111 intus
459 1056 676 1123 transieramus,
701 1056 790 1110 vitam
815 1060 942 1110 nostram
997 1056 1188 1113 Cunctanibil
1204 1058 1403 1128 pensantque
1417 1069 1485 1111 mox
1499 1053 1606 1109 luerint
1619 1052 1743 1123 ruitura,

87 1151 117 1199 ct
131 1161 224 1200 mores
246 1145 436 1216 corrigamus,
453 1147 485 1197 ut
506 1143 530 1196 si
544 1142 665 1213 virginis
690 1143 868 1197 consortium
883 1158 942 1197 non
997 1145 1047 1200 llic
1062 1145 1092 1199 iu
1105 1160 1156 1215 spe
1167 1143 1277 1198 fructus
1293 1142 1440 1197 mittentes
1451 1140 1561 1197 semina
1576 1143 1667 1197 luctus

88 1248 246 1302 meremur,
261 1239 328 1304 post
352 1231 473 1287 declivia
488 1230 624 1286 vitiorum
640 1231 677 1285 sit
691 1230 775 1285 nobis
788 1231 942 1300 praemium
996 1232 1106 1289 Gaudio
1121 1233 1208 1303 longa
1220 1235 1342 1297 metent,
1354 1233 1528 1302 agnumque
1543 1235 1702 1303 sequentur
1721 1229 1754 1285 in
1770 1229 1848 1286 albis.

87 1336 141 1391 per
151 1320 293 1393 virginem
304 1325 418 1375 tantum
431 1318 605 1390 supplicium
616 1318 737 1372 evasisse
747 1322 939 1389 peccatorum.
1032 1341 1155 1396 Omma,
1180 1343 1218 1406 te,
1240 1338 1321 1409 virgo
1342 1337 1532 1407 sanctissima.
1552 1337 1721 1410 imperatrix
1740 1337 1850 1410 glorio,

91 1425 216 1497 Virginis
228 1426 282 1481 iste
297 1426 381 1480 docet
397 1423 581 1494 cunegundis
595 1429 676 1495 gesta
691 1423 814 1479 libellus.
996 1427 1117 1495 sissima,
1136 1441 1204 1498 quae
1232 1430 1325 1480 terras
1339 1426 1601 1481 misericordiarum
1626 1431 1746 1482 tuarum
1761 1426 1850 1498 opori-

89 1514 175 1568 Plura
187 1520 286 1569 tamen
296 1512 417 1568 dicenda
432 1517 516 1582 tacet,
533 1512 600 1567 dum
611 1511 731 1566 llumine
741 1512 844 1582 mergi,
994 1515 1059 1582 bus,
1087 1517 1175 1570 coelos
1192 1514 1353 1584 respersisti
1375 1514 1512 1570 virtutum
1528 1515 1656 1582 floribus,
1688 1514 1850 1569 fluctuanti·

90 1600 198 1672 Cymba
214 1601 309 1670 timet,
320 1601 518 1673 moriturque
532 1601 624 1671 tangit
639 1600 729 1655 bestia
744 1605 884 1655 montem.
956 1623 977 1679 Β
994 1603 1088 1659 busin
1106 1601 1218 1658 mundo
1238 1601 1296 1656 tuis
1316 1602 1428 1673 assiste,
1452 1603 1593 1674 procellas
1606 1601 1775 1658 turbinosas
1802 1601 1850 1656 sd·

127 1688 180 1744 Sed
196 1704 261 1760 quae
276 1688 376 1761 lingua
389 1689 463 1757 silet,
479 1687 655 1760 prorirgino
669 1687 750 1760 sigua
771 1688 940 1760 loquuntur,
994 1691 1174 1746 versantium
1200 1689 1257 1745 tuis
1284 1690 1465 1746 orationibus
1492 1692 1631 1763 propelle,
1655 1696 1777 1746 cunctos
1801 1688 1849 1745 tibi

92 1776 160 1841 Quae
175 1777 281 1833 lamam
295 1777 388 1833 laudis
403 1778 465 1849 ejus
480 1782 539 1832 tam
550 1777 651 1832 crebra
666 1778 831 1849 loquuntur,
996 1777 1125 1846 devotos,
1149 1777 1228 1832 vitiis
1242 1778 1397 1849 propulsis,
1421 1784 1562 1852 perpetuo
1586 1780 1642 1835 tuis
1664 1778 1710 1834 iac
1726 1777 1849 1850 gaudere

94 1866 168 1920 llum
182 1865 274 1934 caecis,
290 1865 388 1935 mutis,
404 1865 524 1933 claudis,
542 1870 640 1937 optata
657 1865 756 1920 salutis
997 1866 1143 1922 beneficiis
1167 1869 1196 1920 ct
1219 1865 1339 1928 meritis,
1357 1871 1385 1920 ot
1403 1882 1503 1922 omnes
1519 1867 1678 1922 scribentes
1693 1868 1755 1922 sire
1783 1866 1849 1921 lide·

94 1954 273 2022 Curavcnit3
290 1954 361 2009 dum
376 1954 577 2027 languorabit,
593 1953 738 2026 febrisque
754 1952 870 2022 recedit,
999 1955 1073 2011 lium
1103 1955 1232 2026 legentes
1257 1954 1345 2025 hujus
1366 1959 1475 2010 textum
1502 1956 1643 2025 lectionis,
1672 1956 1771 2012 iructu
1797 1970 1851 2009 non

94 2041 158 2097 Vita
170 2042 253 2112 rodit,
270 2042 430 2114 recipitque
444 2042 518 2097 cutis
530 2057 682 2113 conspersa
695 2041 828 2096 colorem.
999 2041 1150 2113 priventur
1165 2056 1224 2094 sum
1234 2046 1316 2111 parte
1332 2041 1501 2098 devotionis.
1517 2045 1619 2099 Amen.

277 2251 410 2319 BULLA
438 2252 669 2319 lNNOCENTll
696 2253 752 2331 ΙΙΙ,
777 2253 829 2317 DE
852 2252 1183 2320 CANONthTIONE
1208 2251 1378 2318 SANCTAE
1403 2253 1670 2321 CUNEGUNDIS.

128 2395 315 2452 innocentius
335 2393 497 2464 episcopus,
515 2409 613 2448 servus
628 2408 777 2448 servorum
807 2390 869 2459 liei,
896 2407 945 2446 ve·
1000 2391 1097 2447 multis
1119 2395 1249 2446 coruscat
1276 2392 1432 2461 miraculis,
1464 2394 1578 2466 atejus
1600 2395 1740 2450 sanctitas
1769 2393 1849 2449 certis

91 2485 214 2541 nerabili
239 2483 322 2540 fratri
336 2481 498 2538 Theumoni
526 2481 582 2553 (82)
607 2481 751 2553 episcopo,
781 2485 810 2536 et
836 2480 946 2535 dilectis
999 2479 1113 2534 indiciis
1139 2479 1352 2550 comprobetur.
1373 2481 1450 2537 Licet
1473 2482 1550 2537 euim
1565 2482 1598 2536 ad
1615 2482 1670 2537 hoc
1685 2488 1719 2538 ut
1748 2481 1849 2556 aliquis

93 2573 161 2629 liliis
174 2573 301 2642 capitulo
326 2570 554 2641 babenbergensi
569 2571 691 2625 salutem
706 2573 735 2624 ot
758 2568 944 2640 apostolicam
1000 2572 1115 2624 sanctus
1130 2567 1252 2639 sitapud
1265 2570 1357 2624 Deum
1370 2570 1401 2625 in
1422 2570 1543 2626 Ecclesia
1562 2570 1775 2642 triumphante,
1793 2570 1851 2625 sola

93 2661 337 2716 benedictionem.
363 2659 435 2714 Cum
453 2657 611 2712 secuudum
633 2655 827 2726 evangelicam
841 2654 945 2710 verita·
1000 2655 1122 2711 sulficiat
1144 2656 1239 2711 finalis
1254 2654 1477 2729 perseverantia,
1493 2663 1617 2714 testante
1632 2659 1771 2729 veritate,
1788 2675 1850 2731 qua

94 2754 155 2804 tem
174 2751 282 2813 (liattb.
295 2763 323 2815 v,
339 2747 380 2814 15)
395 2761 481 2801 uerno
501 2745 637 2801 accendat
654 2747 802 2800 lucernam
818 2749 846 2799 et
858 2748 947 2814 ponat
1000 2744 1090 2800 dicit:
1106 2744 1247 2809 Quoniam
1269 2748 1319 2816 qai
1330 2749 1543 2817 perseveraverit
1561 2761 1647 2816 usque
1665 2749 1695 2802 in
1712 2750 1795 2817 fircera
1810 2749 1852 2802 bic

94 2837 174 2893 illam
194 2834 370 2900 submodio,
396 2835 546 2906 sedsuper
569 2835 947 2903 candelabrum,utomnos
1000 2835 1094 2889 saluas
1108 2836 1161 2888 erit
1187 2832 1299 2902 (llattlr.
1320 2851 1348 2899 x,
1375 2837 1442 2905 22);
1464 2841 1493 2891 et
1520 2836 1649 2891 iterum:
1680 2839 1748 2892 Esto
1759 2836 1853 2904 fidelis

96 2925 147 2996 qui
161 2927 191 2979 in
205 2925 291 2980 domo
314 2928 383 2977 sunt
403 2922 532 2989 videant,
554 2921 635 2993 pium
657 2921 767 2994 pariter
795 2927 823 2976 et
836 2921 946 2992 justum
962 2924 983 2981 G
1002 2936 1087 2991 usqua
1108 2922 1146 2977 od
1173 2928 1294 2990 mortem,
1312 2928 1339 2979 et
1365 2924 1435 2980 dabo
1450 2924 1502 2979 tibi
1514 2937 1642 2980 coronam
1665 2926 1731 2979 uitae
1755 2923 1851 2995 (ripae.

96 3018 282 3084 cst,atquos
309 3011 385 3065 [teus
412 3009 515 3064 merito
531 3010 688 3065 sanctitatis
714 3013 833 3064 coronat
852 3014 881 3064 ct
898 3009 949 3064 bo·
1004 3025 1034 3076 u,
1053 3010 1111 3080 10);
1127 3010 1163 3065 ad
1178 3011 1232 3065 hoc
1245 3016 1343 3067 teman
1357 3017 1389 3067 ut
1405 3012 1466 3082 ipse
1485 3015 1600 3066 sanctus
1613 3011 1691 3082 apud
1721 3011 1853 3067 homines

96 3107 181 3157 norat
199 3101 230 3156 iu
245 3100 334 3162 coelis,
358 3114 411 3153 nos
425 3097 618 3152 venerationis
641 3097 735 3152 cilicio
760 3098 910 3153 laudemus
923 3103 951 3152 et
1003 3097 1146 3153 habeatur
1158 3097 1189 3153 in
1215 3100 1336 3155 Ecclesia
1351 3100 1503 3169 militante,
1517 3100 1574 3155 duo
1590 3104 1658 3154 sunt
1680 3100 1851 3162 necessaria,

98 3190 294 3263 glorificemus
312 3187 344 3242 in
362 3184 461 3241 terris:
485 3200 552 3239 eum
572 3185 633 3256 ipsc
653 3186 749 3258 potius
769 3184 902 3240 laudetur
921 3189 951 3240 et
1003 3186 1095 3241 virtus
1116 3203 1241 3251 morum,
1264 3192 1292 3243 et
1317 3190 1408 3243 virtus
1423 3189 1582 3260 signorum,
1599 3187 1734 3243 videlicet
1752 3187 1855 3243 merita

97 3277 276 3350 glorificetur
288 3276 319 3331 iu
333 3274 401 3341 illis,
424 3272 475 3344 qui
496 3278 539 3327 est
552 3273 702 3329 laudabilis
718 3278 748 3328 et
761 3273 903 3344 gloriosus
917 3273 949 3328 in
1003 3278 1032 3329 et
1043 3275 1190 3343 miracula,
1213 3280 1244 3331 ut
1265 3282 1294 3332 ct
1307 3277 1368 3332 haec
1382 3281 1410 3331 et
1425 3277 1473 3331 illa
1485 3276 1538 3331 sibi
1553 3277 1676 3331 invicem
1691 3280 1854 3331 contesten-

97 3364 214 3422 sanctis.
233 3363 328 3419 Pietas
346 3360 424 3416 euim
439 3360 662 3431 promissionem
684 3360 771 3416 habet
794 3359 859 3414 vitm
884 3375 949 3431 quae
1002 3363 1132 3417 tur.Nou
1148 3364 1292 3420 animant
1318 3369 1423 3420 merita
1436 3366 1498 3420 sino
1514 3364 1669 3429 miraculis,
1695 3369 1749 3419 aut
1772 3364 1856 3418 mira·

98 3470 175 3509 nunc
189 3457 242 3518 est,
257 3455 287 3507 et
302 3450 417 3516 lutura,
429 3448 539 3504 dicente
554 3447 674 3503 Domino
689 3464 742 3519 per
755 3447 947 3517 Propbctam:
1003 3451 1068 3505 cula
1086 3451 1147 3506 sine
1175 3452 1285 3507 meritis
1299 3454 1385 3524 plene
1411 3453 1558 3509 sufficiunt
1581 3452 1617 3507 ad
1640 3451 1855 3524 perhibendum

96 3543 171 3598 Dabo
193 3555 240 3597 uos
263 3542 366 3596 cunctis
380 3537 491 3608 papatis
510 3539 540 3592 ia
554 3536 671 3602 motem,
687 3537 804 3606 pluriam
827 3537 949 3591 etiarm·
1003 3539 1081 3594 iuter
1095 3540 1225 3595 homines
1245 3541 1421 3597 testimonim
1438 3539 1579 3596 sanctitati
1594 3556 1601 3595 ε
1616 3556 1681 3595 curn
1707 3540 1855 3596 interdum

97 3646 154 3686 rom
167 3631 259 3697 (Dect.
279 3643 355 3694 xxvi,
374 3628 432 3697 19);
446 3630 476 3680 et
491 3640 581 3696 porse
603 3624 771 3696 pollicente:
795 3623 951 3695 Palpebunt
1005 3628 1125 3698 angelus
1148 3627 1260 3684 Satanae
1276 3630 1461 3701 transfiguret
1476 3645 1505 3683 se
1519 3628 1548 3683 in
1564 3620 1701 3700 angelum
1721 3628 1806 3695 lucis,
1830 3633 1859 3683 et

93 3720 166 3790 justi
182 3720 252 3772 sicut
265 3717 307 3772 aot
320 3719 350 3770 ia
362 3730 444 3784 rapae
468 3715 560 3770 Patris
574 3728 669 3769 eonem
691 3713 802 3782 (Mattio.
818 3728 878 3780 nur,
892 3712 948 3782 43).
1004 3714 1124 3786 quidam
1139 3731 1226 3787 opera
1240 3733 1291 3772 sua
1304 3717 1410 3772 faciant
1432 3722 1465 3771 ut
1483 3717 1519 3770 ab
1542 3716 1709 3771 hominibus
1739 3716 1857 3771 ridean-

99 3808 170 3862 Nam
190 3810 222 3860 ut
236 3821 295 3860 snoe
322 3803 433 3859 virtutis
446 3802 608 3873 potentiam
635 3801 808 3858 mirabiliter
829 3800 950 3856 manile·
1003 3807 1061 3858 tur.
1078 3803 1176 3859 Sedet
1204 3805 1280 3876 magi
1306 3805 1462 3860 Pharaonis
1481 3804 1551 3859 olim
1569 3803 1650 3876 signa
1669 3804 1814 3874 lecerunt,
1829 3809 1859 3860 et

97 3900 162 3965 stet,
177 3899 205 3950 et
220 3898 325 3949 nostrae
340 3894 440 3948 salutis
465 3908 580 3947 causam
599 3890 825 3946 misericorditer
846 3905 950 3960 opere-
1004 3893 1196 3948 Antichristus
1211 3893 1328 3948 tandem
1349 3893 1481 3964 prodigia
1495 3892 1671 3963 operabitur,
1687 3897 1731 3961 ut,
1755 3892 1859 3949 silleri

97 3989 155 4051 tur,
179 3983 279 4039 fideles
295 3998 371 4048 suos,
396 3997 468 4054 quos
484 3994 598 4051 semper
612 3983 730 4034 coronat
744 3978 775 4033 in
789 3978 870 4044 coelo,
894 3978 949 4032 tre·
1004 3986 1111 4054 posset,
1140 3983 1170 4037 in
1198 3997 1309 4036 errores
1330 3981 1605 4038 etiamiuducantur
1625 3980 1719 4057 electi.
1750 3981 1859 4038 Verum

99 4075 220 4144 quanter
237 4070 322 4125 etiam
337 4069 462 4124 honorat
479 4068 509 4122 in
528 4066 646 4134 mundo,
673 4067 708 4122 ad
722 4082 823 4122 eorum
839 4080 951 4121 memo·
1005 4085 1072 4125 cum
1093 4074 1122 4126 et
1140 4070 1243 4125 marita
1267 4085 1337 4125 sana
1359 4070 1535 4141 praecedunt,
1550 4075 1580 4125 at
1606 4069 1682 4125 clara
1697 4069 1857 4125 succedunt

99 4160 249 4230 riassigna
262 4157 370 4212 iaciens
382 4163 410 4212 et
429 4155 571 4227 prodigia,
591 4169 644 4225 per
666 4169 732 4224 quas
747 4152 873 4225 pravitas
884 4168 950 4207 con·
1005 4156 1154 4225 miracula,
1180 4161 1289 4211 certum
1313 4158 1446 4228 prrebont
1470 4157 1608 4213 iudicium
1638 4157 1811 4220 sanctitatis,
1828 4161 1860 4212 ut

99 4245 236 4299 laudatur
264 4243 407 4309 haeretica,
432 4248 461 4296 et
492 4240 563 4295 fides
588 4240 727 4295 catholica
752 4239 948 4295 conlirmetur.
1005 4260 1059 4299 nos
1073 4244 1109 4299 ad
1130 4243 1221 4314 ipsius
1245 4246 1458 4301 venerationem
1484 4245 1621 4301 inducant
1634 4260 1722 4317 quem
1737 4245 1817 4300 Deus
1830 4249 1859 4300 et

101 4333 157 4388 Nos
178 4348 260 4403 ergo,
274 4330 446 4398 charissimi,
473 4334 596 4401 quantas
624 4344 787 4400 possumus,
813 4328 868 4384 etsi
890 4345 951 4384 nou
1005 4332 1116 4391 meritis
1136 4333 1374 4403 precedentibus,
1390 4339 1419 4390 et
1445 4333 1592 4390 miraculis
1615 4332 1859 4406 subsequentibus

100 4425 222 4491 quantas
240 4419 389 4486 debemus,
416 4417 606 4488 omnipotenti
620 4418 678 4472 lieo
699 4418 857 4490 gratiarum
876 4417 949 4473 rele-
1005 4419 1120 4475 exhibet
1143 4421 1347 4477 venerandum.
1363 4421 1499 4486 Quuduo
1518 4438 1553 4476 ex
1568 4420 1660 4476 serbis
1672 4421 1860 4493 evangelistas

101 4507 192 4562 rimus
213 4507 351 4574 actiones,
367 4507 418 4578 qui
439 4506 470 4561 in
494 4505 595 4563 diebus
609 4505 723 4572 uostris,
748 4506 785 4562 ad
802 4504 952 4561 conflrma-
1005 4507 1118 4580 plenius
1132 4508 1318 4580 colliguntur,
1334 4509 1384 4581 qui
1401 4510 1436 4564 de
1451 4509 1587 4580 apostolis
1600 4510 1721 4581 loquens
1735 4510 1858 4565 aiebat:

101 4595 211 4651 tionem
227 4595 295 4651 fidei
309 4594 456 4651 catholice
476 4593 716 4650 etconiusionem
729 4592 870 4650 herenee
884 4608 950 4664 pra·
1005 4598 1052 4653 itti
1084 4603 1173 4653 uatem
1201 4600 1320 4668 protecti
1352 4597 1574 4669 predicaverunt
1601 4598 1712 4668 abique,
1745 4600 1860 4654 Domino

100 4682 195 4739 vitatis
209 4684 359 4739 evidenter
373 4683 491 4739 innovat
504 4683 597 4754 signa,
612 4686 642 4738 et
667 4682 806 4738 miracula
819 4685 952 4752 potenter
1005 4691 1173 4756 cooperante,
1201 4691 1228 4742 et
1252 4701 1402 4743 samonem
1416 4686 1601 4758 confirmante,
1620 4685 1798 4755 cemicas
1820 4690 1858 4742 si·

100 4771 245 4840 immutat,
262 4771 369 4827 iaciens
393 4787 442 4826 eos
456 4787 602 4827 coruscare
617 4770 775 4841 mimantis,
798 4769 849 4841 qui
863 4768 951 4825 tidem
1006 4772 1322 4845 onis(liarc.xr1,20).

99 4862 271 4918 catholicam
293 4865 354 4916 tam
368 4860 453 4915 corde
482 4875 569 4932 quam
588 4876 648 4929 ore,
673 4874 785 4914 necnon
809 4863 838 4913 et
863 4872 951 4928 opere
1041 4862 1114 4921 Sane
1137 4877 1203 4917 cum
1229 4862 1266 4917 ad
1291 4861 1468 4917 audientiam
1499 4861 1583 4917 boue
1603 4860 1752 4916 memorie
1769 4862 1859 4919 core

101 4951 256 5006 tenuerint.
1006 4951 1075 5005 stiui
1089 4966 1173 5023 papae
1197 4951 1267 5021 (83),
1279 4950 1496 5022 predecessoris
1522 4951 1590 5018 mci,
1606 4950 1709 5006 merita
1724 4954 1753 5006 et
1769 4954 1859 5007 mira-

138 5042 218 5097 luter
231 5058 304 5114 quos
322 5040 414 5096 beata
431 5038 579 5095 memoriae
600 5038 796 5111 Cunegnndis,
809 5039 952 5094 Romano·
1007 5038 1072 5093 cula
1083 5038 1209 5109 praefatae
1229 5039 1430 5109 imperatricis,
1442 5038 1522 5094 vobis
1546 5037 1738 5094 referentibus
1753 5055 1860 5110 perre-

101 5144 167 5183 rum
180 5129 347 5200 imperatrix
362 5131 501 5200 Augusta.
514 5142 580 5199 quae
592 5126 700 5198 degens
714 5126 784 5182 olim
798 5125 828 5181 in
842 5126 952 5182 mando
1008 5125 1130 5189 nissent,
1160 5132 1193 5183 ut
1206 5127 1267 5198 ipso
1284 5128 1319 5184 de
1332 5127 1389 5183 illis
1413 5127 1543 5183 notitiam
1563 5127 1737 5198 conciperet,
1756 5128 1860 5183 certio·

104 5215 217 5286 magnis
243 5217 355 5272 meritis
380 5215 577 5287 prepollebat,
606 5229 683 5269 nunc
708 5214 805 5269 vivens
832 5214 862 5269 in
881 5215 952 5272 coelo
1008 5230 1080 5283 reru,
1109 5214 1330 5286 inquisitionem
1365 5231 1464 5271 eorum
1497 5215 1708 5271 venerabilibus
1722 5214 1860 5281 iratribus

63 5352 72 5366 ·
140 5319 420 5392 (illihicmoauuo
447 5321 660 5393 lttltPopponi
684 5319 864 5376 seuPottoui
889 5336 952 5375 suc·
1009 5335 1085 5374 anno
1106 5322 1193 5386 tl913
1222 5319 1283 5375 obit
1310 5320 1357 5375 die
1379 5320 1627 5377 Btauuariiauuo
1646 5321 1858 5387 ¹198,cuista·

103 5391 198 5458 cessit,
211 5391 365 5464 sedemque
380 5393 496 5463 reliquit
508 5408 585 5449 anuo
601 5393 679 5448 lidi.
1009 5390 1061 5445 tim
1072 5389 1258 5447 innocentius
1267 5391 1304 5446 ΙΙΙ
1323 5390 1376 5447 luit
1386 5391 1564 5447 substitutus.

139 5462 199 5533 (83)
214 5462 241 5516 ls
261 5468 304 5517 ost
326 5462 496 5519 Caelestinus
516 5463 565 5532 ΙΙΙ,
590 5467 702 5520 creatus
722 5461 769 5519 die
792 5462 825 5517 tl
847 5461 953 5533 Aprilis
