3878 6112
64 229 114 286 ild
890 228 986 285 ACTA.
1767 232 1816 291 tte

61 347 198 404 familiari
229 363 238 404 r
263 347 346 418 cujus
374 344 428 402 riri
456 345 610 417 aliqualem
646 345 778 400 notitiam
803 344 948 418 praeusta
968 344 1158 401 secendunta
1182 346 1266 402 Patre
1294 346 1450 413 luminum,
1478 347 1679 419 capacissimos
1699 348 1816 406 effectus

61 437 215 506 inscriptio
229 434 373 508 sepulchri
391 436 455 505 ejus
473 433 640 504 bambergae
653 433 683 488 in
699 434 808 505 templo
832 449 914 506 paro·
969 448 1030 487 esse
1052 434 1228 488 crederetur.
1245 434 1318 489 Rara
1344 435 1406 490 haec
1428 436 1550 491 mutatio
1566 437 1595 492 in
1623 437 1757 501 restibus,
1785 440 1815 494 iu

61 524 150 580 chiali
166 523 332 589 §.liertinb
353 538 420 594 quae
433 522 498 576 talis
525 527 592 576 est:
620 522 913 578 «noreiensissimus
969 523 1109 588 moribus,
1119 523 1149 576 iu
1170 523 1329 589 famulitiis,
1356 524 1388 578 in
1414 524 1567 579 domestico
1593 524 1757 595 splendore,
1784 527 1815 581 iu

63 638 73 664 ι
97 614 126 668 in
143 613 258 669 Christo
278 613 362 668 Pater
379 626 412 665 ac
433 610 574 666 Dominus
590 611 750 666 Fridericns
770 612 913 667 Fomerus
970 611 1134 682 quotidiana
1156 612 1378 675 couversatione,
1393 616 1422 667 in
1449 613 1529 667 omui
1559 614 1740 685 negotiorum
1758 620 1814 669 tre·

62 725 73 751 a
97 718 156 757 sac.
186 700 350 772 Theologire
388 700 501 765 Doctor,
526 697 677 769 episcopus
709 699 911 767 Hebrouensis,
968 699 1102 766 clatione,
1119 698 1254 753 omnibus
1282 700 1333 770 qui
1356 716 1422 753 eum
1447 701 1557 771 pridem
1577 708 1717 757 nocerent
1744 717 1816 774 prc-

61 791 297 861 «suffraganeus
323 787 551 861 bambergensis,
567 804 599 842 ac
613 787 719 842 ibidem
737 788 767 843 in
777 786 913 858 spiritua·
968 786 1048 856 digio
1074 786 1177 840 similis
1201 788 1371 843 habebatur.
1401 788 1507 843 Exinde
1537 789 1664 844 innotuit
1687 789 1815 846 efficacia

61 903 75 928 a
97 880 177 935 libus
192 878 320 933 vicarius
334 876 492 943 Generalis,
506 893 594 931 sacrre
621 878 757 932 Caesareas
785 877 912 947 dejesta·
969 874 1121 946 patrocinii
1135 875 1182 931 SS.
1208 876 1320 931 henrici
1344 882 1372 931 et
1385 877 1579 948 Cuneguudis,
1597 893 1722 949 quorum
1751 880 1813 933 cul·

61 987 75 1023 a
100 969 132 1036 ti,
147 984 182 1023 ac
209 966 398 1024 serenissimo
424 965 547 1021 bavarie
562 966 632 1020 buci
650 984 667 1019 a
690 965 828 1029 consiliis,
854 965 913 1020 inte
967 964 1008 1018 tui
1022 968 1052 1018 et
1063 963 1218 1018 imitationi
1244 968 1338 1020 totum
1367 964 1739 1038 sedebat.Vitasipsorum
1755 983 1813 1022 nou

62 1056 205 1128 egritate
219 1055 294 1122 vites,
323 1055 385 1110 zelo
411 1054 570 1126 religionis,
599 1054 793 1124 legationibus
815 1053 912 1122 obitis,
968 1052 1061 1107 solum
1077 1052 1189 1107 assidue
1204 1053 1359 1121 lectitabat,
1377 1054 1426 1108 sed
1451 1054 1538 1110 ctiam
1570 1056 1668 1111 ambas
1682 1072 1715 1112 ex
1738 1056 1812 1111 auti·

63 1166 77 1193 ι
98 1143 216 1200 consilii
236 1143 400 1216 prudentia,
416 1158 449 1196 ac
463 1143 526 1197 viro
535 1141 613 1197 verbi
630 1142 681 1197 liei
694 1142 809 1213 eloquio
820 1143 913 1197 libris·
968 1157 1025 1212 quo
1040 1141 1136 1196 codice
1156 1157 1208 1196 ms.
1236 1142 1367 1212 ipsemet,
1385 1144 1544 1215 apographi
1569 1143 1684 1199 iunctus
1707 1145 1812 1214 cilicio,

63 1256 78 1280 a
97 1249 159 1305 que
176 1232 259 1288 editis
273 1231 338 1287 orbi
366 1235 462 1297 notus,
476 1231 522 1302 pie
544 1230 574 1285 iu
605 1230 726 1285 Domino
752 1231 823 1285 obiit
835 1247 912 1285 enno
967 1245 1054 1284 manu
1066 1245 1116 1283 sua
1131 1228 1289 1299 descripsit.

62 1347 75 1368 ‹-
99 1337 252 1387 uncum
267 1319 399 1376 Decemh.
417 1340 432 1369 a
1003 1319 1045 1373 34.
1062 1341 1074 1367 a
1099 1318 1208 1372 Horum
1238 1322 1424 1389 patronorum
1453 1321 1591 1390 exemplis
1616 1319 1759 1389 incitatus,
1784 1328 1813 1378 et

98 1413 145 1464 tt.
170 1428 185 1460 a
213 1408 284 1464 lluic
312 1407 693 1480 elogioconsonethistcria
718 1407 913 1478 manuscripta
966 1407 1063 1462 divino
1087 1406 1176 1460 lretus
1201 1405 1318 1474 auxilio,
1339 1422 1411 1476 opus
1426 1422 1542 1478 prorsas
1570 1408 1702 1474 arduum,
1725 1415 1754 1465 et
1780 1411 1811 1466 in

60 1497 179 1569 collegii
193 1498 257 1554 Soc.
285 1496 351 1552 lesu
377 1496 543 1565 Bamhergae
562 1495 662 1551 eodem
686 1511 763 1550 anno
792 1510 910 1559 socru,
967 1496 1028 1550 istis
1044 1511 1139 1550 rerum
1172 1499 1396 1566 temporumque
1415 1495 1645 1561 circumstantiis,
1668 1503 1701 1552 ut
1727 1514 1810 1554 sum·

60 1587 111 1642 uhi
134 1586 215 1642 inter
235 1591 340 1641 caetera
360 1585 396 1640 de
415 1585 465 1639 illo
495 1584 620 1639 dicitur:
652 1604 666 1634 a
694 1583 743 1638 Vir
765 1583 910 1639 erathoni
931 1583 1007 1677 Bmi
1027 1582 1112 1637 etiam
1130 1581 1369 1652 virijodicahaut,
1384 1583 1811 1657 lactuimpossihileaggressus
1892 1624 1896 1632 -

61 1693 75 1722 ι
95 1673 261 1726 communis
284 1687 393 1736 amens,
409 1675 438 1725 et
461 1686 477 1724 e
500 1670 606 1726 virtute
632 1668 792 1741 litterisque
815 1669 908 1741 plori-
964 1672 1029 1739 luit,
1046 1671 1155 1727 scilicet
1179 1673 1413 1728 reformationem
1431 1672 1558 1728 ecclesie
1581 1674 1825 1749 bambergensis,¹

63 1775 178 1814 ‹mum
207 1756 463 1814 commendatus...
508 1757 563 1812 sub
596 1756 689 1813 infula
712 1758 800 1812 vitam
829 1757 910 1813 duxit
963 1775 1050 1832 quam
1084 1760 1203 1815 haeresis
1228 1761 1319 1816 terme
1355 1765 1443 1816 totam
1470 1767 1660 1833 occupaverat
1683 1767 1712 1818 et
1737 1763 1810 1820 foede

63 1872 72 1896 a
94 1848 305 1918 religiosam.»
329 1847 379 1901 llic
392 1846 482 1917 igitur
503 1845 707 1917 Sutlrageueus
733 1846 824 1901 edidit
837 1862 908 1918 opu·
963 1847 1214 1902 contaminaverat.
1234 1847 1351 1902 Narnia
1377 1848 1479 1920 primis
1492 1847 1522 1902 in
1552 1849 1615 1919 ipsa
1632 1849 1703 1904 urbe
1723 1852 1809 1906 liam·

59 1937 172 1991 sculum
201 1935 248 1990 cui
270 1934 388 1990 titulum
419 1934 487 1990 tecit
516 1949 522 1990 :
554 1935 615 1989 Duo
632 1937 742 2005 speculo
770 1935 910 2004 Principis
962 1933 1096 2006 bergensi
1125 1937 1205 1990 totus
1241 1941 1358 1990 senatus
1385 1935 1501 2002 civicus,
1534 1937 1657 2008 exeeptis
1685 1937 1808 2005 duobus,

59 2025 245 2090 eacbstcctist,
274 2040 290 2079 e
313 2025 437 2079 duorum
460 2022 723 2079 laudatissimorum
750 2024 909 2079 Praesulum
964 2023 1156 2078 Lutherauem
1170 2029 1275 2078 sectam
1296 2040 1355 2078 uon
1375 2025 1467 2078 solum
1496 2024 1723 2094 pertinacissime
1746 2031 1809 2081 tue-

58 2129 90 2167 ac
117 2112 300 2183 Principum,
327 2111 445 2167 loannis
480 2111 625 2167 Godeiridi
664 2127 740 2165 anuo
784 2128 907 2179 uncxvu,
963 2111 1058 2175 hatur,
1088 2113 1183 2166 sedet
1210 2111 1364 2184 precipuis
1379 2112 1516 2166 ditiorum
1532 2113 1706 2183 optimatum
1722 2114 1811 2170 totius

59 2216 123 2255 xxrx
139 2198 330 2270 Decemh.,et
358 2198 587 2270 Nythardiauno
622 2216 833 2267 asseruerim
851 2201 908 2255 lte-
962 2199 1301 2265 communitatiscivium‚
1325 2200 1808 2274 numerocirciterquinquoginta.

61 2287 153 2343 cemh.
182 2287 314 2358 piissime
341 2287 540 2343 defunctorum
575 2288 660 2342 rebus
696 2288 832 2359 preclare
859 2304 906 2358 ge·
962 2288 1189 2359 conjuraverant,
1216 2288 1288 2343 velle
1309 2303 1339 2342 se
1367 2287 1462 2357 potios
1480 2303 1545 2343 cum
1569 2288 1651 2343 honis
1675 2290 1820 2367 omuibus,

63 2377 111 2431 stis
143 2375 327 2448 heroicisque
367 2375 521 2431 virtutihus
568 2376 752 2447 potissimum
785 2379 909 2432 conflata
961 2376 1140 2431 domicilium
1170 2375 1225 2430 alio
1245 2377 1411 2438 transferre,
1440 2392 1526 2449 quaru
1555 2393 1656 2431 mauus
1683 2378 1760 2433 dare.
1778 2380 1818 2434 ln·

61 2470 148 2537 atque
163 2464 347 2532 concinnata,
363 2467 392 2518 et
417 2469 541 2535 quatuor
568 2464 756 2519 concionibus
779 2463 907 2519 lunebri·
962 2464 1026 2519 eliis
1051 2464 1197 2536 pleri-que
1224 2463 1378 2519 dioeceseos
1401 2463 1562 2520 civitatibus
1585 2471 1614 2519 et
1638 2465 1753 2537 oppidis
1774 2483 1809 2521 ne

63 2551 162 2607 busad
177 2566 338 2623 eorumque
353 2552 515 2622 sepulturas
534 2556 563 2606 et
573 2551 775 2623 exsequias,in
790 2553 909 2608 ecclesia
961 2551 1064 2606 unicus
1078 2551 1195 2624 quidem
1213 2552 1376 2608 catholicus
1390 2553 1459 2608 civis
1475 2553 1682 2624 reperiebatur.
1700 2554 1808 2610 Nihilo·
1838 2540 1844 2550 ”

64 2639 218 2695 uthedrali
247 2639 461 2711 bambergensi,
490 2639 591 2712 lingue
620 2642 771 2695 vernacula
790 2641 906 2706 habitis,
961 2639 1057 2695 minus
1084 2645 1115 2694 ut
1145 2639 1327 2711 lmperialem
1358 2641 1432 2695 hanc
1463 2642 1621 2709 ecclesiam,
1643 2648 1808 2698 sanctorum

65 2729 149 2782 latina
176 2726 302 2797 scriptis,
328 2726 451 2797 publicae
472 2727 529 2781 luri
556 2732 585 2782 et
613 2727 767 2782 imitationi
791 2728 857 2783 data
880 2734 909 2783 et
962 2728 1076 2783 lleurici
1096 2732 1125 2782 et
1153 2728 1336 2799 Cuneguudis
1363 2729 1490 2783 nobilem
1510 2728 1610 2796 tiliam,
1635 2746 1651 2783 e
1674 2731 1807 2801 luporum

65 2815 227 2884 evulgatae
244 2814 385 2870 Friderico
400 2815 534 2881 Fernerc,
558 2819 611 2870 etc.
640 2815 816 2887 lngolstadii,
832 2816 907 2887 typis
961 2815 1090 2870 laucihus
1116 2815 1249 2885 eriperet,
1276 2821 1373 2887 pastor
1406 2816 1451 2870 hic
1481 2832 1538 2870 non
1566 2818 1661 2872 minus
1684 2819 1810 2890 prudens

66 2902 191 2974 Gregorii
230 2901 356 2971 llocnlin,
383 2918 460 2958 anno
486 2902 589 2958 Christi
617 2919 747 2958 uncxrru.
779 2905 817 2958 Ex
854 2904 1227 2975 hochuamlortisnihit
1245 2904 1555 2976 intentatumreliquit.
1811 2888 1817 2895 ¹

65 2998 177 3046 andere
192 2989 341 3061 pleraque,
360 3006 425 3061 ques
439 2989 487 3045 hic
513 2980 709 3056 adducuntur,
738 2993 910 3063 deprompta
998 2994 1042 3046 33.
1067 2992 1139 3047 «ue
1154 2992 1234 3062 prius
1261 2992 1474 3046 communicate
1492 3009 1556 3046 cum
1578 2993 1809 3048 llatthiailoma·

66 3085 135 3134 sunt.
165 3079 238 3143 oue
267 3093 303 3132 ex
338 3077 402 3132 eliis
422 3078 550 3133 tontibus
570 3078 672 3133 hausta
697 3079 822 3141 luerunt,
851 3081 909 3135 suis
963 3080 1516 3151 uorumImperatore,cuurWilhelmo
1534 3082 1608 3135 Doce
1632 3081 1811 3150 Bavar·ive,et

12 3226 20 3247 .
67 3166 130 3221 locis
156 3166 332 3221 indicantur.
362 3165 499 3220 Ordimur
526 3182 543 3220 a
566 3165 720 3236 Nytherdo,
749 3166 800 3238 qui
826 3173 909 3220 aetate
963 3168 1191 3222 cumnonnullis
1210 3166 1275 3221 aliis
1302 3167 1468 3223 orthodoxis
1495 3168 1682 3239 Principibus.
1713 3185 1811 3224 acsuo

67 3256 139 3326 prior
150 3259 205 3310 est.
963 3255 1121 3311 cathedrali
1135 3256 1273 3326 capitulo,
1289 3256 1383 3327 primo
1398 3257 1529 3310 omnium
1547 3258 1693 3312 ministros
1708 3258 1812 3312 Praedi-

98 3346 173 3399 32«
190 3341 513 3414 Nythardus,exnohili
536 3337 701 3397 Franconive
720 3343 855 3413 prosapia
874 3343 909 3398 de
962 3348 1072 3408 cantes,
1089 3341 1250 3413 quinescio
1277 3358 1400 3414 quorum
1429 3343 1623 3409 conniventia,
1651 3345 1812 3415 complures

67 3431 213 3503 lhnngen,
229 3445 296 3485 cum
321 3431 351 3486 in
378 3430 498 3484 ecclesia
512 3430 667 3485 cathedrali
691 3430 909 3501 llerbipolijem
967 3430 1186 3502 bambergensis
1200 3430 1317 3486 ditionis
1334 3431 1484 3502 parochias
1511 3437 1729 3502 occupaverant,
1756 3434 1812 3501 eje-

69 3519 160 3574 iuisset
183 3518 355 3590 perfunctus
388 3517 482 3573 cilicio
514 3517 613 3573 decani
643 3522 673 3572 et
700 3516 787 3572 modo
812 3520 911 3587 ageret
964 3519 1013 3574 cit.
1032 3520 1140 3574 Deinde
1165 3523 1336 3590 potestatem
1365 3519 1812 3575 exercuitcontruludimodern·

69 3608 191 3678 ejusdem
202 3606 330 3661 ecclesiae
343 3605 544 3678 Praepositum,
560 3606 657 3661 divino
675 3605 804 3672 consilio,
820 3606 910 3660 iuter·
965 3614 1051 3675 tores,
1067 3607 1118 3678 qui
1133 3606 1175 3660 uti
1191 3607 1220 3660 iu
1234 3607 1383 3678 plerisque
1395 3607 1558 3661 civitatibus
1573 3614 1601 3661 et
1626 3607 1740 3678 oppidis
1756 3608 1813 3663 bae-

10 3686 14 3693 ”
70 3695 233 3750 cedentibus
252 3694 354 3765 utique
382 3693 429 3749 SS.
453 3693 574 3748 ilenrico
597 3697 626 3748 et
641 3693 830 3764 cunegunde,
844 3693 909 3764 qui·
965 3696 1020 3750 resi
1036 3700 1117 3750 eraut
1130 3695 1238 3762 inlecti,
1260 3694 1300 3748 ita
1323 3700 1353 3747 ct
1374 3695 1496 3749 hereses
1511 3695 1608 3764 pueris
1623 3696 1809 3759 instillabant,

71 3783 114 3836 bus
127 3788 194 3837 erat
209 3781 375 3853 specialiter
391 3781 531 3848 addictus,
556 3781 742 3852 amplissime
768 3780 910 3853 praeposi·
963 3799 1022 3855 que
1054 3782 1170 3839 hutheri
1211 3782 1417 3837 catechismum
1458 3783 1515 3836 illis
1543 3784 1724 3851 inculcando,
1755 3800 1812 3856 qus

10 3936 23 3953 .
71 3876 211 3926 tnrmsuee
238 3867 396 3926 residentia
412 3869 442 3924 in
465 3869 616 3941 postremis
636 3869 733 3925 habita
757 3874 787 3924 ct
808 3866 911 3923 valedi·
964 3871 1153 3927 cantiunculis
1189 3871 1226 3925 ah
1266 3870 1385 3924 ecclesia
1425 3871 1569 3926 catholica
1611 3871 1723 3941 rejectis
1763 3888 1813 3928 eos

69 3970 116 4025 cra,
133 3958 278 4014 translato
307 3956 464 4026 domicilio,
495 3957 683 4029 Bemhergam
709 3956 912 4028 commigravit
965 3958 1161 4030 depravando,
1187 3962 1216 4012 ct
1238 3959 1304 4012 aliis
1328 3957 1504 4013 milleumdis
1527 3959 1818 4028 perversedogmate

69 4046 161 4118 ibique
185 4047 312 4118 primam
328 4045 452 4117 junioris
479 4045 570 4101 instar
584 4045 712 4101 canonici
728 4045 911 4101 residentiam
966 4048 1134 4103 inserendo.
1168 4047 1223 4101 llos
1256 4046 1345 4118 igitur
1382 4053 1519 4119 tauquam
1547 4047 1675 4102 exitiales
1702 4047 1813 4104 llorides

69 4135 240 4205 auspicatus,
265 4149 324 4189 uno
347 4134 560 4206 propemodum
575 4134 734 4206 eodemque
756 4150 841 4196 anno,
858 4134 911 4188 de·
964 4134 1124 4208 juventutis
1142 4140 1325 4205 corruptores
1339 4135 1457 4201 amovit,
1471 4134 1731 4206 iisqueCatholicos
1742 4136 1813 4191 sub-

66 4239 147 4278 curso
169 4222 347 4292 euidentius,
379 4222 457 4294 quod
479 4227 590 4290 vocant,
613 4221 758 4290 tirocinio,
786 4222 911 4292 capitulo
969 4223 1089 4295 rogavit.
1117 4223 1242 4277 Ulterius
1257 4222 1360 4277 deiude
1384 4238 1562 4292 progressus,
1577 4223 1724 4294 praefectos
1750 4240 1811 4278 om-

66 4314 283 4377 annumeratus,
305 4309 477 4365 cathedralis
495 4310 621 4366 ecclesias
646 4311 770 4366 decanus
796 4309 912 4374 electus,
968 4327 1028 4380 nes,
1072 4317 1230 4382 quaestorcs
1268 4326 1379 4376 omues,
1402 4310 1515 4381 judices
1543 4313 1671 4365 locorum
1703 4326 1812 4377 omnes,

65 4400 120 4454 vita
140 4400 242 4454 iuncto
269 4399 387 4454 Ernesto
410 4399 546 4465 Praesule,
562 4398 695 4454 unanimi
720 4398 913 4468 concapitula·
968 4401 1100 4454 scultetos
1126 4415 1235 4464 omnes,
1260 4399 1392 4453 consules
1406 4404 1435 4453 et
1457 4398 1560 4454 civicos
1579 4404 1725 4454 senatores
1752 4416 1814 4454 om·

66 4488 141 4543 rium
157 4486 342 4543 dominorum
353 4486 586 4556 consensu,lsine
608 4486 757 4553 scrutinio,
776 4501 829 4557 per
854 4485 916 4556 Spi·
963 4482 1030 4552 nes,
1057 4486 1107 4557 qui
1133 4485 1287 4541 Catholicae
1307 4485 1443 4555 religioni
1470 4501 1574 4540 manos
1602 4486 1670 4540 dare
1694 4493 1723 4542 et
1751 4503 1814 4542 eam

64 4576 138 4630 ritus
150 4574 180 4630 S.
196 4574 430 4646 inspirationem,
446 4573 524 4630 omni
539 4575 648 4646 populo
662 4590 678 4629 a
690 4589 804 4628 summo
825 4588 915 4644 usque
969 4574 1097 4647 profiteri
1122 4575 1293 4642 abnuerent,
1309 4574 1370 4629 loco
1384 4573 1482 4641 movit,
1500 4580 1529 4629 et
1542 4574 1612 4630 alios
1627 4590 1728 4630 eorum
1756 4576 1816 4630 vice

66 4663 101 4718 ad
122 4662 280 4718 minimum
303 4661 457 4734 jubilaeis,
486 4662 636 4734 episcopus
662 4662 769 4717 electus
788 4661 843 4716 tuit
869 4676 915 4717 mv
969 4663 1122 4720 substituit.

65 4750 203 4806 lioremb.
218 4766 315 4805 annno
328 4766 420 4806 unxer.
1007 4755 1050 4808 36.
1069 4774 1081 4802 a
1098 4753 1156 4807 Hoc
1169 4750 1258 4804 veluti
1278 4738 1418 4820 praeludio
1433 4750 1519 4804 totius
1535 4751 1672 4806 dramatis
1686 4752 1814 4822 praemis-

99 4842 147 4896 3³.
160 4858 176 4890 a
191 4839 236 4905 lit,
250 4838 329 4910 quod
344 4839 452 4894 mirum
474 4839 538 4895 risu
565 4842 651 4910 atque
665 4838 775 4906 auditu,
797 4838 832 4893 ad
861 4837 916 4892 hoc
969 4855 1010 4906 so,
1024 4837 1239 4892 couversionem
1266 4836 1359 4906 ipsam
1375 4836 1553 4891 subditorum
1578 4837 1696 4906 provide
1723 4835 1817 4906 auspi·

66 4941 218 4982 summum
233 4926 395 4981 animarum
411 4925 543 4998 regimen
566 4932 598 4981 ut
613 4926 712 4981 serite
741 4926 914 4997 disponeret,
969 4932 1048 4980 catus
1061 4925 1124 4992 luit,
1136 4929 1175 4990 et,
1198 4923 1275 4978 iuter
1285 4922 1452 4977 innumeras
1465 4922 1815 4993 libertinorumquerelas,

65 5014 286 5087 quamprimum
311 5015 499 5086 bambergam
528 5014 661 5078 accessit,
691 5020 800 5069 mutato
826 5016 915 5070 veteri
970 5011 1221 5078 contradictiones,
1244 5010 1353 5081 turbas,
1392 5010 1556 5076 seditiones,
1592 5009 1814 5064 acatholicorum

66 5103 276 5159 canonicorum
306 5102 402 5158 minus
427 5103 545 5158 decente
566 5102 677 5168 habitu,
707 5106 735 5156 et
752 5101 831 5156 omni
856 5101 915 5172 pri·
970 5100 1135 5174 principum
1170 5098 1409 5154 comminationes
1444 5104 1473 5153 et
1509 5098 1731 5170 persecutiones,
1765 5115 1817 5171 per

65 5191 143 5245 stine
157 5191 374 5246 conversatione
387 5191 503 5264 penitus
516 5191 657 5254 abdicata,
686 5191 726 5245 sic
754 5206 770 5244 a
795 5206 825 5246 se
852 5188 915 5261 ipso
970 5191 1068 5262 plures
1108 5202 1200 5242 annos
1215 5186 1329 5242 fortiter
1343 5191 1510 5258 prosecutus
1538 5185 1603 5240 luit.
1629 5185 1753 5242 Etcum
1780 5187 1817 5243 ad

65 5278 177 5334 distare
199 5278 296 5350 acepit.
326 5284 369 5347 ut,
397 5280 527 5335 oninium
554 5285 718 5335 censuraet
739 5277 859 5350 judicio,
887 5279 916 5333 in
971 5277 1080 5349 grande
1104 5275 1159 5331 hoc
1182 5275 1319 5330 molimen
1346 5273 1445 5343 magni
1477 5277 1609 5343 sumptus
1633 5273 1816 5346 requireren-

67 5368 159 5423 atinm
173 5366 333 5434 hominem,
347 5367 399 5440 qui
412 5367 569 5424 secundum
581 5369 671 5423 licum
687 5371 809 5435 creatus,
824 5370 917 5422 traus-
970 5369 1028 5432 tur,
1049 5380 1086 5418 ne
1111 5379 1214 5418 nervus
1230 5363 1271 5418 rei
1284 5364 1357 5418 bene
1372 5361 1507 5433 gerendae
1522 5361 1644 5430 deesset,
1671 5362 1818 5435 impensas

68 5456 146 5510 latus
160 5470 232 5520 esee,
260 5454 383 5524 ideoque
409 5455 568 5511 coelestium
600 5454 754 5520 donorum,
783 5469 846 5525 que
867 5453 916 5508 de·
972 5453 1047 5508 circa
1073 5468 1155 5508 suem
1183 5466 1346 5523 personam,
1389 5465 1452 5504 raro
1475 5451 1617 5522 exemplo,
1642 5449 1818 5522 ubicumque
