3894 6120
569 248 755 310 reomau.
775 282 810 295 -
827 252 904 309 urs
926 250 1140 312 iunoniam.
1410 232 1415 239 '
1677 258 1729 315 ue

70 374 189 433 indanas
204 373 367 446 respuisset
386 370 425 408 ⁸⁸⁸
451 376 480 429 et
499 371 531 428 in
555 372 670 428 servitio
698 374 749 430 ttsi
760 374 857 431 lor-A
876 373 928 446 pit.
945 372 1178 444 Tuncveroquia
1193 371 1245 429 Dei
1268 371 1410 429 famulum
1437 373 1532 430 studio
1554 375 1683 432 deditum
1698 384 1729 434 st

79 461 118 501 Μ
130 464 338 534 humanasque
358 461 458 518 laudes
482 461 600 517 vitando
625 460 753 532 fugasset
773 461 821 530 ⁸⁴⁰,
877 478 965 518 sacrae
983 461 1139 534 Scripturas
1161 460 1274 533 paginis
1297 462 1443 518 eruditum
1462 479 1495 519 ac
1520 464 1660 536 sapientia
1677 466 1730 522 Dei

70 566 194 609 :evemus
214 550 307 605 vitam
330 547 519 605 monasticam
541 565 693 621 aggressus
717 555 768 620 est,
794 556 822 607 et
877 551 1020 623 repletum
1043 549 1177 606 videbant
1196 547 1244 618 ⁸⁸⁸,
1268 565 1416 606 sermones
1442 555 1471 607 et
1492 552 1629 622 epistolas
1648 570 1727 624 quae-

70 639 168 710 euple
193 637 272 692 servi
302 638 353 693 Dei
377 637 524 693 diabolum
550 636 661 709 decepit
683 643 713 693 et
738 638 822 694 corde
877 639 1091 710 stiunculasque
1120 638 1213 693 varias
1242 639 1285 694 illi
1320 639 1449 710 prolerre
1491 657 1550 697 nou
1575 641 1726 699 timebant.

70 746 86 785 o
112 726 282 800 spirituque
311 725 501 781 contribulato
535 726 587 782 soli
615 727 673 782 [teo
708 727 822 798 placere
877 727 949 799 Ergo
968 723 1005 763 ³⁸⁹
1019 726 1137 799 quidam
1157 726 1273 782 illorum
1287 727 1364 783 inter
1379 726 1416 765 ³⁰⁰
1446 729 1515 784 alies
1546 745 1618 801 quas
1651 746 1727 802 saepe

70 814 245 874 .Similiter
274 818 304 868 et
330 815 379 869 alii
401 814 526 869 illustres
550 814 602 869 vivi
627 830 680 885 per
706 815 822 869 assidua
876 814 1005 886 pretulit
1028 813 1185 869 sententies
1216 813 1252 869 do
1275 810 1388 885 jejunio
1418 815 1506 887 tloysi
1527 817 1563 855 ³⁴¹
1591 820 1620 871 et
1638 818 1727 872 tleliae

69 904 97 961 ei
111 905 293 960 documenta
307 901 448 957 mundum
472 902 680 974 relinquentes,
697 902 733 958 de
748 902 821 957 civi·
876 903 963 958 verba
981 901 1149 974 questionis
1168 903 1341 974 composuit,
1360 908 1389 959 et
1407 904 1444 940 ⁸⁸²
1470 904 1523 970 illi,
1544 905 1628 960 nobis
1650 921 1726 976 prm-

70 997 172 1067 gerunt
194 996 225 1046 et
245 990 313 1044 vita
335 990 542 1045 monachorum
566 1007 596 1046 se
618 990 820 1046 subdiderunt.
876 989 1015 1058 sentibus,
1031 990 1113 1061 quasi
1127 1006 1179 1073 pro
1200 990 1349 1046 occasione
1370 991 1506 1060 dictandi,
1520 992 1624 1048 humili
1637 1009 1726 1048 manu

70 1098 84 1139 u
104 1096 171 1137 vero
200 1079 359 1150 episcopus
380 1078 488 1133 veritus
511 1094 547 1133 ne
573 1078 750 1135 monasteria
765 1083 820 1146 (m)
874 1079 1012 1151 porrexit.
1028 1078 1072 1132 lta
1086 1076 1165 1133 euim
1179 1079 1332 1149 scripserat
1345 1079 1415 1135 ille:

80 1170 221 1236 desolata,
244 1167 284 1222 ab
316 1165 451 1221 omuibus
476 1167 660 1223 monasteriis
684 1166 821 1223 tratribus
911 1194 926 1226 s
955 1173 1057 1230 ilentis
1084 1173 1253 1245 ingeniique
1280 1175 1339 1230 mei
1361 1175 1472 1231 aridam
1500 1176 1525 1231 si
1561 1192 1619 1232 non
1656 1193 1728 1249 per-

70 1258 118 1315 itis
139 1254 176 1293 ⁸⁸¹
205 1257 272 1311 istis
289 1271 339 1311 eos
364 1256 506 1311 allocutus
532 1261 576 1311 est
600 1255 717 1311 verbis:
746 1255 819 1311 Nolo
874 1262 1035 1317 timuissem
1051 1261 1282 1333 intelligentiam,
1312 1263 1609 1320 clementissimam
1627 1265 1726 1322 domi-

70 1362 180 1411 norare,
204 1345 324 1409 tratres,
356 1344 433 1415 quod
465 1345 569 1410 omnis,
599 1343 650 1414 qui
678 1346 714 1380 ⁸⁴¹
736 1343 821 1399 timet
875 1349 987 1405 nationi
1010 1337 1148 1421 quasdam
1189 1366 1275 1405 sacras
1299 1350 1454 1422 Scriptura
1469 1353 1634 1420 sententias,
1660 1369 1727 1425 qum

70 1441 91 1491 vt
115 1439 253 1506 operatur
277 1433 433 1503 justitiam,
455 1438 591 1501 acceptus
619 1436 663 1485 est
685 1430 740 1496 illi,
760 1448 819 1487 nou
875 1437 967 1492 animi
981 1437 1040 1492 mei
1058 1437 1241 1508 exiguitatem
1256 1439 1459 1510 constringunt
1482 1456 1595 1495 necnon
1618 1440 1648 1495 in
1673 1441 1727 1495 du·

77 1523 243 1589 monachus,
277 1520 329 1575 sod
358 1526 386 1575 et
413 1519 580 1586 canonicus,
607 1519 696 1574 etiam
728 1517 764 1556 ⁸⁴³
792 1527 821 1576 et
876 1523 1025 1579 bitationie
1055 1525 1246 1580 nodositatem
1278 1526 1381 1581 cadere
1408 1531 1525 1598 cogant,
1552 1527 1650 1599 aliqua
1681 1543 1728 1581 ra-

73 1614 137 1668 Non
149 1616 192 1665 est
206 1611 333 1673 bonvim,
349 1614 382 1663 ut
404 1607 574 1680 omnesqui
594 1604 630 1645 ⁸⁴⁸
646 1606 677 1661 in
692 1608 762 1663 navi
776 1609 818 1665 la·
839 1655 858 1708 B
875 1612 955 1667 tione
975 1612 1168 1682 protulissem,
1184 1618 1217 1668 nt
1228 1618 1284 1668 tuae
1306 1613 1457 1684 probitatis
1479 1613 1644 1669 doctissimo
1660 1630 1727 1669 eru·

72 1699 125 1755 nni
142 1698 221 1770 operi
238 1697 387 1763 insistant,
411 1703 443 1752 ut
460 1697 501 1751 vel
519 1709 623 1751 omnes
638 1694 698 1753 sint
712 1696 818 1766 guber·
876 1699 955 1755 ditus
963 1699 1146 1769 documento,
1162 1703 1204 1756 rei
1218 1717 1403 1772 agnoscerem
1414 1703 1562 1758 veritatem
1572 1719 1579 1770 ;
1589 1702 1727 1774 quoniam

70 1807 75 1844 t
107 1793 137 1844 et
162 1789 259 1842 nullus
295 1785 455 1855 navigator,
489 1788 539 1838 aut
570 1799 672 1838 omnes
706 1783 822 1854 neviga-
875 1786 1050 1858 quicumque
1074 1803 1108 1842 ex
1137 1793 1301 1844 sanctarum
1329 1790 1481 1846 sententiis
1512 1791 1727 1863 scripturarum

70 1874 93 1916 ι’
121 1881 150 1932 et
177 1875 276 1931 nullus
297 1873 484 1945 gubernator.
513 1871 681 1927 consultius
709 1874 752 1925 est
781 1869 820 1906 ³³⁶
874 1874 1055 1931 titubationis
1073 1876 1175 1933 incidit
1203 1877 1445 1948 periculum,nisi
1473 1881 1643 1936 emendatus
1657 1895 1725 1934 cou-

70 1966 147 2022 ·osito
161 1965 368 2036 gubernatore,
393 1960 594 2032 unusquisque
610 1959 692 2031 operi
713 1956 749 2004 ³⁴²
765 1974 819 2013 suo
873 1961 1007 2018 fessionis
1019 1964 1212 2020 satisfactione
1228 1966 1385 2022 mundetur
1400 1967 1551 2040 ipsamque
1574 1971 1728 2038 cognoscat

70 2053 216 2127 ,quidam
259 2051 407 2121 navigent,
446 2049 497 2105 atii
524 2048 711 2104 altitudinem
737 2062 820 2118 aqum
873 2051 1035 2118 veritatem,
1049 2053 1142 2124 gravis
1157 2054 1272 2125 culpam
1286 2059 1383 2110 reatus
1397 2056 1529 2111 incurrit.
1546 2057 1728 2127 Quapropter

70 2149 118 2211 nt,
132 2142 191 2207 alii,
210 2140 236 2196 si
257 2155 373 2194 necesse
396 2138 444 2204 sit,
466 2137 577 2192 malum
602 2138 742 2192 scandant
769 2133 818 2204 ⁸⁴⁸,
874 2155 947 2194 mess
961 2139 1063 2195 vulnus
1077 2141 1259 2196 conscientie
1274 2141 1355 2197 valde
1367 2142 1467 2198 dolens
1483 2144 1616 2214 ultraque
1631 2143 1726 2199 celero

70 2229 241 2287 osentinam
257 2227 404 2290 haurient,
422 2225 521 2297 sicque
545 2224 643 2279 navim
666 2239 769 2280 omnes
785 2224 817 2278 in
874 2233 1016 2296 metuens,
1027 2233 1084 2283 tuve
1095 2228 1272 2301 dignissima
1282 2230 1426 2286 sanctitati
1435 2231 1606 2287 fiducialiter
1614 2230 1725 2302 aperio,

70 2320 175 2391 rigant.
191 2316 330 2373 Similiter
341 2313 504 2385 intelligere
527 2313 678 2380 debemus,
701 2312 816 2380 tratres,
872 2322 906 2372 ut
924 2318 980 2373 hoc
1007 2317 1085 2388 quod
1109 2318 1179 2373 latet
1201 2317 1374 2374 intrinsecus
1397 2319 1515 2391 patettat
1535 2317 1723 2374 extrinsecus.

70 2405 214 2464 onomnia
226 2418 382 2477 possumus
397 2417 510 2456 omnes.
525 2400 554 2455 Si
569 2401 647 2456 enim
663 2415 765 2456 omnes
778 2399 818 2436 ⁸¹⁹
873 2406 944 2461 Nam
959 2405 1046 2477 hujus
1060 2405 1223 2462 dictaminis
1242 2407 1491 2478 compositionem,
1519 2407 1625 2462 nullius
1647 2422 1728 2479 saga·

70 2495 92 2552 ιι
105 2498 134 2550 et
154 2492 294 2560 canonici,
319 2490 370 2545 ubi
390 2493 458 2544 ⁸⁰⁰2
482 2487 569 2543 laici?
592 2488 661 2554 0⁰1³
675 2493 745 2544 tunc
760 2488 816 2543 mi·
872 2495 965 2549 citatis
982 2494 1170 2566 protervitate
1185 2495 1353 2564 succinctus,
1374 2496 1426 2551 sed
1454 2495 1591 2551 sitibundi
1615 2495 1728 2567 ingenii

69 2583 91 2640 it
114 2580 276 2646 monacbis,
311 2578 356 2632 vel
383 2577 434 2649 qui
461 2575 566 2631 serviet
587 2575 627 2612 ⁸⁸⁰
649 2576 817 2632 canonicis?
872 2585 999 2650 raritate,
1030 2584 1088 2638 Deo
1124 2587 1207 2651 teste,
1237 2584 1317 2640 valde
1343 2590 1466 2653 coactus,
1494 2584 1636 2640 sanctitati
1668 2589 1727 2640 tuve

70 2687 99 2728 m
121 2685 222 2726 omues
248 2667 324 2734 laici,
354 2666 404 2721 ubi
428 2671 498 2720 tuuc
523 2664 624 2720 laudes
648 2671 676 2721 et
699 2665 817 2720 servitia
871 2687 1013 2744 propono,
1054 2686 1113 2744 quo
1160 2688 1206 2727 me
1244 2672 1372 2743 corrigas
1400 2672 1610 2744 certioremque
1640 2672 1726 2730 istius

71 2760 166 2816 iversa
180 2763 224 2813 est
238 2757 317 2812 enim
331 2754 442 2809 familia
467 2753 499 2808 in
525 2753 648 2808 Ecclesia
672 2753 816 2821 D0i‚110n
872 2760 1102 2831 investigationis
1134 2777 1181 2816 me
1207 2760 1304 2828 iacias,
1332 2761 1400 2834 quia
1430 2767 1458 2817 te
1482 2766 1584 2833 typum
1605 2761 1724 2819 iliorum

70 2845 302 2913 uodomonachi,
319 2844 369 2899 sed
384 2841 472 2898 otium
495 2841 638 2911 canonici,
661 2847 817 2897 11021101101
870 2864 971 2919 gerere
985 2848 1136 2921 vicemque
1151 2850 1209 2905 scio
1226 2849 1447 2922 tenerelqnibns
1471 2849 1620 2906 Dominico
1652 2848 1725 2905 dici·

71 2936 148 2993 1gici,
163 2937 195 2991 Et
210 2934 241 2989 hi
256 2948 358 2988 omnes
381 2935 469 3002 egent
482 2930 576 3000 gratia
599 2929 659 2986 Dei.
675 2930 751 3002 Ergo
765 2929 817 3002 qui
833 2933 853 2989 C
872 2944 921 2994 tur
938 2936 1065 3009 elloquio
1081 2954 1088 2993 :
1106 2957 1121 2990 ιι
1137 2939 1223 2994 Vobis
1251 2939 1349 2995 datum
1372 2944 1415 2994 est
1442 2955 1526 2995 nosse
1556 2938 1726 3010 mysterium

70 3040 116 3082 :us
129 3024 167 3079 sit
180 3021 228 3090 ιιι,
254 3037 307 3094 pro
334 3018 491 3074 monastica
506 3018 565 3075 vita
584 3019 619 3075 de
643 3018 818 3075 monasterio
874 3025 985 3098 «regui
999 3024 1050 3080 Dei
1066 3027 1165 3094 (dioro.
1183 3031 1319 3095 1V,ll).u
1336 3029 1407 3084 Cum
1422 3033 1518 3086 autom
1534 3043 1630 3082 veram
1657 3043 1727 3083 con·

70 3129 96 3170 ie
119 3104 236 3168 licentia
260 3126 319 3165 nou
342 3112 436 3177 exeat,
464 3107 514 3162 sed
537 3107 759 3163 cumfratribus
786 3107 818 3162 in
872 3113 999 3170 scientia
1031 3129 1105 3170 mee
1140 3116 1350 3172 contessionem
1379 3116 1496 3181 iaciens,
1527 3116 1563 3172 ad
1598 3116 1727 3173 veritatis

70 3217 116 3258 ine
131 3199 168 3238 ⁸⁸²
188 3199 315 3265 laboret;
343 3203 371 3253 et
386 3197 410 3252 si
438 3194 605 3252 districtiori
632 3186 698 3251 vitt'
723 3193 817 3251 vivere
873 3202 1062 3274 agnitionem,
1091 3207 1143 3259 tua
1154 3208 1332 3261 monstrante
1359 3205 1524 3277 prodentis,
1554 3219 1723 3276 pervenero,

70 3294 108 3347 et
133 3287 181 3359 ⁸⁵³,
211 3288 288 3342 intra
314 3284 524 3340 monasterium
559 3300 644 3339 suum
681 3282 818 3354 operibus
873 3291 909 3346 ab
924 3289 1006 3345 omni
1017 3294 1114 3345 reatus
1128 3292 1187 3347 mei
1201 3292 1285 3347 sorde
1300 3293 1471 3349 mundatum
1486 3309 1519 3349 ac
1540 3297 1599 3348 tum
1621 3294 1726 3350 sancti·

72 3377 223 3435 soeutibus
245 3373 384 3430 inserviat
397 3378 426 3428 et
450 3373 486 3427 de
508 3372 592 3427 malis
614 3389 643 3427 se
666 3371 816 3440 stistineat,
873 3378 940 3444 satis
954 3377 1185 3452 innocentioque
1200 3396 1246 3435 me
1260 3380 1320 3436 lore
1344 3381 1515 3455 participem
1540 3386 1569 3436 et
1591 3398 1676 3454 spero
1697 3387 1728 3439 et

82 3466 251 3523 holocausta
279 3462 437 3518 medullata
466 3460 497 3515 iu
521 3476 572 3516 ere
598 3460 702 3517 occulti
725 3460 818 3515 cordis
873 3465 996 3521 tirmiter
1014 3467 1110 3536 credo,
1127 3467 1276 3538 quoniam,
1293 3469 1317 3523 si
1339 3485 1440 3525 verum
1462 3485 1521 3525 non
1544 3475 1627 3538 esset,
1648 3472 1727 3527 Psel-

70 3555 148 3610 .lerre
163 3554 199 3590 ³⁸⁸
217 3568 276 3608 uon
290 3550 417 3607 desistet.
435 3569 449 3602 ι
464 3549 526 3605 Tali
544 3564 662 3621 quoque
677 3549 819 3604 sententia
874 3553 960 3608 mista
986 3567 1045 3607 non
1070 3553 1210 3610 dixisset:
1236 3576 1250 3605 α
1274 3557 1345 3611 Cum
1368 3562 1466 3612 sancto
1494 3556 1725 3626 sanctificaberis,

70 3657 146 3698 mum
160 3639 272 3696 animos
286 3637 406 3706 sedavit,
418 3641 446 3693 et
459 3637 537 3710 quod
560 3635 698 3691 stabiliori
723 3640 819 3691 mente
876 3662 891 3692 «
910 3645 939 3696 et
953 3655 1020 3696 cum
1029 3640 1183 3698 innocente
1199 3641 1337 3699 innocens
1351 3644 1408 3699 evis
1424 3644 1512 3716 (Psoi.
1542 3660 1615 3711 xvii,
1635 3647 1693 3716 ιθ).
1710 3667 1725 3696 »

70 3730 125 3787 itio
141 3728 192 3784 Dei
205 3732 305 3800 postea
321 3726 540 3799 permanebant,
560 3723 698 3779 incitavit
874 3729 930 3786 Sed
945 3728 1015 3801 quia
1043 3729 1146 3785 ulceris
1168 3730 1249 3785 dolor
1275 3747 1322 3788 me
1347 3747 1460 3804 semper
1485 3732 1618 3804 augendo
1647 3737 1727 3790 tuam

70 3825 105 3883 td
125 3826 187 3881 bec
216 3824 325 3898 quippe
351 3821 399 3890 ιιι,
421 3827 453 3878 ut
480 3821 679 3894 uuusquisque
702 3820 820 3875 illorum
874 3817 952 3889 cogit
977 3815 1057 3872 adire
1080 3818 1276 3888 clementiam,
1309 3821 1559 3893 questiunculam,
1586 3837 1640 3892 pro
1670 3838 1728 3894 qna

70 3928 124 3970 ‚nm
138 3911 248 3984 ingenii
262 3911 453 3984 quantitatem
472 3909 604 3966 dictavel
627 3909 734 3980 scripta
758 3912 820 3963 stu·
876 3905 957 3962 istius
997 3904 1121 3977 pitatioli
1163 3909 1329 3979 congeriem
1365 3909 1536 3982 composui!
1558 3910 1728 3982 ambagibus

70 3999 96 4039 ιι
121 4001 178 4058 sibi
195 4000 300 4057 cotidie
318 3999 481 4071 proterrent
498 3996 547 4065 ιιι,
573 3996 696 4053 tirmiter
713 4011 820 4068 praece-
875 3993 985 4050 cunctis
1017 3994 1163 4066 projectis,
1180 4000 1239 4051 tuas
1267 3997 1439 4069 prudentie,
1460 4013 1547 4071 quem
1570 3998 1642 4055 mibi
1660 4015 1727 4055 suc·

681 4154 797 4211 VARIAE
817 4153 1017 4210 unctiones.

79 4332 231 4400 respueret
246 4330 272 4382 ι.
312 4323 349 4361 ⁸⁸⁹
379 4324 501 4378 terreret
518 4323 548 4375 2.
588 4316 626 4356 ⁸⁴⁰
651 4317 753 4373 vitaret
776 4319 803 4371 ’2.
840 4313 875 4353 ⁸⁴¹
905 4313 1052 4369 canonicis
1080 4314 1115 4369 lv.
1145 4316 1172 4369 ι.
1211 4313 1248 4352 ³¹¹
1277 4315 1365 4370 etiam
1393 4315 1442 4388 qui
1469 4318 1497 4372 2.
1535 4316 1572 4355 ⁸⁴³
1600 4317 1673 4375 deest
1700 4319 1726 4375 2,

70 4399 88 4456 ιι
109 4429 145 4440 -
165 4403 332 4454 automnes
361 4395 458 4449 desunt
476 4393 503 4448 2.
541 4388 578 4425 ιιι
615 4405 644 4445 ιι.
667 4389 725 4443 sint
748 4391 776 4441 et
795 4402 824 4441 n.
842 4386 879 4440 sit
900 4387 972 4457 gi.
992 4380 1030 4422 ⁸⁴⁶
1065 4389 1155 4439 ester
1176 4400 1192 4439 o
1216 4386 1244 4440 t.
1283 4384 1319 4422 θ’
1339 4402 1427 4457 opere
1445 4390 1472 4442 t.
1510 4384 1549 4423 ⁸⁸⁸
1574 4390 1730 4444 meandum

70 4467 92 4507 ι’
113 4473 233 4538 ο,ἰιιῐιι
254 4469 281 4523 t.
334 4462 372 4500 ⁸⁵⁰
392 4464 480 4518 servit
501 4466 526 4517 2.
566 4459 691 4515 ³⁵¹estt.
728 4456 765 4495 ⁸¹¹
779 4456 926 4512 communi
953 4457 980 4511 2.
1032 4452 1069 4492 ⁸⁵⁸
1091 4400 1234 4511 desiderat
1259 4459 1286 4511 t.
1324 4454 1362 4493 ιι·
1384 4457 1487 4513 offerre
1509 4461 1537 4513 2.
1592 4457 1630 4496 ⁸⁸⁸
1658 4459 1728 4515 item

70 4557 124 4599 isse
154 4539 292 4613 pracepit
317 4539 345 4592 t.
384 4533 420 4572 ἰι
452 4533 580 4588 studiose
610 4534 638 4586 2.
675 4527 711 4565 δι’
744 4528 924 4601 preferrent.
958 4526 1038 4582 Tunc
1070 4525 1113 4582 itti
1145 4526 1272 4582 videntes
1302 4529 1329 4581 2.
1367 4525 1404 4565 ⁸⁸⁸
1435 4528 1510 4583 deest
1539 4531 1568 4584 2.
1605 4527 1683 4584 ⁸⁸⁹et
1700 4533 1728 4586 ι.

71 4629 99 4668 a.
131 4627 160 4682 q.
184 4627 206 4664 s.
225 4626 251 4681 p.
279 4626 302 4665 s.
330 4607 436 4662 desunt.
462 4607 489 4660 t.
527 4600 562 4640 ⁸⁶¹
588 4600 660 4657 mosi
690 4604 716 4656 l.
746 4615 850 4669 sempor
874 4599 941 4664 fere.
991 4593 1031 4631 ⁸⁸¹
1063 4600 1089 4653 ι.
1118 4600 1257 4666 sequentia
1287 4599 1328 4652 tta
1351 4600 1383 4654 ia
1405 4598 1591 4669 compendium
1614 4599 1728 4668 redegit.

70 4682 97 4740 bi
130 4679 290 4753 proposuit,
313 4683 411 4732 utrum
441 4675 555 4730 nullum
583 4673 679 4728 cibum
708 4672 816 4741 tloyses
845 4669 876 4724 in
902 4669 946 4724 xl.
975 4666 1076 4724 diebus
1099 4667 1276 4739 sumpsisset.
1305 4667 1349 4723 Ad
1376 4669 1439 4724 haec
1466 4670 1510 4723 vir
1539 4675 1640 4725 anctus
1665 4676 1731 4742 post

70 4800 72 4804 ,
100 4752 189 4808 verba
212 4751 253 4806 sic
274 4748 394 4804 intulit:
412 4768 422 4796 ι
447 4745 521 4811 Quid
545 4743 662 4809 mirum,
684 4741 709 4796 si
724 4740 832 4822 iloyses
854 4739 905 4794 illo
924 4739 1044 4809 jubente
1064 4738 1216 4810 jejunavit,
1232 4737 1264 4793 in
1279 4738 1361 4810 cnjus
1375 4755 1466 4811 regno
1480 4740 1578 4795 nullus
1601 4756 1730 4812 unquam

70 4823 123 4880 ivit
149 4828 178 4878 et
204 4820 315 4878 esuriit.
344 4821 469 4874 Putasne
495 4815 570 4871 cives
597 4815 725 4869 coelestes
755 4815 829 4866 sicut
856 4814 987 4865 temones
1019 4814 1111 4864 rastro
1143 4809 1186 4863 vel
1215 4814 1310 4864 aratro
1343 4811 1479 4867 sudantes
1500 4811 1656 4865 laborando
1678 4827 1730 4883 pa·

70 4909 209 4967 quaerere.
241 4892 439 4962 Nequaquam.
465 4886 519 4942 Sed
543 4891 587 4941 est
615 4882 698 4956 penis
721 4882 866 4953 justornm
894 4879 1080 4935 indefectivus
1105 4881 1181 4935 Deus
1198 4879 1250 4935 Dei
1280 4879 1368 4935 Filius
1387 4883 1682 4962 angelorumcreator
1701 4886 1732 4936 et

70 4981 141 5021 ium.
171 4964 209 5018 De
238 4979 296 5034 quo
324 4961 463 5031 scriptum
488 4956 602 5012 est:1n
623 4953 799 5026 principium
823 4956 884 5007 eret
912 4951 1051 5016 Verbum
1077 4949 1159 5004 etibi
1175 4964 1183 5004 ι
1200 4950 1257 5022 ligo
1289 4966 1353 5005 sum
1361 4967 1450 5076 Bonis
1469 4967 1559 5007 vivus.
1577 4953 1631 5007 Per
1643 4966 1731 5022 quem

70 5052 82 5092 x
104 5035 232 5090 mundus
252 5030 392 5096 consistit,
422 5034 451 5083 et
474 5027 600 5099 populus
628 5025 712 5080 lsrael
731 5023 774 5080 lli.
786 5022 868 5079 anuis
884 5021 915 5076 in
928 5022 1042 5077 deserto
1052 5019 1134 5103 vixit.
1152 5021 1191 5075 lle
1206 5025 1352 5103 quontunc
1388 5038 1470 5103 oyses
1487 5021 1621 5103 gnstavit,
1642 5036 1730 5093 quem

69 5111 198 5186 utecum¹
220 5103 341 5186 Domino
363 5100 428 5183 luit.
452 5099 485 5154 lit
505 5098 572 5153 ideo
594 5112 653 5152 nou
677 5095 794 5162 mirum,
819 5093 843 5148 si
863 5099 933 5176 tuuc
955 5090 1079 5148 tamdiu
1099 5091 1277 5176 absquscibi
1297 5092 1558 5175 corpopalittuit.»
1586 5093 1731 5220 ttultaqlue

70 5180 164 5233 ierunt
190 5176 233 5231 ibt
247 5175 320 5231 iacta
339 5176 368 5229 et
382 5171 460 5227 dicta
479 5169 576 5239 verbs,
599 5183 664 5241 quas
690 5182 777 5222 causa
803 5164 950 5222 brevitatis
976 5167 1156 5236 pertranseo,
1174 5163 1223 5219 sed
1238 5179 1269 5218 m
1289 5162 1413 5219 historie
1435 5178 1498 5235 eJus
1528 5164 1658 5236 plenarie
1703 5179 1732 5220 a·

70 5264 93 5305 r.

801 5368 914 5427 NOTAE.

70 5505 305 5571 ieenouicomm,
321 5508 354 5562 ut
365 5507 445 5578 patet
461 5545 468 5559 .
