3894 6120
141 241 190 294 etr
634 234 717 292 vlTa
736 236 764 292 S·
785 232 1028 295 GUNEGUNDIS,
1048 232 1110 291 UBI
1129 234 1173 290 DE
1193 234 1222 291 S·
1243 233 1408 293 bubulco.
1854 242 1899 294 ru

142 364 185 420 illi
199 364 278 418 locus
298 360 435 418 orationis
448 362 477 415 et
486 359 592 431 quietis
606 359 673 427 luit,
689 359 767 414 idem
781 372 898 428 semper
911 354 1035 413 habi-a
1054 356 1149 411 monis
1160 359 1398 416 monumentum:
1413 354 1527 413 lumina
1540 373 1592 413 sua
1605 356 1637 414 in
1648 358 1702 415 Dei
1712 357 1804 428 ligere
1826 374 1897 430 aspe-

143 458 198 520 tus,
214 452 358 507 incultum
373 466 477 521 corpus
493 465 500 504 :
516 448 586 504 dum
615 448 703 503 sciret
727 444 900 517 rejiciendas
923 444 998 499 deli·
1053 446 1141 511 ctum,
1158 444 1283 515 primam
1298 434 1363 516 q'uce
1377 444 1493 500 doceret
1506 445 1610 513 lacere,
1639 450 1675 502 ut
1686 447 1815 503 fructum
1853 449 1901 504 do·

143 539 438 612 ciascorporis,quod
452 538 539 609 paulo
564 541 630 609 post
643 534 790 590 vermibus
820 532 998 588 exarandum
1054 532 1154 586 ctrina
1168 549 1228 587 suae
1244 531 1353 605 ipsein
1372 534 1462 602 cretis,
1491 536 1550 590 Deo
1576 535 1743 605 adjuvaute,
1758 534 1901 606 possitin-

144 629 180 684 sit
195 645 202 683 ε
215 643 330 698 semper
341 643 405 682 eam
420 627 525 697 legare,
543 629 593 680 aut
617 625 762 695 legentem
790 622 891 677 audire
917 621 998 676 eide-
1052 619 1160 674 venire.
1177 623 1242 676 llaec
1267 625 1296 676 et
1310 622 1452 691 ejusmodi
1474 622 1580 678 iterum
1596 629 1625 679 et
1642 624 1751 678 iterum
1780 627 1902 679 materno

144 735 199 774 res.
216 718 304 774 llulta
317 715 362 771 illi
383 716 458 770 circa
481 713 703 769 contubernales
718 710 842 777 devotio,
863 710 1000 781 frequens
1054 706 1148 763 studio
1164 708 1191 763 ei
1207 709 1366 770 inculcans,
1381 710 1463 781 quasi
1480 711 1510 767 in
1525 711 1658 766 omuibus
1669 711 1733 782 jam
1753 710 1903 782 perfectam

145 804 349 862 decubantium
374 802 508 868 visitatio,
537 800 663 855 sollicita
682 813 846 869 pauperum
861 797 999 852 consola·
1054 795 1158 866 etipsa
1178 799 1345 869 magistr-aur
1365 800 1494 854 venerari
1517 800 1611 871 caepit.
1638 799 1700 866 ltla,
1726 798 1780 853 uhi
1807 799 1903 854 imma·

145 896 196 951 tie.
213 896 356 950 Praeterea
369 891 453 962 plura
468 905 532 944 eam
548 889 688 944 miracuta
716 885 816 941 iecisse
841 885 998 951 credimus,
1053 889 1119 939 tura
1139 885 1273 941 libertate
1288 887 1376 958 potita
1393 893 1444 956 est,
1461 887 1598 958 paulatim
1613 902 1631 941 a
1651 886 1751 959 rigere
1767 902 1821 941 suo
1835 885 1908 942 aad·

146 982 206 1050 sed,
223 979 438 1053 quodgratiam
465 977 619 1032 hominum
648 979 678 1028 et
699 974 795 1028 oleum
824 972 1000 1027 adulationis
1053 989 1128 1042 cere,
1144 975 1310 1029 molliorem
1325 976 1445 1043 cultum,
1459 975 1611 1031 lautiorem
1621 974 1729 1044 cibum,
1744 990 1812 1046 qum
1826 974 1902 1030 vitio·

148 1069 399 1140 semperfugeret‚
416 1082 478 1120 esse
493 1080 646 1137 suppressa
664 1079 671 1117 :
689 1060 766 1132 quod
792 1066 890 1115 tamen
915 1059 999 1113 inca·
1054 1076 1121 1114 rnm
1146 1061 1288 1116 alimenta
1314 1067 1390 1130 sunt,
1416 1063 1594 1118 desiderare:
1620 1062 1726 1118 ultima
1749 1060 1782 1116 in
1810 1061 1902 1130 cboro,

149 1158 199 1211 rice
214 1156 386 1229 scriptorum
402 1170 454 1208 seu
472 1151 644 1208 resolutioni
673 1154 849 1220 temporum,
866 1163 924 1202 non
953 1147 1000 1201 de·
1054 1148 1149 1220 prima
1169 1149 1201 1203 in
1225 1150 1368 1220 convivio,
1390 1152 1552 1222 puellarum
1569 1151 1675 1206 tabulis
1709 1150 1903 1220 interesse,ac

149 1244 235 1300 iectui
248 1243 447 1315 deputandum
464 1245 507 1295 est
520 1240 669 1294 virtutum.
695 1239 788 1291 Pauca
811 1242 907 1290 tamen
932 1250 997 1306 quae
1054 1235 1085 1290 iu
1097 1236 1237 1291 omnibus
1250 1237 1341 1292 laxius
1359 1254 1442 1311 agere
1457 1240 1551 1309 erepit.
1567 1241 1621 1294 Pro
1641 1238 1814 1311 huJ'nsmodi
1836 1239 1902 1294 leri·

149 1331 179 1385 in
192 1331 305 1403 scriptis
316 1329 486 1402 reperimus,
502 1333 551 1382 aut
574 1325 702 1381 veridica
723 1324 997 1388 sanctimonialium,
1055 1324 1162 1379 tatibus
1189 1324 1260 1380 dum
1290 1342 1354 1381 eam
1389 1327 1556 1398 frequenter
1586 1333 1684 1382 sancta
1716 1326 1769 1381 [lei
1791 1325 1903 1382 interae

150 1420 200 1474 ubi
214 1420 265 1474 illa
278 1419 391 1476 Christo
406 1417 558 1483 militabat,
572 1415 713 1469 relatione
738 1413 935 1483 eognovimus,
954 1412 1001 1467 hic
1055 1411 1204 1484 privatim,
1220 1414 1334 1485 publice
1346 1431 1441 1469 ceram
1454 1414 1588 1470 omnibus
1602 1415 1765 1470 secundum
1779 1413 1904 1486 Apostoli

152 1506 278 1561 inserere
292 1507 413 1576 dignum
435 1504 578 1559 duximus.
1057 1505 1213 1574 praecepta,
1229 1502 1334 1573 saepius
1363 1509 1507 1574 argueret,
1534 1503 1708 1572 obsecraret,
1736 1503 1904 1575 increparet,

189 1597 214 1650 8.
232 1595 478 1649 Miroculiscluret.
495 1591 657 1647 Incendium
682 1591 843 1659 exstinguit.
868 1619 904 1630 -
930 1589 1002 1643 Cum
1058 1606 1112 1645 nec
1125 1589 1175 1644 illa
1190 1595 1352 1646 materterae
1371 1591 1448 1646 velut
1462 1591 1621 1663 patrocinio
1644 1597 1695 1646 aut
1714 1588 1905 1647 familiaritate

153 1684 220 1752 post
238 1680 375 1735 orationis
389 1679 581 1751 frequentiam
608 1676 834 1733 interiectionis
861 1675 1004 1732 lassitudi-
1058 1679 1251 1735 veneconfisa
1271 1681 1329 1736 ullo
1358 1680 1443 1735 modo
1466 1680 1688 1747 emendaretur;
1720 1677 1849 1751 quadam
1866 1676 1906 1732 die

155 1784 222 1823 nem
238 1769 340 1822 ancilla
354 1767 458 1824 Christi
473 1767 503 1821 in
529 1767 613 1833 lecto,
629 1783 689 1821 non
717 1765 824 1836 plumis
850 1764 1023 1833 exstructo,
1059 1768 1128 1823 dum
1143 1767 1286 1839 ipsacum
1308 1773 1451 1824 conventu
1473 1783 1598 1834 crucem,
1614 1767 1759 1823 namdies
1784 1764 1906 1822 Domini·

155 1857 204 1911 sed
222 1856 315 1910 cilicio
334 1860 432 1921 strato,
446 1855 576 1909 membra
590 1870 692 1925 sopore
707 1858 823 1925 gravata
837 1852 1004 1920 remisisset,
1060 1861 1193 1922 cuserat,
1209 1854 1346 1927 sequitur,
1372 1855 1514 1911 abbatissa
1540 1855 1631 1910 deluit
1659 1854 1728 1927 (rt).
1753 1855 1851 1920 Quam
1864 1852 1907 1909 illa

156 1945 251 2016 puella
273 1949 383 1998 sacrata
411 1959 476 2015 quoe
504 1942 539 1998 de
568 1958 649 1997 more
675 1943 719 1996 illi
743 1941 896 2009 assidebat,
912 1957 1006 1997 sacros
1061 1943 1221 2015 inquirens.
1250 1949 1278 1998 et
1303 1943 1468 2013 epulantem
1501 1959 1567 1998 cum
1593 1943 1696 1998 coaeris
1727 1942 1759 1998 in
1786 1940 1907 1997 conclavi

157 2033 276 2101 eodices,
294 2034 402 2104 legens,
414 2047 479 2086 cum
489 2031 548 2086 lere
563 2031 598 2086 ad
609 2031 737 2086 medium
751 2032 842 2085 noctis
856 2031 1007 2086 lectionem
1061 2031 1218 2103 reperiens,
1234 2032 1294 2086 zelo
1323 2031 1436 2102 pietatis
1461 2035 1581 2099 armata,
1607 2047 1674 2086 cum
1703 2030 1796 2086 verbo
1819 2045 1908 2086 corre·

158 2121 335 2188 estenderet,
357 2120 512 2191 caligantes
548 2120 647 2174 oculos
672 2119 784 2188 clausit,
810 2120 968 2189 lumenque
991 2134 1006 2173 e
1061 2120 1167 2191 ptionis
1183 2120 1300 2175 dextera
1319 2119 1466 2175 maxillam
1481 2119 1709 2191 ejuspercussit;
1735 2135 1804 2191 quae
1832 2117 1909 2191 quasi

157 2209 290 2264 manibus
304 2207 382 2262 illius
395 2207 565 2277 prolapsum
579 2208 676 2278 paleas
691 2207 861 2278 corripiens,
891 2207 936 2260 sui
950 2206 1008 2261 ira·
1062 2209 1189 2281 sigillum
1209 2209 1353 2280 quoddam
1373 2208 1497 2264 formam
1517 2208 1676 2281 digitorum
1695 2207 1760 2278 ejus
1790 2207 1906 2280 accepit,

158 2314 226 2366 gore
248 2295 484 2367 circumjacentes
516 2311 627 2350 sorores
648 2295 791 2350 excitavit.
815 2295 946 2350 Clamore
974 2309 1008 2348 ex
1063 2314 1120 2370 qua
1135 2297 1355 2367 omnitempore
1368 2298 1434 2352 vita
1464 2312 1524 2352 sue
1545 2296 1718 2352 noncaruit.
1740 2295 1910 2368 Deqnoni·

158 2401 298 2440 concursu
323 2384 408 2452 lacto,
450 2383 530 2454 virgo
556 2381 661 2438 Christi
693 2383 728 2436 de
758 2398 858 2436 somno
881 2396 1008 2447 excussa,
1064 2385 1171 2440 mirum
1186 2385 1260 2440 iacto
1275 2391 1396 2450 constat,
1412 2385 1480 2456 quia
1507 2401 1563 2440 non
1589 2389 1704 2441 tantum
1718 2400 1775 2456 pro
1798 2400 1840 2452 se,
1865 2383 1911 2440 sed

159 2474 227 2529 dum
242 2473 429 2528 colluctantes
457 2471 577 2525 interse
606 2476 633 2524 ct
649 2474 852 2542 concrepantes
879 2468 1010 2524 flammas
1063 2477 1093 2528 et
1112 2472 1302 2544 proeliorum
1326 2473 1526 2529 emendatione
1540 2474 1596 2529 hoc
1612 2473 1742 2544 pertulit,
1776 2477 1809 2528 ut
1833 2472 1913 2543 bajus

159 2563 233 2617 circa
247 2577 278 2616 se
293 2559 413 2630 aspexit,
444 2558 632 2613 adorationis
658 2574 738 2613 arma
769 2574 798 2613 se
820 2558 1011 2625 convertit,et
1065 2561 1134 2615 visio
1151 2560 1215 2615 aliis
1238 2561 1402 2632 proficeret,
1417 2563 1495 2616 etad
1521 2562 1649 2617 melioris
1675 2561 1743 2617 vitre
1771 2566 1914 2617 statum

159 2650 243 2721 signo
262 2648 354 2703 crucis
373 2647 554 2702 adustionem
570 2646 649 2701 illam
662 2648 770 2719 absque
794 2647 875 2701 omni
891 2662 1009 2701 suarum
1064 2647 1143 2702 vitiis
1169 2647 1228 2701 suis
1243 2653 1435 2720 retorqueret.

159 2738 276 2793 laesione
292 2735 413 2790 restium
428 2736 538 2790 avertit.
555 2736 614 2790 Tua
629 2741 696 2790 sunt
710 2735 782 2802 haec,
798 2735 918 2801 Christe,
939 2750 1009 2805 ope·
1102 2737 1144 2791 10.
1161 2736 1353 2792 chiroteclmm
1367 2738 1426 2807 ejus
1440 2738 1538 2794 radius
1552 2738 1617 2793 sula
1641 2739 1768 2793 sustinet.
1782 2768 1819 2778 —
1835 2738 1915 2794 Forte

160 2841 202 2891 ra,
218 2825 268 2897 qui
287 2824 358 2879 olim
373 2822 562 2893 babylonium
578 2837 676 2893 regern
701 2822 732 2877 in
756 2838 808 2876 suo
822 2822 918 2876 furore
939 2836 1010 2874 con·
1066 2827 1095 2877 et
1105 2823 1183 2878 istud
1199 2822 1408 2880 detractoribus
1423 2824 1584 2879 fabulosum
1604 2828 1633 2880 et
1645 2822 1816 2880 infidelibus
1830 2823 1916 2879 inore·

161 2913 272 2981 fudisti,
284 2918 312 2967 et
329 2911 495 2966 Chaldaicos
521 2911 614 2980 ignes,
628 2916 661 2965 ut
686 2911 769 2981 pueri
797 2900 1010 2965 tui'liberaren-
1027 2907 1048 2962 C
1067 2910 1153 2965 dibile
1167 2910 1326 2981 putabitur,
1343 2913 1420 2985 quod
1446 2912 1626 2967 sanctitatem
1641 2911 1732 2980 illius,
1758 2929 1849 2985 quam
1864 2912 1914 2969 hu·

162 3006 210 3054 tur
224 2999 317 3065 illaesi,
333 3002 383 3050 tua
399 2996 504 3050 virtute
518 2996 687 3051 exstinxisti.
1067 2999 1197 3053 militatis
1223 2999 1316 3070 gratia
1339 3001 1402 3072 ipsa
1425 3000 1556 3056 homines
1582 3001 1670 3056 latere
1703 3001 1809 3067 soluit,
1838 3006 1915 3057 muts

170 3092 224 3143 ’9.
242 3091 277 3143 lle
305 3089 383 3142 lutto
407 3086 466 3153 ejus
489 3085 747 3153 ηερεε,α11αεὶεεα.
775 3084 908 3139 -ltlind
924 3083 1012 3138 mira·
1068 3087 1210 3142 elementa
1238 3089 1406 3160 loquuntur.
1434 3088 1561 3160 Denique
1584 3085 1651 3143 cum
1678 3095 1745 3160 post
1763 3089 1913 3145 lectionem

163 3176 260 3231 culum
276 3182 335 3230 tam
354 3173 529 3243 stupendum
545 3187 632 3242 quam
656 3171 817 3228 tuirandum
845 3170 891 3225 hic
906 3173 1015 3242 placuit
1069 3175 1221 3246 evangelii,
1238 3192 1291 3230 suo
1318 3176 1440 3232 solemni
1464 3193 1544 3232 more
1559 3176 1755 3232 sacrificatura
1770 3177 1914 3232 accederet

165 3264 354 3324 subscribere,
369 3261 400 3315 in
413 3276 471 3331 quo
486 3259 577 3313 animi
591 3258 669 3313 illius
687 3260 880 3315 constantiam
895 3266 923 3315 et
934 3260 1013 3332 rigo·
1069 3260 1105 3315 ad
1127 3261 1227 3328 altare,
1256 3263 1364 3318 dextre
1387 3278 1490 3318 manus
1515 3279 1575 3318 sure
1599 3262 1798 3319 chirothecam
1826 3264 1915 3320 detra·

165 3352 204 3407 ris
217 3353 398 3407 severitatem
413 3347 520 3402 discere
534 3347 650 3417 poteris.
673 3347 778 3402 Habuit
794 3363 891 3402 secum
907 3349 1014 3403 sororis
1068 3349 1150 3419 heus,
1167 3365 1233 3405 cum
1244 3352 1340 3406 nullus
1353 3353 1404 3423 qui
1421 3352 1562 3424 reciperet
1576 3351 1697 3420 adesset,
1712 3368 1731 3407 a
1744 3368 1777 3406 se
1805 3353 1915 3424 rejecit3

165 3456 225 3495 suoe
241 3440 341 3502 tiliam,
357 3440 464 3493 tuttam
479 3437 536 3505 (73)
548 3435 673 3491 nomine.
689 3436 767 3489 lianc
781 3453 798 3490 a
812 3436 914 3506 primis
931 3437 1015 3492 aunis
1068 3454 1156 3509 quam
1171 3439 1268 3494 radius
1283 3439 1351 3494 solis
1369 3455 1422 3510 per
1433 3439 1566 3495 fenestrae
1580 3439 1700 3495 rimulas
1728 3439 1844 3495 intrans
1860 3455 1915 3494 sus·

167 3529 328 3594 educatam,
342 3524 421 3580 omni
436 3524 597 3595 disciplina,
615 3525 797 3579 saecularium
811 3525 1014 3596 quoquolitte·
1069 3527 1155 3597 cepit,
1176 3531 1204 3582 et
1230 3527 1332 3582 tandiu
1360 3528 1443 3599 quasi
1470 3528 1636 3583 famulando
1663 3527 1812 3594 sustinuit,
1830 3528 1914 3584 donec

166 3632 265 3672 rarum
291 3614 410 3670 scientia
436 3614 621 3668 instruxerat.
646 3614 710 3668 Haec
738 3617 920 3668 materteram
955 3629 1015 3669 non
1069 3616 1129 3683 illa,
1148 3619 1213 3685 post
1235 3615 1406 3670 sacrificium
1431 3616 1555 3683 rediens,
1583 3631 1647 3670 eam
1675 3615 1830 3687 reciperet.
1854 3615 1914 3670 Tale

165 3706 262 3761 minus
277 3703 425 3774 religionis
453 3718 540 3775 quam
565 3701 726 3756 dilectionis
751 3718 847 3757 amore
871 3707 966 3757 secuta
988 3707 1017 3758 et
1069 3704 1156 3759 etiam
1172 3702 1242 3774 quid
1254 3705 1285 3759 in
1297 3703 1374 3759 beati
1389 3703 1444 3758 viri
1456 3704 1555 3760 Goaris
1569 3709 1646 3758 veste
1673 3703 1835 3776 aliquando
1849 3702 1913 3759 ‹lisi-

166 3796 331 3848 consecrata
345 3791 409 3846 luit.
429 3792 520 3856 Quam
544 3791 574 3845 in
585 3790 719 3846 omuibus
735 3792 820 3862 plene
834 3790 1014 3861 instructam,
1070 3806 1108 3844 na
1121 3791 1226 3846 virtute
1236 3796 1383 3845 ostensum
1399 3790 1486 3845 luisse
1513 3790 1618 3862 legitur
1641 3790 1718 3861 (75l's
1741 3790 1797 3862 qui
1819 3791 1914 3846 duma

166 3881 216 3936 uhi
230 3883 292 3953 ejus
313 3880 343 3935 in
370 3879 545 3935 orationibus
571 3880 758 3951 vigilantiam,
774 3880 805 3934 in
816 3879 935 3951 jejuniis
950 3895 1015 3951 per·
1070 3878 1135 3933 sede
1150 3878 1259 3933 Rustici
1273 3878 1448 3933 Trevirensis
1460 3878 1605 3948 pontilicis
1618 3877 1789 3949 despicitur,
1807 3895 1826 3933 a
1846 3893 1913 3933 sum·

166 3969 365 4035 severantiam,
381 3973 411 4023 et
425 3968 459 4023 ad
474 3968 572 4022 omnia
588 3968 755 4037 patientiam
776 3968 932 4038 perspexit,
956 3985 1017 4024 om·
1071 3983 1119 4021 ma
1134 3967 1281 4037 majestate
1297 3983 1349 4037 per
1362 3966 1488 4039 lmajoris
1510 3966 1660 4021 luminaris
1685 3967 1851 4022 honoratur
1874 3966 1912 4021 la·

166 4057 248 4111 nium
263 4072 379 4112 assensu
392 4060 420 4110 et
434 4062 548 4126 rogatu,
578 4054 702 4124 primam
731 4055 763 4108 in
792 4055 855 4125 ipso
883 4047 1014 4112 coenobio
1071 4056 1223 4111 mutatum.
1236 4055 1370 4111 Omnium
1382 4056 1480 4127 itaque
1495 4071 1585 4126 capax
1598 4061 1660 4110 erat
1672 4055 1856 4124 meritorum,
1868 4054 1913 4128 qui

167 4160 230 4199 eam
245 4143 416 4198 abbatissam
433 4143 570 4214 praeierit.
599 4142 670 4197 Turn
693 4142 773 4213 virgo
807 4148 897 4198 mater
925 4143 1015 4199 liliam
1034 4144 1194 4235 „judicem
1208 4148 1375 4198 cunctarum
1391 4143 1497 4198 meruit
1510 4142 1616 4198 habere
1630 4142 1787 4198 virtutum.

167 4231 335 4301 suscipiens,
363 4232 445 4301 Juxta
471 4230 728 4285 commonitionem
753 4236 880 4286 sanctam
905 4231 1014 4288 dudum
1108 4231 1271 4287 llllorbus
1285 4232 1344 4301 eires
1358 4237 1503 4287 calcemus.
1519 4234 1632 4302 Respuit
1645 4232 1751 4300 requies
1763 4232 1913 4303 eeseqrdes.

166 4318 306 4383 habitam,
322 4317 546 4388 precedentium
568 4316 610 4370 illi
639 4318 756 4372 Petrum
788 4324 920 4390 repetens
944 4319 1014 4374 allo·
1070 4321 1145 4376 Obit.
1172 4348 1209 4362 -
1235 4319 1403 4385 Quindecim
1424 4319 1455 4373 in
1475 4325 1572 4374 sancto
1594 4321 1743 4390 proposito
1763 4318 1917 4390 supervixit

168 4405 246 4476 quia,
262 4405 516 4460 mouetobsalutis
531 4404 664 4460 allectum
678 4404 761 4459 utilia
779 4423 812 4461 ec
829 4407 887 4461 [teo
912 4407 1016 4477 placita
1069 4412 1240 4475 annos,tam
1254 4406 1425 4463 humilitatis
1444 4407 1536 4479 gratia
1558 4422 1645 4479 quam
1668 4406 1822 4478 religionis
1843 4422 1917 4463 rere·

167 4510 243 4565 sepe
258 4493 361 4555 dicere,
384 4494 549 4566 frequenter
569 4493 679 4559 audire,
693 4493 791 4548 solitas
806 4494 1015 4565 religionisiti·
1070 4495 1162 4551 rentia
1176 4496 1311 4551 omnibus
1335 4495 1513 4551 admiranda.
1538 4495 1664 4551 Tandem
1688 4510 1742 4565 pro
1767 4495 1862 4551 nimia
1886 4494 1917 4549 ci·

168 4584 245 4638 neris
260 4582 320 4637 vias
342 4599 399 4638 non
426 4584 567 4648 deserere,
593 4581 685 4652 magis
708 4583 857 4653 magisque
883 4598 1013 4638 errorum
1070 4583 1172 4639 borum
1196 4582 1378 4652 abstinentia,
1402 4583 1539 4638 orationis
1555 4586 1584 4637 et
1610 4583 1777 4654 vigiliarum
1801 4581 1919 4638 incredi-

168 4671 251 4726 devia
266 4676 295 4726 et
314 4670 455 4727 diabolica
468 4671 576 4726 calcare
591 4669 747 4742 tigmenta;
776 4671 887 4726 nullam
910 4672 968 4726 luci
983 4688 1015 4727 ac
1069 4670 1119 4724 bili
1151 4671 1371 4743 perseverantia.
1397 4670 1484 4742 coepit
1517 4686 1636 4743 corpore
1667 4671 1868 4742 languescere,
1896 4674 1918 4725 et

168 4759 302 4825 tenebris,
318 4759 431 4814 veritati
445 4764 532 4831 atque
555 4759 715 4825 mendacio,
740 4758 914 4832 turpitudini
928 4765 1014 4831 atque
1068 4759 1282 4831 ingravescente
1311 4759 1410 4814 morbo
1434 4759 1576 4832 paulatim
1607 4758 1738 4814 delicere.
1772 4759 1830 4815 Sed
1854 4760 1918 4815 dum

166 4848 311 4904 honestati
325 4847 401 4918 apud
421 4848 472 4903 [tei
483 4863 578 4902 servos
593 4848 675 4902 docet
688 4862 750 4903 esse
762 4847 1012 4914 communionem
1068 4846 1199 4902 membra
1221 4847 1319 4902 dolore
1338 4846 1574 4902 contraherentur
1597 4847 1735 4915 exterius,
1758 4847 1864 4918 spiritu
1879 4852 1918 4902 ta·

167 4935 456 4993 sollicitecarendum
472 4953 508 4991 ne
523 4952 596 4991 rana
618 4935 754 4991 sectando
782 4936 926 4991 desineret
952 4952 1014 4991 esse
1068 4950 1146 5002 men,
1160 4950 1227 4990 uam
1240 4935 1304 4991 laus
1319 4936 1369 4991 Dei
1387 4951 1502 5006 semper
1529 4935 1559 4989 iu
1585 4951 1635 4990 ore
1651 4935 1713 5006 eJus
1726 4935 1792 5003 luit,
1808 4935 1920 4992 conlor·

167 5028 308 5099 templum
323 5025 385 5088 liei,
408 5031 436 5079 et
450 5023 589 5079 habitatio
615 5023 780 5079 demonum
796 5023 888 5092 fieret,
909 5028 938 5079 et
957 5024 1014 5079 dae·
1068 5024 1227 5080 scitabatur
1245 5024 1378 5080 interius.
1394 5024 1519 5080 vocabat
1533 5030 1644 5079 sanctos
1654 5025 1784 5096 angelos,
1795 5039 1920 5098 quorum

202 5132 259 5201 (7³)
276 5131 394 5186 variant
409 5130 519 5185 codices
541 5130 572 5183 in
597 5129 683 5200 hujus
707 5130 824 5184 nomine
851 5129 1011 5186 scribendo.
1103 5130 1162 5199 (tlt
1178 5129 1210 5184 ld
1225 5134 1269 5185 est
1281 5130 1457 5201 processioni
1467 5146 1533 5203 qua
1548 5130 1635 5185 etiam
1653 5146 1731 5184 nnnc
1744 5136 1814 5185 ante
1829 5131 1921 5202 majus

168 5201 242 5256 Editi
258 5206 367 5257 veteres
392 5201 501 5256 habent
518 5201 643 5267 Villium
665 5216 732 5253 mss.
747 5203 774 5265 i,
800 5202 900 5256 thtam
917 5216 925 5270 ;
946 5201 1013 5255 liol-
1068 5201 1227 5255 sacrumin
1240 5201 1378 5257 coenobiis
1391 5201 1494 5257 diebus
1507 5200 1666 5257 Dominicis
1689 5200 1753 5256 lieri
1765 5202 1852 5272 solet,
1863 5216 1920 5257 nen

168 5286 303 5341 mannus,
329 5273 482 5328 iuditium.
509 5271 646 5338 ludham,
663 5269 848 5340 cunegundis
870 5286 1011 5333 sororem,
1067 5269 1213 5326 interluit.

168 5341 271 5404 Wolio,
288 5347 420 5413 nuptam,
433 5347 463 5398 et
475 5342 569 5398 tutem
592 5357 644 5396 seu
658 5341 764 5395 ltutam
778 5341 869 5412 ipsius
894 5346 1010 5412 neptem
1102 5343 1153 5409 (751
1184 5341 1263 5399 Beati
1277 5342 1376 5397 Goaris
1394 5341 1497 5405 Vitam.
1515 5342 1566 5398 ubi
1596 5342 1652 5398 boc
1666 5342 1842 5398 miraculum
1873 5342 1920 5398 de·

167 5411 282 5466 comitis
297 5411 511 5484 Limhurgensis
528 5427 648 5468 uxorem
674 5416 817 5466 memorat
839 5411 952 5467 lliraus
979 5411 1011 5466 in
1066 5412 1214 5479 scribitur,
1239 5412 1328 5468 babes
1353 5413 1462 5468 Saeculo
1491 5413 1516 5468 ll
1545 5413 1730 5468 Benedictine
1751 5413 1787 5469 ad
1812 5428 1920 5470 annum

169 5480 276 5538 Notitia
293 5482 476 5537 ecelesiarum
492 5484 592 5555 Belgii,
618 5498 684 5555 pag.
704 5482 763 5536 118.
1065 5481 1179 5539 circiter
1193 5484 1246 5539 619
1261 5482 1434 5555 (Putrotoqiae
1453 5485 1541 5553 Clllll,
1557 5484 1587 5539 iu
1605 5485 1841 5556 lVauususasro).
