3878 6112
67 287 126 343 809
529 264 769 342 DECIIE'IOIIUII
789 286 883 344 LIBRI
901 287 956 344 xx.
975 316 1010 327 -
1031 287 1137 344 LIBER
1155 287 1368 345 UNIIIICIIIUS.
1769 298 1826 352 870

67 410 136 467 Car.
154 410 184 467 L.
204 440 237 450 -
255 411 293 466 De
313 411 445 479 episcopo,
473 410 523 478 qui
550 413 612 464 unte
634 410 759 464 damnati
782 409 962 464 absolutio-A
982 411 1095 480 egerint
1118 409 1329 482 poenitentiam,
1348 424 1470 481 regnum
1487 412 1535 466 Del
1550 428 1607 468 non
1629 417 1824 485 possidebunt.

408 513 468 552 nem
482 499 588 552 obierit.
859 555 866 568 ⁸
977 499 1031 564 Qui
1060 516 1128 553 vero
1156 499 1190 553 de
1221 500 1305 553 rebus
1336 500 1519 554 ecclesiarum
1542 502 1650 573 aliquid
1667 505 1825 574 abstulerit,

105 586 161 657 (lic
173 589 285 641 concilio
312 585 481 657 Epaonensi,
513 588 601 655 cupite
631 585 685 656 lli.)
711 585 741 641 Si
771 585 921 656 episcopus
976 588 1089 658 gravius
1103 588 1270 658 judicetur:
1291 589 1358 659 quin
1374 590 1505 660 quamvis
1517 590 1587 644 ultio
1601 591 1696 646 furum
1718 598 1747 647 et
1761 611 1826 665 rap·

66 680 137 730 ante
159 674 287 734 damnmi
316 674 539 740 absolutionem,
566 674 646 728 obitu
674 674 824 745 rapiatur:
856 690 920 728 cur·
975 678 1071 730 torum
1099 677 1134 731 ad
1164 677 1283 730 comites
1309 677 1450 748 respiciat,
1482 678 1653 748 poenitentia
1672 682 1767 734 tamen
1792 679 1828 734 ad

66 768 195 835 replum,
214 768 266 819 aut
280 763 467 834 poenitentem
484 778 672 817 successorem
701 762 799 817 licebit
827 763 921 817 absol·
975 764 1123 836 episcopos
1137 766 1272 836 pertinet.

64 866 147 906 vare.
1187 853 1253 908 Car.
1266 853 1358 908 LVIII.
1375 884 1408 894 -
1418 855 1455 908 fic
1469 842 1607 910 eudemrc.

66 941 132 996 Cer.
161 937 204 994 LI.
232 969 267 980 -
291 943 329 995 lle
350 941 408 995 illis
434 942 483 1008 qui
502 942 733 1001 &excommunicati
755 943 918 995 moriuntur.
1011 941 1064 1010 (Ec
1076 942 1259 1011 penitenciali
1275 941 1467 1012 Theodectisi
1482 943 1547 1012 quis
1568 944 1680 997 furtum
1704 944 1826 1015 capitale

103 1029 163 1097 (En
176 1026 382 1096 mden,ccpns
409 1026 507 1094 lt.)Si
528 1027 630 1097 alluuie
660 1028 920 1082 excommunicatus
974 1029 1158 1096 commiserit,
1175 1029 1203 1084 id
1224 1035 1277 1095 est,
1307 1029 1506 1101 quadrupedia
1532 1030 1641 1097 tulerit,
1667 1030 1711 1085 vel
1748 1047 1826 1087 casas

65 1113 158 1170 fuerit
180 1119 319 1183 mortuus,
350 1114 399 1185 qui
419 1116 481 1185 jem
508 1115 713 1181 sitconfessus,
740 1121 770 1170 et
789 1115 919 1170 testimo·
974 1117 1127 1188 effregerit,
1143 1124 1250 1189 septem
1266 1135 1356 1173 annos
1371 1120 1577 1190 poeuiteat:et
1596 1119 1674 1190 quod
1698 1119 1825 1175 furatum
1905 1133 1908 1136 ·

66 1202 151 1257 nium
168 1200 254 1257 hebet
265 1202 386 1270 bonum,
403 1207 431 1256 et
445 1219 503 1257 nou
525 1208 639 1272 poterat
653 1203 750 1257 venire
770 1203 804 1258 ad
824 1219 917 1258 sacer·
974 1211 1026 1273 est,
1042 1207 1151 1262 reddat.
1169 1206 1199 1262 Si
1214 1207 1278 1279 quis
1289 1222 1356 1261 vero
1371 1208 1406 1261 de
1421 1207 1581 1261 miuoribus
1606 1209 1694 1262 semel
1714 1212 1763 1262 aut
1782 1209 1825 1263 bis

66 1289 177 1358 dotem,
192 1291 243 1346 sed
265 1292 477 1362 praeoccupavit
490 1306 556 1345 eum
572 1307 649 1345 mors
666 1292 695 1345 in
710 1291 806 1359 dumo,
825 1297 875 1347 aut
888 1293 918 1347 in
973 1294 1205 1363 furtumlecerIt,
1229 1295 1420 1366 reddatquod
1446 1296 1522 1362 tulit,
1543 1301 1572 1350 et
1595 1311 1703 1350 annum
1734 1312 1825 1352 unum

64 1379 122 1447 sis,
152 1378 258 1434 faciant
292 1394 345 1450 pro
375 1394 410 1433 eo
436 1382 576 1450 parentes'
596 1381 658 1451 ejus
681 1380 856 1435 oblationem
884 1381 918 1436 ed
972 1383 1121 1453 poeniteat,
1141 1382 1185 1437 vel
1200 1383 1223 1437 si
1236 1384 1300 1454 quis
1321 1383 1503 1454 sepulchrum
1524 1383 1682 1451 violaverit,
1707 1384 1752 1438 Vll
1773 1401 1824 1439 an·

64 1468 167 1535 altare,
182 1472 212 1522 et
229 1468 300 1523 dent
310 1468 540 1538 redemptionem
556 1484 608 1538 pro
620 1468 748 1538 captivis.
973 1486 1025 1525 nos
1041 1470 1188 1542 poeniteat,
1208 1476 1265 1526 tres
1279 1486 1311 1525 er
1324 1470 1369 1524 his
1382 1471 1412 1524 iu
1427 1487 1501 1540 pane
1516 1474 1544 1524 et
1558 1487 1642 1542 aqua.

291 1556 356 1611 Cae.
374 1556 431 1611 LII.
446 1585 480 1597 -
495 1559 531 1611 lte
545 1557 638 1610 eadem
652 1572 690 1611 re.
1191 1559 1254 1613 Cer.
1271 1559 1338 1615 Llll.
1357 1588 1392 1598 -
1408 1559 1449 1614 Dc
1460 1558 1552 1613 eodem
1563 1575 1601 1612 ve.

100 1644 160 1716 (us
172 1646 251 1714 epist.
275 1647 371 1700 Leonis
385 1660 473 1713 pupae,
498 1647 588 1714 cupite
614 1645 802 1714 tl.)[llorum
833 1662 954 1738 cuusaB
1008 1645 1188 1714 (Ec'concilio
1205 1647 1338 1715 Tribuni,
1365 1650 1453 1717 cupite
1469 1648 1605 1715 5)Fures
1634 1651 1663 1701 et
1686 1646 1822 1712 latrones,
1916 1650 1921 1657 '

64 1732 237 1804 lleijudicio
265 1734 433 1787 reservanda
449 1738 500 1800 est,
526 1733 555 1786 in
578 1733 659 1802 cujus
686 1749 772 1788 manu
797 1734 860 1802 fuit,
889 1740 919 1790 ut
974 1734 997 1788 si
1012 1735 1041 1789 iu
1057 1735 1179 1790 furando
1194 1741 1222 1789 et
1236 1735 1392 1806 praedando
1413 1735 1588 1804 occidentur,
1604 1733 1696 1788 visum
1715 1739 1758 1789 est
1771 1750 1825 1805 pro

63 1820 168 1876 talium
196 1821 292 1876 obitus
318 1836 410 1891 usque
446 1821 482 1875 ad
511 1822 721 1876 communionis
758 1823 918 1878 remedium
973 1822 1015 1876 eis
1043 1839 1100 1878 non
1125 1824 1276 1880 orandum.
1305 1823 1335 1878 Si
1360 1821 1569 1895 comprehensi,
1598 1827 1649 1877 aut
1671 1822 1824 1889 vulnerati,

63 1924 123 1964 non
150 1907 324 1965 differretur.
346 1910 402 1964 Nos
426 1915 523 1964 autem
538 1911 643 1981 quibus
665 1912 828 1966 viventibus
860 1928 918 1967 non
972 1912 1149 1982 presbytero,
1165 1913 1209 1967 vel
1229 1912 1348 1967 diacono
1363 1912 1484 1967 confessi
1507 1912 1625 1976 fuerint,
1646 1911 1825 1966 communio·

63 1998 351 2065 communicavimus,
380 1999 501 2052 mortuis
528 1999 742 2054 communicare
766 1996 822 2054 non
850 2017 917 2072 pos·
972 2015 1039 2054 nem
1055 2000 1097 2054 eis
1112 2016 1171 2054 non
1187 2015 1336 2070 negamus.

63 2100 177 2140 sumus.
1205 2089 1271 2142 Car.
1290 2089 1383 2142 Lll.-
1399 2090 1437 2143 Dc
1447 2087 1538 2142 codem
1552 2103 1592 2141 re.

226 2175 291 2230 Cer.
308 2173 377 2229 Llll.
389 2204 424 2214 -
445 2177 482 2229 lic
497 2176 607 2241 furibus
621 2180 646 2229 et
660 2177 755 2242 furtis.
1008 2175 1063 2246 (En
1088 2178 1200 2232 concilio
1226 2177 1379 2242 Aurelian„
1403 2176 1544 2245 capital.)
1567 2175 1596 2229 Si
1619 2175 1666 2229 fur
1681 2179 1730 2229 eut
1751 2176 1823 2230 latro

98 2262 158 2334 (Rc
180 2263 264 2319 dictis
293 2263 423 2334 dupust.)
454 2264 530 2318 llixit
559 2264 698 2318 Dominus
723 2266 759 2319 ad
779 2265 915 2336 fdoysen:
971 2265 1115 2334 captusin
1142 2264 1251 2336 praeda,
1275 2264 1383 2334 absque
1406 2263 1554 2317 occasione
1580 2267 1673 2332 potest
1697 2279 1825 2333 compre·

63 2350 406 2423 Accipiatunusquisque
431 2367 448 2405 a
470 2352 611 2422 proximo,
636 2357 665 2406 ct
694 2357 826 2423 proxima
852 2371 918 2408 vasa
973 2353 1071 2420 bandi,
1087 2357 1228 2408 ettamen
1243 2352 1522 2423 interficitur-:quia
1541 2351 1576 2406 ad
1592 2351 1747 2422 imaginem
1773 2351 1824 2406 Ilei

63 2441 213 2511 argentea,
229 2444 258 2495 et
278 2456 375 2506 aurea,
391 2444 420 2494 et
440 2445 541 2507 vestes,
558 2445 611 2495 eto.
637 2441 699 2495 Non
715 2442 780 2496 binc
796 2442 917 2513 quisque
972 2443 1074 2510 creuit,
1099 2447 1128 2496 et
1148 2442 1179 2495 in
1196 2442 1314 2496 nomiue
1336 2443 1398 2511 ejus
1415 2440 1550 2510 baptizati
1565 2444 1643 2504 sunt,
1658 2439 1823 2493 interfecto-

61 2529 232 2599 exemplum
247 2528 419 2583 sumendum
434 2533 536 2599 putare
560 2528 693 2583 debetad
714 2530 916 2600 expoliandum
972 2545 1017 2583 res
1031 2546 1129 2584 eornm
1144 2532 1186 2585 IIL
1202 2530 1303 2584 diebus
1319 2545 1377 2583 non
1404 2530 1513 2583 intrent
1541 2528 1712 2582 Ecclesiam:
1741 2528 1824 2582 lanea

61 2616 241 2687 proximum,
261 2616 315 2670 hoc
336 2616 412 2670 enlm
437 2616 512 2670 Deus
523 2616 618 2687 jussit,
645 2617 695 2687 qui
717 2619 917 2690 noveratquid
971 2623 1048 2672 veste
1061 2617 1164 2685 induit,
1180 2618 1214 2671 ab
1242 2617 1313 2672 escis
1334 2616 1565 2688 etpolibus,qui
1581 2614 1726 2670 interdicti
1745 2619 1822 2678 sunt,

26 2719 210 2785 ⁸quemque
251 2704 314 2775 pati
345 2710 502 2775 oporteret.
542 2705 598 2759 Nec
621 2706 757 2760 Israelitae
776 2706 915 2774 fecerunt,
972 2706 1252 2776 athoro,agladio,
1277 2709 1305 2760 ot
1319 2707 1448 2776 squilatu
1470 2720 1500 2759 se
1517 2705 1690 2758 abstineant.
1716 2705 1749 2758 ln
1772 2704 1820 2758 lll.

59 2792 110 2847 sed
136 2792 196 2846 [iao
216 2791 332 2863 jubenti
345 2792 538 2848 ministerium
562 2793 759 2863 praebuerunt,
777 2796 916 2864 quemad·
973 2795 1002 2850 V.
1019 2794 1100 2861 feria,
1131 2800 1160 2848 et
1185 2794 1545 2864 sabbatu‚aliquugenere
1566 2792 1757 2862 leguminum,
1778 2793 1820 2846 vel

58 2881 185 2936 modum
211 2896 277 2935 cum
314 2881 447 2936 minister
481 2881 584 2937 occidit
619 2898 685 2936 eum
709 2898 796 2954 quem
827 2883 916 2955 judex
971 2878 1110 2947 holerum,
1128 2889 1157 2936 et
1171 2881 1276 2954 pomis,
1292 2882 1443 2953 parvisque
1462 2880 1607 2953 pisciculis
1630 2896 1695 2934 cum
1717 2879 1822 2934 medio

56 2969 148 3040 jussit
161 2968 262 3024 occidi.
931 2958 1011 3024 Ceri
1044 2970 1163 3025 cervisia
1194 2969 1319 3024 vicissim
1353 2974 1473 3024 utantur
1504 2973 1532 3023 et
1564 2972 1734 3038 temperate.
1772 2965 1822 3020 Sin

276 3056 342 3112 Car.
358 3057 423 3112 LIV.
442 3087 478 3098 -
494 3061 532 3114 lie
546 3058 639 3113 ecdem
657 3075 695 3114 re.
968 3064 1065 3114 auteur
1086 3077 1102 3114 a
1125 3058 1257 3114 veridicis
1280 3058 1485 3129 comprobatur
1507 3056 1640 3122 testibus,
1667 3055 1742 3127 quod
1760 3055 1822 3110 sine

95 3145 159 3217 (En
181 3145 263 3201 dictis
289 3146 433 3216 ejusdem.)
459 3147 572 3201 Poenale
598 3144 640 3201 est
663 3147 771 3202 occulte
791 3148 913 3216 auferre,
968 3147 1026 3201 odii
1040 3147 1226 3202 meditatione
1252 3163 1292 3213 se,
1306 3162 1414 3218 suaque
1440 3145 1589 3199 liberando
1606 3143 1713 3199 diaboli
1731 3159 1821 3197 mem·

58 3235 156 3290 multe
171 3233 287 3306 majoris
301 3251 395 3305 poeuce
417 3241 459 3290 est
477 3235 630 3290 visibiliter
649 3236 769 3308 eripere.
795 3237 914 3293 Auferre
968 3235 1020 3291 bra
1034 3234 1221 3301 interficiunt,
1237 3239 1265 3289 et
1285 3236 1348 3306 capi
1369 3251 1425 3289 non
1446 3237 1590 3306 poterant,
1620 3231 1821 3304 poenitentiam

58 3337 131 3392 crgo
155 3321 276 3389 nolenti,
300 3321 358 3377 sive
381 3323 502 3391 occulte,
528 3338 578 3376 sau
606 3325 711 3393 palam,
735 3324 915 3397 habetprae-
969 3341 1020 3396 pro
1036 3324 1191 3379 homicidio
1208 3324 1248 3378 eis
1263 3322 1453 3394 injungimus,
1470 3321 1525 3375 nisi
1540 3321 1595 3391 ipsi
1614 3321 1759 3375 voluerint
1773 3319 1823 3374 ali·

58 3417 286 3482 ceplnmsuum.
312 3410 390 3465 Furti
410 3412 488 3466 enim
509 3411 625 3466 nomine
655 3429 729 3483 pene
743 3413 916 3484 intelligitur
969 3413 1039 3484 quid
1063 3413 1139 3483 quod
1163 3411 1349 3465 humanitatis
1373 3417 1416 3466 est
1439 3410 1552 3464 facere:
1569 3414 1595 3463 ct
1621 3409 1645 3462 si
1672 3408 1822 3480 presbyter

59 3497 158 3554 omnis
172 3498 271 3553 illicita
285 3500 434 3571 usurpatio
444 3500 486 3555 rei
499 3500 610 3554 alienae.
636 3501 698 3555 Non
729 3501 807 3555 enim
837 3502 915 3572 rapi·
968 3502 1090 3563 est,uon
1105 3497 1399 3568 deponatur,cunctis
1424 3504 1521 3552 tamen
1539 3497 1607 3551 vites
1629 3512 1688 3551 suse
1721 3495 1822 3550 diebus

59 3602 129 3641 nem
146 3585 286 3657 permisit,
306 3587 357 3658 qui
374 3587 483 3642 furtum
510 3587 667 3658 probibuit,
694 3589 741 3643 sed
758 3588 811 3643 sub
847 3590 915 3644 furti
969 3587 1167 3659 poenitentiam
1184 3589 1260 3656 agat.

58 3675 182 3729 nomine
193 3674 324 3746 repluam
340 3674 464 3745 intelligi
480 3675 578 3730 voluit.
595 3678 618 3730 Α
634 3680 714 3747 parte
728 3676 805 3731 eninr
820 3682 914 3733 toturn
1189 3674 1252 3731 Car.
1271 3675 1334 3729 LXI.
1351 3703 1385 3713 -
1400 3676 1436 3727 lte
1450 3672 1543 3727 ecdem
1560 3687 1598 3726 re.

58 3762 233 3835 significavit
247 3763 388 3834 quidquid
403 3763 541 3819 aufertur.
1005 3764 1043 3833 (ln
1059 3763 1153 3819 Ecodu
1172 3763 1297 3829 dicitur.)
1321 3762 1350 3816 si
1365 3760 1526 3832 infringens
1541 3759 1588 3814 fur
1612 3758 1742 3825 domum,
1763 3757 1820 3811 sive

298 3851 362 3905 Cen.
375 3851 427 3906 LV.
442 3880 476 3892 -
487 3854 525 3907 Ile
537 3851 629 3907 eodem
643 3867 683 3907 ue.
969 3851 1107 3906 effodiens
1135 3851 1221 3906 fuerit
1235 3850 1384 3919 {inventus
1410 3854 1439 3903 et
1458 3852 1574 3920 accepto
1596 3848 1715 3902 vulnere
1742 3861 1820 3900 mor·-

95 3938 242 4008 (Endictis
254 3938 395 4008 Hierony.)
410 3940 467 3994 Fur
482 3945 577 3995 numm
605 3957 662 3996 non
686 3940 780 3996 solum
805 3940 835 3996 in
851 3957 916 3996 ma·
969 3940 1147 4009 tuusfuerit,
1166 3954 1317 4010 percussor
1334 3937 1463 3992 nouerit
1482 3935 1719 4006 reussunguinis.
1740 3935 1820 3999 Quod

57 4024 181 4096 joribus,
202 4027 297 4082 sedin
312 4028 470 4083 minoribus
484 4029 570 4084 etiam
583 4030 739 4100 judicatur.
756 4031 819 4085 Non
836 4032 914 4086 enim
969 4029 993 4083 si
1008 4033 1070 4082 orto
1087 4027 1147 4081 sole
1161 4026 1271 4090 fecerit,
1288 4025 1476 4079 homicidium
1497 4024 1684 4096 perpetravit,
1708 4026 1736 4076 et
1758 4023 1819 4092 ipse

59 4115 138 4185 quod
152 4114 229 4170 furto
244 4116 372 4171 ablutum
398 4122 449 4185 est,
465 4117 516 4172 sed
538 4134 619 4172 mens
643 4118 764 4173 furantis
791 4119 914 4174 attendi·
970 4117 1117 4172 morietur.
1135 4115 1165 4171 si
1184 4132 1242 4170 non
1266 4113 1400 4169 habuerit
1427 4113 1503 4186 quod
1528 4127 1580 4184 pro
1603 4112 1680 4167 furto
1707 4110 1818 4178 reddat,

59 4207 108 4257 tur
125 4218 133 4258 :
149 4203 294 4276 quomodo
312 4204 343 4258 in
368 4204 568 4272 fornicatione,
586 4221 644 4260 non
672 4207 777 4261 idcirco
803 4207 950 4301 diversan
968 4203 1189 4259 venundabitur.
1210 4203 1240 4258 Si
1262 4203 1410 4258 Inventum
1438 4201 1526 4256 fuerit
1549 4201 1624 4273 apud
1649 4215 1715 4254 eum
1742 4198 1818 4270 quod

59 4288 92 4345 fit
124 4289 287 4358 fornicatio,
304 4291 327 4346 si
344 4293 449 4347 mulier
473 4294 593 4364 pulchra
621 4298 670 4349 aut
696 4294 842 4363 deformis,
862 4313 912 4350 an·
967 4293 1078 4348 furatus
1094 4296 1146 4360 est,
1162 4291 1269 4358 vivens,
1286 4290 1344 4345 sive
1366 4289 1429 4357 hos,
1445 4289 1504 4344 sive
1530 4288 1637 4356 asinus,
1667 4287 1725 4343 siva
1747 4286 1818 4354 ovis,

60 4379 127 4434 cilla
140 4389 191 4435 aut
203 4380 340 4453 ingenua,
364 4397 476 4453 pauper
495 4388 544 4437 aut
558 4384 716 4454 opulenta:
733 4384 783 4439 sed
802 4385 912 4455 qualis·
967 4381 1087 4452 duplum
1099 4381 1232 4435 restituet

59 4482 176 4538 cunque
190 4469 348 4536 illafuerit,
374 4486 432 4524 una
451 4475 493 4525 est
516 4471 677 4526 fornicatio.
703 4472 745 4526 lta
770 4473 800 4527 iu
823 4473 910 4541 furto,
1003 4471 1066 4526 Car.
1083 4470 1158 4528 Lllll.
1174 4499 1209 4509 -
1221 4471 1342 4524 Deseruo
1360 4467 1672 4538 qnimqmitdominum
1692 4481 1781 4521 suum.

60 4561 318 4629 quantumcunque
329 4559 393 4630 quis
406 4560 565 4626 abstulerit,
576 4560 765 4615 l'uvticrimen
779 4560 909 4616 incurrit.
1003 4561 1057 4626 (Ec
1084 4559 1164 4627 epist.
1191 4556 1329 4626 Hierony.)
1360 4558 1396 4611 Er
1421 4556 1541 4626 epistola
1573 4553 1749 4625 Hieronymi,
1782 4554 1817 4608 ad

281 4647 346 4702 cn.
363 4648 427 4702 LVI.
445 4676 480 4688 -
494 4648 535 4702 De
548 4649 640 4703 eudem
653 4664 692 4703 re.
967 4646 1116 4701 Pacasivrm
1135 4646 1370 4700 Alexandrinum.
1387 4645 1426 4699 Ile
1450 4659 1531 4698 servo
1555 4643 1605 4715 qui
1627 4642 1735 4712 fugerit
1764 4641 1817 4696 do·

94 4731 158 4799 (Ec
171 4735 355 4800 poenv'tentioli
373 4735 524 4803 Theodosi.)
548 4735 577 4789 Si
603 4736 667 4806 quis
689 4752 741 4806 per
761 4737 910 4792 necessita·
966 4735 1077 4790 minum
1094 4750 1179 4790 suum
1196 4731 1400 4802 interrogabas,
1418 4730 1442 4785 si
1462 4731 1511 4786 ille
1525 4731 1555 4785 in
1577 4731 1626 4785 illa
1653 4730 1723 4801 fuga
1738 4744 1816 4782 mor·

61 4821 118 4874 tem
142 4819 255 4875 furatus
284 4822 371 4882 fuerit
398 4823 515 4889 cibaria,
542 4823 585 4877 vel
613 4829 730 4891 vestem,
757 4825 801 4879 vel
824 4842 912 4897 pecus
966 4820 1140 4886 tuusfuerit,
1167 4823 1263 4874 utrum
1283 4817 1350 4872 licet
1372 4833 1426 4888 pro
1446 4833 1480 4873 eo
1504 4833 1596 4884 orare,
1613 4832 1649 4870 an
1673 4830 1741 4869 non.
1758 4817 1816 4869 lloc

62 4907 376 4978 propterfumem,aut
399 4926 451 4981 per
463 4911 634 4977 nuditatem,
650 4913 788 4982 poeniteat
802 4913 912 4969 hebdo·
965 4911 995 4966 in
1022 4910 1124 4965 dlvinis
1153 4907 1233 4963 libris
1261 4923 1317 4961 non
1347 4906 1510 4961 invenImus
1547 4903 1750 4978 prothitum,·
1766 4903 1815 4958 sed

61 4995 160 5051 mades
170 4999 248 5051 tres:
264 4997 288 5052 si
304 4998 470 5066 reddiderit,
482 5015 539 5053 non
556 5004 676 5070 cogatur
688 5001 831 5072 jejunare.
966 5004 1063 5054 umen
1078 4998 1184 5052 scimus
1206 4996 1243 5050 ab
1272 4995 1408 5066 apostolis
1432 4995 1555 5050 firmiter
1579 4995 1769 5064 preceptum,
1784 4996 1816 5046 ut

280 5087 535 5143 Cse.LVll.—Dc
553 5089 697 5145 eadcnre.
966 5087 1039 5141 servi
1068 5084 1174 5140 subditi
1202 5083 1259 5138 sint
1286 5084 1316 5138 in
1340 5083 1421 5138 omni
1446 5083 1551 5137 timore
1579 5080 1726 5136 dominis:
1755 5094 1815 5134 non

94 5171 153 5241 (En
164 5171 281 5229 cmcilio'
293 5177 416 5239 Aurelio,
429 5179 517 5246 cupite
529 5175 564 5246 8.)
579 5177 647 5230 Num
660 5177 683 5230 si
693 5175 910 5248 quispublicam
965 5179 1078 5230 tantum
1093 5173 1176 5229 bonis
1197 5177 1226 5227 et
1249 5172 1395 5237 modestis,
1410 5171 1458 5227 sed
1473 5170 1560 5224 etium
1586 5168 1718 5224 discedis.
1736 5168 1769 5222 nt
1783 5168 1815 5222 in

60 5260 191 5331 rapinam
220 5277 268 5317 seu
296 5262 405 5317 furtum
436 5264 545 5331 fecerit,
576 5265 720 5335 publicam
754 5264 821 5319 inde
847 5270 912 5335 agat
965 5261 1124 5333 Gangrensi
1143 5261 1265 5316 concilio
1281 5261 1321 5314 ita
1336 5259 1551 5330 scriptumest:
1569 5256 1679 5328 Siquis
1699 5270 1814 5311 servum

59 5347 270 5416 poenitantiam,
286 5350 368 5420 juxta
382 5357 547 5408 sanctorum
572 5368 716 5407 canonum
736 5352 908 5409 sanctiones.
965 5353 1018 5407 sub
1039 5356 1179 5422 praetextu
1202 5349 1292 5405 divini
1321 5349 1414 5403 cultus
1437 5346 1538 5401 doceat
1565 5346 1715 5401 dominum
1743 5361 1814 5416 pro-

59 5433 86 5488 Si
106 5451 175 5491 vero
189 5439 309 5505 occulte,
324 5440 505 5496 secerdotum
525 5441 647 5496 concilio
662 5441 800 5512 poeniteat
816 5456 911 5512 :quo-
964 5441 1062 5511 prium
1095 5444 1290 5506 contemnere,
1307 5434 1480 5492 utdiscedat
1508 5434 1544 5490 ab
1571 5434 1634 5506 ejus
1660 5433 1812 5505 obsequio,

58 5523 138 5579 niam
152 5530 294 5598 raptores,
323 5532 356 5583 ut
381 5529 535 5601 Apostolus
560 5529 610 5599 ait,
640 5529 697 5585 nisi
717 5528 786 5585 inde
813 5544 910 5585 veram
964 5527 1117 5583 snellrema
1132 5528 1177 5581 sit.
1194 5525 1273 5582 Unda
1286 5525 1372 5580 detur
1394 5521 1519 5594 intelligi
1536 5521 1655 5594 quodsi
1679 5522 1729 5578 ille
1744 5535 1815 5577 ans·
