3878 6112
434 296 668 354 occursantis
689 298 782 354 LIBRI
799 298 852 355 XX.
874 327 908 338 -
928 296 1032 353 LIBEII
1052 294 1215 353 unctius.
1648 300 1701 355 830

70 417 236 473 audulterio
261 421 406 486 accusant,
426 422 455 472 et
474 434 534 473 non
557 420 664 475 habent
681 419 836 477 latentiori
916 422 985 476 Gar.
1008 420 1100 475 cxxx.
1115 448 1150 460 -
1168 419 1313 488 Sepurmm
1327 420 1436 473 isaccus
1449 420 1637 488 copulationis.

76 506 240 563 viudictam.
262 507 320 561 Viri
334 511 432 562 entem
453 507 570 562 liberios
587 524 690 563 uxores
715 510 797 565 adul·
889 510 931 565 Ab
954 509 1009 563 isto
1033 507 1079 562 die
1104 507 1135 562 in
1155 513 1239 562 antea
1271 523 1337 561 cum
1358 506 1412 562 iste
1432 507 1701 579 seminecemque

70 595 114 651 ua
129 595 290 651 sacerdotes
308 595 420 650 deterre
442 602 663 664 consueverunt,
680 602 709 651 et
733 596 797 652 ideo
854 596 1028 652 adulterium
1045 599 1088 651 rel
1103 596 1323 651 fornicationem
1347 596 1448 664 fecisti,
1474 596 1549 651 srrrde
1575 596 1702 666 discipli·

70 685 119 740 bus
135 684 248 755 prodito
263 701 362 739 earum
378 685 499 739 eulmine
519 686 686 740 comnrunIo
709 686 799 740 dene·
855 702 920 740 nam
938 687 979 740 sel
995 684 1193 756 poenitendam
1209 683 1369 754 suscepisti,
1385 684 1510 756 amplius
1537 700 1595 739 non
1617 685 1701 740 adul-

70 772 187 829 vitorum
199 778 305 837 autem,
323 775 428 828 latente
444 773 608 841 commisso,
635 789 694 827 uon
716 773 798 828 facile
853 772 969 837 serabis,
993 788 1046 828 nec
1069 772 1255 827 fornicaberis
1278 787 1345 826 cuna
1375 788 1419 839 ea,
1444 788 1496 826 nec
1519 773 1605 827 aliam
1634 788 1701 827 uxo-

70 877 102 915 .m
128 878 162 915 ex
189 861 401 932 suspicionibus
426 862 594 929 abstinetur,
623 861 673 933 qni
700 861 798 933 atique
854 878 915 916 rem
937 862 1069 933 accipies,
1090 861 1144 915 nisi
1172 866 1235 931 post
1259 865 1404 931 peractam
1429 861 1627 932 poenilentiam
1648 862 1700 916 tibi

70 948 165 1005 abitur
179 949 203 1004 si
218 950 280 1021 ejus
300 949 442 1020 llagitium
458 949 616 1020 detegatur.
638 950 709 1005 Cum
729 966 798 1020 ergo
854 950 969 1005 licentia
983 950 1050 1006 dala
1066 950 1152 1004 luerit
1167 951 1201 1004 ab
1217 949 1360 1021 episcopo,
1377 956 1429 1005 aut
1440 950 1476 1005 ab
1501 950 1564 1021 ejus
1588 950 1675 1005 naisso
1691 966 1698 1005 ε

70 1054 100 1092 sa
114 1039 150 1092 sit
162 1037 308 1093 interdurn
324 1038 492 1109 probatione
508 1043 645 1105 cessante,
665 1036 798 1094 vindictas
852 1041 891 1094 sic
907 1045 934 1094 te
949 1041 1024 1095 Dens
1045 1039 1169 1107 adjuvet.

70 1126 231 1199 inquiescit.
941 1129 1006 1184 Car.
1024 1128 1132 1184 lxxxi.
1149 1159 1183 1167 —
1194 1129 1383 1183 llecorrciliotio
1395 1128 1610 1196 corsjotpotorum.

70 1250 167 1307 mn.
182 1282 217 1292 -
235 1251 312 1316 Quod
332 1266 384 1306 mm
398 1253 539 1306 convenia,
554 1252 723 1308 Christianos
738 1268 798 1308 cum
888 1219 931 1274 nb
945 1219 1001 1274 isto
1013 1218 1060 1272 die
1075 1220 1105 1272 in
1121 1223 1206 1271 autea
1220 1217 1303 1272 istam
1319 1223 1399 1271 tuam
1413 1217 1566 1287 conjugem
1583 1214 1701 1271 nomine

100 1323 233 1377 amum
252 1323 466 1392 nuptiappajura
479 1323 644 1378 contrahere,
855 1309 887 1362 N.
908 1323 995 1379 qnam
1011 1307 1117 1378 injuste
1136 1306 1285 1361 dimiseras
1298 1306 1337 1359 ita
1354 1306 1472 1371 tenebis,
1488 1306 1562 1360 sicut
1575 1318 1627 1375 per
1640 1319 1698 1358 rec·

70 1447 167 1501 mmo
183 1446 341 1501 laodicensi
367 1445 526 1515 capitem
541 1446 694 1511 Quodam
712 1463 797 1517 opor.
853 1400 916 1495 trans
931 1396 1050 1450 maritus
1071 1411 1152 1494 sunm
1182 1395 1273 1493 debet
1290 1394 1395 1448 babere
1416 1395 1578 1464 conjugem,
1607 1393 1636 1446 in
1661 1391 1704 1447 di·

193 1484 201 1501 ⁴
344 1487 350 1512 '
854 1486 975 1539 lectione
991 1489 1020 1538 et
1042 1484 1138 1538 debita
1163 1483 1339 1552 disciplina:
1365 1496 1418 1536 nec
1440 1497 1504 1536 eam
1528 1496 1582 1551 per
1610 1481 1702 1535 ullum

70 1550 106 1589 ¹¹¹²
143 1534 457 1638 haefefficiffss¹¹¹iv⁰¹⁴55⁸
489 1534 656 1634 ”UPIImm
691 1535 798 1635 foed²¹]³
854 1567 1701 1642 malamingeniuurateseparabis,necessissnteeliam

70 1638 105 1691 re,
128 1638 180 1678 nec
200 1639 242 1679 ess
266 1625 342 1680 tatros
365 1623 433 1679 dare
456 1624 500 1678 sel
522 1624 605 1690 libas,
629 1624 678 1679 sed
707 1640 798 1696 magis
853 1661 972 1733 Recipies
990 1656 1324 1728 3³10,009„,„djuv,t,

70 1726 92 1781 s,
124 1711 149 1767 si
180 1716 279 1769 tamen
312 1711 487 1768 Christianos
517 1728 547 1766 se
579 1712 643 1768 fieri
675 1712 833 1784 permit-13
1041 1749 1106 1804 CM,
1125 1747 1298 1804 Lxxxnu„
1315 1744 1516 1800 „mmm

890 1837 1013 1893 Amodo
1029 1836 1058 1891 in
1081 1841 1164 1890 autea
1183 1835 1272 1890 istum
1291 1841 1375 1890 tuum
1397 1833 1532 1887 maritam
1552 1846 1640 1903 quern
1658 1830 1703 1885 in·

101 1906 165 1963 ⁰⁴⁹·
181 1907 293 1964 LXXIX·
309 1908 458 1964 *Iudicii
473 1907 649 1965 ‘'mminssiw·
852 1929 929 2001 juste
942 1924 1093 1981 dimiseras
1108 1926 1149 1979 ita
1173 1923 1283 1978 tenebis
1302 1929 1331 1978 et
1351 1920 1572 1993 amplexaberis,
1588 1926 1617 1974 et
1631 1919 1658 1974 ei
1673 1920 1704 1975 In

70 2030 100 2070 ac
114 2014 192 2086 qnod
207 2014 279 2069 mihi
301 2019 466 2086 reputatam
482 2020 526 2071 est
549 2016 580 2071 in
606 2018 659 2071 hac
678 2016 798 2088 synodo,
855 2016 979 2083 servitio,
996 2015 1025 2069 in
1042 2030 1139 2069 amore
1164 2019 1192 2068 et
1208 2013 1237 2067 in
1262 2012 1364 2067 lImore
1393 2012 1432 2065 ita
1455 2011 1512 2065 eris
1532 2010 1661 2079 subjecta
1676 2012 1705 2063 et

70 2103 136 2157 amul
150 2119 214 2159 cum
229 2103 283 2159 ista
305 2103 412 2158 lemine
424 2104 596 2160 adulterium
613 2106 655 2160 rel
674 2105 798 2160 fornica·
855 2105 1001 2171 obediens,
1021 2102 1094 2157 sicut
1109 2117 1160 2173 per
1175 2105 1283 2155 rectum
1305 2115 1378 2154 uxor
1398 2115 1449 2153 suo
1469 2097 1553 2153 debet
1577 2097 1705 2167 subjecta

80 2190 221 2259 iecissem,
242 2192 320 2264 quod
348 2209 407 2247 non
437 2209 489 2263 ego
511 2194 551 2248 ita
569 2193 633 2262 leci,
658 2209 710 2248 nec
733 2193 799 2248 Inde
855 2210 916 2249 esse
933 2191 1047 2258 marito,
1070 2207 1123 2245 nec
1152 2205 1278 2260 unquam
1309 2188 1344 2242 ab
1360 2203 1393 2242 eo
1422 2192 1449 2241 te
1474 2185 1630 2256 separabis,
1651 2200 1704 2238 nec

70 2278 186 2351 rabilem
201 2296 388 2353 recognosco,
409 2281 508 2336 sicma
532 2283 606 2338 Deus
625 2281 738 2354 adjuvet
764 2281 800 2337 ad
855 2282 904 2335 illo
919 2280 1030 2335 vivente
1045 2277 1128 2334 alteri
1143 2277 1204 2330 vico
1225 2281 1254 2330 te
1275 2273 1406 2342 sociabis,
1428 2289 1480 2327 nec
1498 2271 1631 2343 conjugio
1652 2275 1702 2326 aut

70 2367 197 2425 adiciam.
666 2430 669 2435 ,
855 2368 997 2424 adulterio
1014 2383 1022 2424 τ
1039 2367 1084 2423 Sic
1098 2371 1125 2420 te
1141 2367 1214 2420 Deus
1233 2364 1358 2435 adjuvet.

671 2505 759 2547 FINIS
781 2505 870 2547 LIIIllI
894 2505 984 2546 ΝΟΜ.

366 2818 513 2894 INDEX
550 2820 894 2896 CAPITULORUM
932 2822 1059 2896 LIBRI
1098 2820 1277 2895 DECIMI.

70 3029 72 3042 .
95 2988 130 3044 Ut
150 2987 276 3061 episcopi
300 2989 335 3045 de
360 2991 504 3062 parochiis
523 2990 582 3048 suis
595 2994 747 3065 sortilegos
772 2999 800 3049 et
819 2995 839 3050 C
855 2996 898 3051 ii.
919 2995 954 3050 Ut
968 2994 1170 3049 vatIcInatores
1182 2992 1248 3047 cassi
1264 2993 1298 3048 de
1313 2991 1647 3064 ciuitatibusejicianlur.

70 3075 135 3130 llcos
150 3079 301 3148 expellant.
857 3085 901 3137 23.
920 3084 959 3137 lle
974 3083 1031 3137 illis
1045 3083 1094 3154 qui
1108 3081 1291 3153 phylacteriis
1307 3085 1437 3135 saluatur.

70 3165 210 3220 ultoribus
225 3167 371 3222 arborum.
857 3172 900 3225 il.
918 3171 990 3225 Item
1007 3170 1041 3225 de
1058 3170 1235 3224 mulierculis
1250 3169 1496 3224 incantatricibus.

70 3253 210 3308 ultoribus
228 3254 382 3311 idolorum.
857 3262 901 3314 23.
919 3260 959 3314 De
973 3260 1029 3314 illis
1043 3259 1091 3330 qni
1113 3260 1294 3327 manducant,
1319 3263 1368 3312 aut
1393 3258 1506 3325 bibant,
1527 3263 1576 3312 aut
1589 3260 1705 3329 portant

73 3341 157 3397 adem
172 3359 212 3398 re.
892 3364 980 3420 super
995 3364 1024 3403 se
1044 3348 1152 3419 aliquid
1172 3347 1207 3402 ad
1231 3348 1280 3401 liei
1305 3347 1447 3417 judicium
1468 3347 1702 3402 subvertendam.

75 3430 109 3484 lis
123 3430 172 3502 qui
187 3431 376 3487 divinationes
392 3432 552 3505 requIrnnt.
858 3439 901 3491 ab.
927 3437 966 3491 lle
989 3436 1113 3508 illisqui
1136 3436 1166 3490 in
1184 3435 1299 3503 tabulis,
1324 3441 1374 3490 aut
1398 3436 1429 3490 in
1451 3435 1597 3491 codicibus
1610 3437 1706 3492 lutura

70 3518 111 3573 llis
126 3518 175 3591 qui
191 3520 277 3574 ritum
292 3536 470 3592 paganorum
485 3522 646 3576 observant.
892 3525 1052 3596 requirnnt.

70 3606 123 3663 illis
144 3608 195 3680 qui
216 3610 344 3680 auguriis
361 3613 389 3665 et
418 3609 662 3666 incantationibus
690 3609 802 3665 subser·
858 3617 904 3667 tl.
922 3614 962 3668 lle
974 3613 1031 3667 illis
1051 3612 1100 3684 qui
1114 3617 1205 3666 sortes
1219 3617 1385 3666 sanctoruni
1402 3611 1562 3683 reqsnrunt.

70 3700 85 3750 i·
857 3704 901 3757 as.
922 3702 961 3756 lle
987 3701 1044 3757 illis
1067 3701 1215 3763 maleficis,
1241 3699 1292 3772 qui
1315 3705 1433 3770 sperant
1449 3717 1479 3754 sc
1492 3700 1705 3755 montsslromi·

70 3785 156 3842 adem
171 3803 212 3842 re.
893 3807 964 3845 num
980 3795 1141 3862 pervertere
1154 3805 1247 3860 posse.

70 3874 109 3930 ‚lis
124 3876 175 3948 qni
189 3882 281 3933 sortes
296 3879 458 3945 observant.
857 3881 902 3934 aa.
924 3880 963 3934 Ile
977 3878 1078 3935 eadem
1090 3895 1130 3933 re.

72 3963 223 4020 arboribus
237 3981 308 4037 quas
323 3967 426 4037 vulgus
441 3967 518 4021 colit.
859 3971 902 4025 30.
920 3970 958 4024 Da
970 3967 1026 4023 illis
1040 3968 1091 4039 qni
1106 3967 1142 4022 ad
1157 3982 1223 4021 suas
1237 3965 1376 4020 ranilates
1391 3964 1579 4035 perficiendas
1598 3964 1705 4021 deamo·

72 4051 130 4106 illis
145 4051 194 4123 qui
208 4052 269 4107 dies
284 4057 312 4107 et
328 4068 440 4108 menses
454 4053 614 4108 observant.
894 4073 946 4112 nes
958 4057 1101 4112 Innocent.

72 4137 130 4194 illis
143 4139 550 4211 quidaemonibusimmolant.
860 4149 903 4202 st.
922 4147 960 4201 De
975 4145 1033 4200 illis
1051 4144 1102 4216 qui
1125 4149 1268 4199 nocturna
1288 4140 1426 4197 sacrificia
1446 4141 1611 4197 daemonum
1632 4143 1705 4198 cele-

70 4226 188 4300 illisqui
202 4229 370 4284 traditiones
385 4230 538 4300 gentilium
553 4230 713 4286 observent.
894 4234 1048 4290 breverint.

81 4316 259 4372 mulierculis
283 4333 347 4389 quse
370 4318 494 4374 infantes
520 4335 585 4374 suos
606 4334 661 4389 pro
683 4317 804 4375 sanitate
859 4325 903 4378 32.
922 4322 961 4377 Ile
977 4321 1033 4378 illis
1048 4320 1144 4394 quiad
1159 4321 1276 4376 arbores
1290 4321 1333 4375 vel
1359 4320 1395 4375 ad
1415 4319 1507 4375 fontes
1527 4318 1624 4392 aIIque
1642 4324 1707 4374 vota

70 4418 182 4459 rnacem
198 4411 248 4459 aut
260 4421 348 4476 supra
363 4411 470 4461 tectum
484 4411 607 4478 ponunt.
896 4416 1046 4466 voverunt.

70 4490 98 4546 sd
113 4506 172 4546 non
185 4492 270 4548 liceat
290 4493 405 4566 ianuas
421 4494 631 4550 observationes
649 4494 802 4550 Kalendar.
859 4502 903 4556 33.
920 4500 960 4554 Ile
974 4500 1040 4567 iltis,
1058 4498 1118 4571 qui,
1135 4498 1252 4570 quando
1271 4498 1340 4552 luna
1365 4497 1546 4565 obscuratur,
1568 4496 1708 4553 clamores

70 4620 87 4634 *-
894 4605 961 4644 srsos
975 4595 1005 4644 et
1018 4588 1157 4643 malelicia
1171 4604 1222 4641 sua
1238 4586 1427 4642 exercuerint.

70 4666 128 4723 5¹5⁸
147 4667 197 4741 qui
213 4669 355 4725 K³¹⁰⁰d³³
378 4669 528 4726 immi&
547 4671 605 4727 rim
621 4687 804 4743 P⁸8³ss⁰fflm
859 4679 903 4735 34.
927 4679 966 4734 Da
981 4677 1037 4732 illis
1052 4676 1102 4748 qui
1130 4675 1269 4731 vanitates
1284 4691 1351 4730 snas
1374 4675 1405 4730 in
1431 4673 1558 4729 excubiis
1573 4688 1706 4729 exercue-

72 4762 282 4830 epressumunl
894 4767 963 4822 rint,

78 4845 176 4901 eedem
193 4862 233 4901 re.
859 4857 903 4911 35.
923 4854 963 4909 lle
977 4855 1076 4910 eadem
1092 4868 1133 4908 re.

82 4932 213 4989 bubulcis
229 4936 272 4990 vel
298 4936 489 5004 venatoribus,
512 4936 563 5010 qui
587 4952 652 4992 snas
674 4935 803 4991 incanta-
859 4945 904 4998 36.
921 4943 959 4998 Da
975 4941 1111 4997 convivia
1126 4941 1279 5013 qunflunt
1292 4940 1349 4997 ritu
1363 4953 1551 5012 paganorum.

70 5038 84 5076 s
98 5024 285 5080 exercuerint,
860 5035 903 5087 37.
918 5032 957 5087 De
976 5031 1075 5086 sedem
1091 5046 1132 5084 re.

70 5110 96 5166 sd
117 5126 177 5166 non
204 5113 289 5168 liceat
304 5113 487 5169 mulierculas
502 5112 676 5171 Christianae
690 5113 803 5169 ranila·
860 5121 904 5174 38.
918 5119 958 5174 lle
971 5117 1071 5173 lldcles
1090 5117 1120 5172 ln
1134 5116 1304 5172 caemeteriis
1315 5114 1454 5187 prandere
1467 5114 1652 5185 presumant.

70 5214 80 5255 t
97 5199 157 5254 suis
172 5200 302 5256 lanificiis
317 5202 480 5258 observare.
860 5209 903 5262 39.
922 5207 961 5259 lle
977 5204 1098 5277 illisqui
1113 5205 1271 5259 balationes
1286 5202 1417 5271 iecerint,
1439 5206 1468 5255 et
1491 5216 1521 5254 sa
1544 5199 1575 5254 in
1598 5200 1709 5255 alienas

70 5287 100 5343 sd
114 5304 173 5344 non
191 5290 276 5345 liceat
289 5307 355 5347 eum
380 5291 624 5347 incantationibus
649 5291 804 5347 herbarum
896 5295 1001 5349 lormas
1016 5293 1280 5349 transmutaverint.

70 5374 191 5433 ctionem
206 5378 279 5435 lieri.
859 5383 903 5436 40.
924 5380 1005 5445 Quod
1024 5380 1233 5435 incantationes
1254 5383 1283 5434 et
1304 5376 1426 5449 magicae
1446 5379 1521 5432 artes
1536 5374 1632 5448 laquei
1648 5374 1707 5430 dia·

70 5464 127 5520 iIIis
141 5466 191 5538 qui
207 5467 242 5523 ad
254 5467 383 5538 arbores,
395 5468 437 5522 vel
457 5466 494 5523 ad
519 5467 612 5522 tontes
632 5467 741 5538 jaculas
762 5468 805 5522 in·
895 5469 952 5525 boli
963 5467 1029 5524 sint.

70 5551 152 5607 erint.
