3878 6112
29 234 34 245 ·
75 212 123 267 tle
545 212 781 271 onenarolttllt
804 216 895 271 hlBRl
914 217 969 272 XX.
990 247 1025 257 -
1044 218 1146 274 Linus
1169 215 1333 274 uncinus.
1767 223 1820 278 850

76 338 243 410 loqueretur,
258 334 378 392 dicens:
401 336 543 392 roderent
557 353 659 393 manus
684 353 762 394 meas
776 344 804 394 et
823 341 946 412 pedesA
963 340 1151 411 superemini,
1173 356 1226 396 nee
1250 340 1325 413 quod
1342 356 1391 394 vos
1407 345 1545 412 spernant
1572 341 1649 412 magi
1680 342 1818 399 duxeritis

77 443 154 495 meus,
169 426 428 481 dinumeraverunt
450 426 547 480 omnia
576 443 641 482 ossa
666 444 740 496 mea,
760 428 816 500 ipsi
845 445 912 484 vero
968 429 1045 484 Sicut
1061 430 1138 484 eninr
1153 429 1368 500 vestimentum,
1390 430 1430 485 ita
1458 435 1641 501 pertempus
1669 448 1817 487 assumen-

77 514 318 571 oonsiderarcrunt
333 519 361 568 et
377 519 587 584 conspexerunt
602 530 658 583 me,
681 515 841 571 diviserunt
859 516 913 571 sibi
968 521 1024 585 tur,
1039 524 1068 572 et
1084 520 1156 573 sicut
1182 519 1246 572 lane
1262 535 1277 572 a
1307 519 1385 573 tinea
1412 519 1618 574 comedentur:
1632 519 1742 590 justitia
1765 536 1817 575 au-

76 604 231 659 restimente
260 618 323 657 mea
339 607 368 657 et
394 619 481 673 super
508 607 615 658 vestem
651 620 744 658 meam
772 604 914 660 miserunt
968 609 1027 659 tem
1042 623 1106 661 mee
1121 607 1152 660 in
1180 613 1319 661 veternum
1336 611 1441 660 munet.
1466 607 1817 679 Attendendumestergo

77 690 913 763 sortempaulopostinfertillud-quodposuimuszCom-
968 698 1053 766 etque
1087 697 1167 749 omui
1193 696 1287 750 studio
1312 695 1481 764 cavendum,
1509 712 1545 750 ne
1570 697 1676 750 nostris
1706 701 1818 767 tempo·

10 798 12 803 ·
75 782 304 837 memorabuntur
327 785 355 834 et
381 784 585 834 convertentur
609 780 645 834 ad
675 779 828 835 Dominum
848 781 913 835 uni·
967 783 1046 838 ribus
1075 784 1229 854 inquibus
1254 785 1382 839 videmus
1410 785 1600 839 Christianam
1648 785 1816 853 religionem

74 869 137 925 versi
151 869 224 924 flues
239 877 333 936 terrae,
358 874 608 941 stc.,quanquam
637 873 665 923 et
679 870 750 923 illud
785 871 914 924 testimo·
967 872 997 927 iu
1012 876 1072 927 toto
1087 872 1458 943 orhedilatatam,propter
1472 873 1611 927 desidiam
1628 873 1817 942 magistorum

73 959 144 1014 nium
165 957 241 1030 quod
252 958 331 1030 prius
345 957 473 1026 adhibui,
489 958 537 1012 ubi
553 957 661 1012 dictum
675 961 733 1023 est;
747 958 913 1028 praevalebit
967 964 997 1015 et
1011 960 1145 1015 inertiam
1156 961 1314 1028 doctorum,
1330 960 1415 1031 pauci
1429 960 1472 1016 illi
1487 961 1537 1032 qui
1556 961 1648 1016 adhuc
1662 965 1817 1033 supersunt

73 1048 202 1102 Dominus
215 1047 349 1100 avlrcrsus
364 1061 424 1113 eus,
447 1050 475 1100 et
505 1045 709 1101 exterminabit
724 1062 824 1100 omnes
845 1047 913 1100 deos
967 1049 1237 1104 contundantritum
1249 1051 1367 1103 culturae
1378 1049 1437 1103 veri
1450 1050 1816 1117 Dei‚et,daemoniacisiltu·

69 1136 193 1207 mutium
207 1139 302 1201 terrm,
318 1135 348 1189 in
369 1151 402 1190 eo
431 1133 508 1206 quod
523 1134 650 1205 positum
665 1139 718 1201 est,
735 1134 910 1206 praevalebit,
967 1137 1098 1194 sionibus
1114 1139 1270 1211 depravati,
1294 1137 1487 1192 divinationes
1500 1138 1585 1192 falsas
1598 1138 1629 1191 in
1644 1138 1751 1209 populo
1765 1138 1815 1193 Dei

67 1224 129 1280 satis
145 1222 271 1279 ostendit
286 1223 372 1278 etiam
387 1223 440 1278 hoc
452 1223 692 1295 praenunciatum,
714 1223 791 1295 quod
807 1222 912 1296 pagani
967 1233 1064 1297 agant,
1082 1227 1203 1282 rusticos
1216 1232 1244 1280 et
1254 1226 1404 1296 imperitos
1415 1225 1592 1293 seducentes,
1609 1226 1650 1280 ita
1661 1230 1690 1280 ut
1704 1225 1817 1280 deserta

10 1344 12 1355 =
65 1314 142 1385 prius
182 1312 378 1384 oppugnaturi
412 1317 508 1366 essent
537 1312 701 1378 Ecclesiam,
746 1328 911 1383 nomenque
966 1315 1029 1387 ipsa
1043 1316 1173 1382 veritate,
1189 1315 1312 1387 quaelux
1325 1319 1367 1368 est
1383 1315 1491 1381 mundi,
1503 1319 1532 1368 et
1545 1314 1815 1369 illuminatomnem

63 1402 254 1458 Christianum
282 1405 423 1472 quantum
451 1401 579 1455 valerent
611 1401 800 1470 persecuturi,
831 1406 862 1455 ut
888 1401 911 1455 si
966 1404 1113 1459 hominem
1128 1404 1290 1457 venientem
1310 1403 1338 1456 iu
1364 1401 1441 1456 hunc
1466 1402 1605 1457 mundum
1629 1403 1815 1457 tenebrarum

60 1491 242 1562 deriposset,
258 1491 383 1545 deterre
399 1491 517 1544 omnino
541 1490 694 1545 deleretur.
710 1492 742 1545 Et
769 1491 836 1563 quia
863 1507 912 1545 eos
967 1494 1079 1559 harum,
1096 1499 1227 1565 querant
1242 1492 1389 1546 scientiam
1406 1491 1579 1557 futurorum,
1596 1497 1625 1546 et
1644 1509 1660 1545 a
1679 1492 1815 1563 decepto-

57 1579 202 1652 patientia
217 1583 387 1651 martyrum,
403 1577 639 1645 etmagnitudiue
650 1578 867 1644 miraculorum,
883 1585 912 1633 et
927 1620 946 1675 B
967 1582 1046 1636 ribus
1083 1581 1233 1636 hominum
1254 1586 1385 1652 qooeraut
1408 1581 1530 1635 salutem
1554 1581 1727 1644 animarum,
1757 1581 1815 1635 sive

59 1673 257 1740 consequente
272 1667 328 1721 lide
345 1667 518 1739 populorum
534 1670 595 1721 erat
622 1671 818 1737 superaturus,
846 1667 909 1721 ideo
965 1671 1052 1725 etiam
1067 1685 1219 1741 corporum
1236 1685 1365 1724 suorum.
1383 1669 1432 1725 llis
1447 1669 1522 1723 eninr
1535 1669 1817 1739 prevaricationibus

57 1756 298 1824 sicdictnmest,
327 1755 496 1826 praevalebit
526 1755 665 1810 Dominus
694 1756 828 1810 adversus
849 1770 908 1809 eos.
965 1759 1088 1814 maxime
1103 1758 1232 1813 irritatur
1249 1759 1332 1822 Deus,
1349 1762 1378 1812 et
1401 1757 1436 1812 ad
1451 1757 1605 1813 vindictam
1632 1762 1814 1829 provocatur.

58 1845 125 1901 Non
147 1843 225 1899 enim
249 1844 401 1913 diceretur,
426 1844 593 1915 praevalebit
619 1844 827 1912 adversuseos,
855 1844 910 1898 nisi
965 1847 1044 1903 Unde
1058 1863 1110 1918 per
1123 1846 1299 1901 Ezechielem
1326 1846 1520 1900 comminatur
1538 1845 1658 1901 dicens:
1686 1847 1814 1917 Vaepro·

56 1933 256 2006 oppugnando
271 1932 314 1989 illi
342 1933 517 1988 resisterent.
540 1933 618 1988 Unde
647 1936 675 1986 et
691 1933 721 1987 in
743 1933 856 1987 Psalmo
871 1932 911 1986 ita
965 1935 1058 2007 phetis
1082 1935 1284 2005 insipientibus
1300 1934 1350 2007 qui
1375 1939 1537 2006 sequuntur
1563 1934 1697 2005 spiritum
1719 1950 1814 2000 suum,

56 2022 266 2092 prophetatum
295 2027 361 2076 est:
393 2022 427 2077 Ut
454 2021 525 2092 quid
548 2021 729 2077 fremuerunt
756 2027 868 2092 gentes,
883 2026 911 2076 et
965 2031 993 2079 et
1009 2025 1082 2079 nihil
1105 2024 1212 2078 vident.
1234 2023 1321 2088 Quasi
1346 2023 1445 2094 vulpes
1457 2023 1488 2077 in
1506 2023 1635 2090 desertis,
1665 2024 1815 2094 prophete

55 2110 162 2183 populi
178 2110 309 2166 meditati
328 2115 394 2164 sunt
410 2110 528 2164 inania?
542 2109 703 2165 Astiterunt
716 2125 797 2181 reges
815 2114 908 2175 terrae,
965 2113 1006 2169 tui
1021 2113 1107 2167 lsrael
1127 2116 1218 2166 erant.
1235 2110 1370 2182 Nunquid
1387 2126 1444 2165 non
1457 2109 1595 2165 visionem
1610 2127 1718 2166 cassam
1743 2110 1814 2165 vidi·

57 2198 500 2272 etprincipesconreneruntin
526 2215 626 2268 unum,
655 2199 790 2253 adversus
812 2199 910 2253 Domi·
965 2200 1026 2266 stis,
1037 2205 1065 2253 et
1085 2198 1290 2253 divinationem
1307 2198 1475 2253 mendaeem
1503 2198 1590 2252 locuti
1614 2197 1690 2266 estis,
1716 2201 1746 2252 et
1768 2197 1814 2251 di-

56 2301 134 2342 uum
162 2292 193 2342 et
218 2286 353 2343 adversus
381 2287 526 2343 Christum
557 2288 629 2358 eJ'us.
659 2288 691 2341 Et
725 2288 812 2358 paulo
847 2292 912 2359 post
965 2287 1112 2343 citiszllit
1130 2287 1277 2348 Dominus,
1294 2303 1360 2340 cum
1380 2302 1433 2357 ego
1451 2302 1507 2340 nou
1518 2286 1571 2340 sim
1594 2285 1726 2342 locutus?
1745 2287 1815 2340 Pro·

56 2374 154 2430 dicit:
184 2375 322 2429 Dominus
354 2375 426 2430 dixit
454 2375 489 2429 ad
516 2391 585 2429 me:
613 2375 700 2430 Filius
716 2391 797 2430 mens
812 2390 842 2429 es
867 2381 909 2440 tu,
965 2380 1065 2447 pterea
1079 2376 1140 2429 haec
1164 2374 1232 2429 dicit
1259 2375 1399 2429 Dominus
1418 2375 1513 2428 Deus:
1536 2375 1608 2439 Quia
1637 2373 1723 2428 locuti
1747 2373 1814 2427 estis

55 2479 115 2537 ego
143 2463 228 2519 hodie
255 2464 343 2535 genui
368 2469 406 2519 te.
436 2465 590 2518 Postutaa
617 2479 673 2528 me,
700 2469 728 2518 et
758 2464 831 2519 dabo
859 2463 911 2518 tibi
964 2480 1048 2530 vana,
1066 2463 1216 2518 etvidistis
1241 2462 1435 2528 mendacium,
1451 2461 1516 2516 ideo
1537 2478 1601 2517 ecce
1614 2478 1667 2533 ego
1696 2463 1813 2531 advos,

56 2555 161 2623 gentes
186 2552 381 2606 haereditatem
416 2557 507 2618 tuam,
541 2557 570 2605 et
596 2552 803 2621 possessionem
832 2557 912 2606 tuam
966 2552 1005 2607 ait
1018 2553 1156 2607 Dominus
1173 2552 1319 2607 Dens:Et
1333 2551 1387 2605 erit
1402 2567 1504 2605 manus
1518 2567 1677 2622 measuper
1689 2551 1813 2622 prophe-

55 2642 240 2697 duesterrae.
267 2640 416 2711 Hisetqne
437 2639 604 2710 hujusmodi
623 2640 798 2713 propheticis
825 2640 911 2695 docu-
964 2647 1007 2696 tas
1036 2642 1086 2712 qui
1112 2641 1208 2695 vident
1236 2656 1320 2708 vanu,
1346 2644 1374 2693 et
1398 2639 1528 2694 divinant
1555 2640 1761 2694 mendacium:
1782 2639 1813 2694 in

58 2729 170 2785 mentis
183 2728 353 2800 preadictum
368 2728 539 2795 ostenditur,
555 2729 633 2800 quod
653 2729 783 2783 videmus
798 2728 912 2800 impleri
965 2729 1087 2784 concilio
1102 2729 1202 2801 populi
1219 2731 1276 2783 mei
1291 2744 1348 2784 uon
1365 2734 1460 2799 erunt,
1475 2730 1542 2785 etin
1558 2730 1700 2801 scriptura
1710 2731 1814 2784 domus

57 2833 115 2890 per
129 2817 285 2883 Christum,
300 2817 387 2871 fuisse
406 2818 537 2871 futurum
552 2823 585 2871 ut
609 2818 682 2872 Deus
705 2818 803 2886 lsrael,
825 2832 910 2889 quem
966 2819 1053 2873 lsrael
1072 2833 1130 2872 nou
1150 2817 1395 2929 sphentuenec
1423 2818 1577 2873 interram
1607 2819 1691 2873 isreel
1720 2817 1815 2889 ingre·

58 2922 267 2963 unumverum
296 2907 386 2961 Deum
415 2905 614 2976 intelligimus,
643 2907 750 2961 nonin
779 2922 835 2960 una
848 2897 946 2977 ipsaC
966 2905 1090 2961 dientur.
1107 2904 1150 2962 Ad
1170 2906 1299 2961 doctores
1312 2912 1407 2961 autem
1427 2922 1479 2977 per
1494 2907 1628 2962 eumdem
1644 2906 1814 2978 prophetam

58 2999 148 3067 geute
165 3010 231 3066 quae
245 2995 389 3065 appellate
402 2999 446 3049 est
460 2995 556 3060 lsrael,
572 2993 622 3050 sed
637 2995 667 3049 iu
686 2994 820 3049 omuibus
837 3011 910 3066 gen·
963 2995 1114 3066 increpans
1129 3011 1227 3050 eorum
1242 2995 1387 3063 inertiam,
1403 2996 1444 3050 ita
1464 2997 1592 3067 loquitur
1615 2997 1711 3051 diceus
1728 3011 1735 3050 :
1753 2997 1815 3051 Non

58 3083 140 3140 tibus
165 3083 316 3152 coleretur,
350 3086 378 3137 et
399 3098 499 3139 omnes
517 3083 604 3137 ialsos
632 3082 700 3137 deos
728 3084 858 3154 gentium
882 3087 911 3138 et
965 3083 1131 3138 ascendistis
1159 3101 1193 3139 ex
1228 3084 1358 3149 adverso,
1376 3099 1470 3156 neque
1496 3085 1669 3156 opposuistis
1698 3099 1814 3138 murum

57 3172 180 3242 templis
209 3187 321 3237 eorum,
351 3176 381 3227 et
408 3188 424 3226 a
451 3171 585 3236 cordibus
618 3172 762 3226 cultorum
791 3188 910 3228 suorum
963 3188 1016 3237 pro
1030 3172 1118 3227 Domo
1134 3173 1221 3226 lsrael
1237 3176 1269 3227 ut
1284 3172 1398 3226 staretis
1412 3173 1443 3228 in
1458 3173 1558 3244 proelio
1575 3173 1605 3228 in
1629 3173 1675 3228 die
1689 3171 1812 3227 Domini.

56 3260 237 3316 amoliretur.
254 3261 340 3315 lirant
353 3275 431 3314 nnnc
443 3259 489 3314 isti
503 3264 533 3314 et
547 3259 640 3314 adhuc
665 3265 763 3314 contra
777 3259 910 3315 Christis·
963 3261 997 3314 Et
1011 3276 1127 3315 rursum
1144 3277 1151 3315 :
1168 3262 1225 3329 Vre,
1241 3261 1348 3332 inquit,
1359 3262 1523 3331 pastoribus
1539 3262 1635 3328 lsrael,
1652 3261 1702 3333 qui
1715 3275 1814 3332 pasce·

56 3364 129 3404 nem
143 3348 325 3421 religionem,
342 3353 442 3403 contra
453 3364 554 3403 verum
569 3349 620 3403 Dei
634 3350 753 3412 cultum,
770 3348 910 3403 vanitates
964 3350 1033 3404 bant
1045 3350 1225 3421 semetipsos.
1247 3350 1348 3405 ltonne
1368 3367 1471 3422 greges
1485 3357 1644 3422 pascuntur
1660 3368 1675 3405 a
1690 3350 1811 3422 pastori-

55 3437 194 3510 pristinas
217 3437 387 3492 defensitare
402 3437 536 3501 audeant,
565 3442 675 3491 nteum
703 3436 824 3507 strepitu
847 3453 910 3507 per·
962 3437 1034 3494 husi
1050 3439 1103 3492 hac
1117 3438 1319 3505 comedebatis,
1337 3439 1676 3510 etlanisoperiehamini,
1694 3444 1723 3494 et
1737 3438 1814 3510 quod

56 3528 134 3581 eant.
152 3525 225 3579 Nam
239 3529 267 3579 et
286 3523 342 3579 hoc
356 3524 391 3578 de
414 3523 470 3578 illis
488 3523 658 3594 predictum
674 3527 717 3577 est
729 3523 758 3577 in
780 3523 908 3594 psalmis,
963 3540 1088 3580 crassum
1105 3530 1167 3579 erat
1188 3525 1370 3592 occidebatis,
1385 3541 1503 3597 gregem
1523 3532 1620 3581 autem
1639 3543 1737 3581 meum
1755 3543 1814 3581 uon

55 3613 173 3668 dicente
186 3613 346 3685 Propheta:
368 3612 472 3669 Sedisti
495 3629 582 3684 super
602 3613 749 3677 thronum,
767 3612 817 3683 qui
829 3610 908 3680 judi·
963 3613 1133 3686 pascebatis.
1151 3613 1230 3677 Quod
1253 3613 1404 3668 infirmum
1423 3615 1478 3668 luit
1492 3631 1551 3670 non
1565 3614 1772 3682 consolidastis,
1786 3619 1814 3670 et

53 3701 294 3774 essequiutem.
311 3701 468 3773 increpasti
490 3706 601 3772 gentes,
625 3705 654 3756 et
676 3701 762 3771 periit
790 3700 907 3770 impius,
963 3702 1040 3775 quod
1065 3705 1205 3772 aegrotum
1230 3717 1288 3757 non
1315 3703 1446 3763 sanastis,
1476 3708 1504 3757 et
1528 3704 1603 3774 quod
1620 3703 1743 3758 fractum
1772 3708 1815 3757 est

54 3805 280 3846 nomeueorum
308 3790 408 3846 delesti
421 3790 452 3845 in
479 3795 631 3858 aeteruum,
661 3795 690 3844 et
720 3790 749 3843 in
778 3789 908 3844 seculum
963 3808 1021 3847 uon
1049 3790 1200 3862 elligastis,
1230 3794 1260 3845 et
1285 3790 1360 3863 quod
1390 3791 1533 3861 abjectum
1561 3808 1621 3846 non
1648 3791 1812 3858 reduxistis,

55 3879 158 3935 secuti.
183 3877 293 3934 lnimici
317 3878 485 3933 deiecerunt
513 3878 641 3947 tramete,
657 3883 685 3933 et
711 3878 838 3933 civitates
859 3895 908 3932 eo·
963 3880 1040 3953 quod
1067 3879 1193 3951 perierat
1214 3894 1273 3933 nou
1301 3878 1531 3951 quesistis:sed
1559 3896 1624 3934 cum
1651 3878 1814 3933 austeritate

55 3982 124 4023 rum
138 3965 314 4023 destruxisti.
332 3966 419 4021 Periit
433 3966 572 4022 memoria
583 3983 682 4022 eornm
696 3983 761 4021 cum
776 3967 907 4038 strepitu,
963 3969 1149 4040 imperabatis
1173 3968 1214 4023 eis
1239 3971 1268 4023 et
1281 3983 1347 4022 cum
1373 3968 1512 4040 potentie,
1544 3973 1572 4023 et
1596 3968 1814 4039 dispersissent

54 4059 84 4112 et
98 4055 239 4111 Dominus
253 4055 284 4111 in
300 4061 442 4111 oetemum
457 4059 617 4127 permanet.
642 4057 760 4112 Necesse
776 4062 818 4111 est
840 4072 908 4128 ergo
963 4075 1028 4113 oves
1040 4074 1122 4124 mese,
1133 4073 1167 4112 eo
1182 4056 1259 4128 quod
1271 4073 1330 4111 non
1343 4062 1416 4112 esset
1430 4061 1537 4129 pastor,
1554 4063 1582 4111 et
1592 4057 1728 4127 disperse
1747 4059 1815 4111 sunt

54 4150 90 4200 ut
101 4143 280 4216 impleantur
295 4143 393 4199 omnia
407 4144 477 4199 haec.
495 4145 551 4198 Nee
574 4143 661 4198 etiam
677 4144 749 4199 illud
765 4143 841 4215 quod
855 4143 905 4198 ed·
923 4167 945 4222 p
964 4147 994 4202 in
1005 4146 1219 4201 devorationem
1235 4145 1365 4200 omnium
1379 4145 1535 4200 bestiarum
1552 4144 1623 4216 agri,
1636 4150 1665 4199 et
1678 4145 1814 4216 disperse

54 4233 114 4290 huc
127 4233 234 4288 audent
257 4231 313 4305 ipsi
337 4232 421 4304 pauci
440 4231 490 4304 qui
512 4236 713 4286 remanserunt
740 4233 908 4303 vaniloquas
963 4240 1039 4290 sunt.
1058 4234 1129 4289 ilinc
1144 4250 1196 4305 per
1214 4234 1386 4289 Hieremiam
1402 4233 1507 4289 dicitur
1522 4236 1567 4288 :A
1587 4233 1706 4289 minimo
1723 4248 1814 4304 usque

54 4336 123 4376 snas
151 4325 296 4376 ostantare
326 4319 479 4389 doctrinas,
509 4323 539 4375 et
570 4319 744 4375 Christianos
770 4325 909 4391 tanquam
963 4325 997 4380 ud
1024 4323 1181 4378 maximum
1211 4339 1308 4378 omnes
1323 4323 1473 4378 averitiam
1506 4327 1719 4395 sequnntur:u
1744 4338 1814 4393 pro-

54 4408 290 4482 imperitissimos
308 4406 440 4476 irridere,
457 4424 510 4462 nos
533 4424 713 4464 commovere
727 4408 820 4475 debet,
840 4409 909 4464 dum
963 4411 1051 4483 pheta
1071 4426 1162 4482 usque
1183 4411 1217 4466 ad
1232 4411 1418 4477 sacerdotem,
1435 4411 1530 4465 cuncti
1557 4410 1666 4465 iaciunt
1693 4409 1815 4464 menda-

55 4497 143 4554 ineis
158 4496 274 4570 impleri
305 4513 338 4552 ea
361 4513 426 4570 quae
450 4497 588 4568 predicta
602 4501 670 4551 sunt
691 4496 847 4551 videamus.
871 4495 909 4549 Ex
964 4500 1050 4554 cium.
1069 4501 1101 4554 Et
1115 4499 1255 4554 sanabunt
1275 4500 1475 4555 contritionem
1490 4499 1558 4555 filice
1578 4499 1678 4572 populi
1701 4499 1759 4553 mei
1778 4496 1816 4552 ad

55 4585 207 4658 quoenim
218 4586 401 4641 tremuerunt
416 4590 526 4655 gentes,
542 4589 570 4640 et
585 4584 687 4656 populi
702 4584 833 4640 meditati
843 4587 912 4638 sunt
964 4587 1165 4659 ignominiam,
1182 4589 1320 4656 dicentes,
1344 4591 1480 4658 Porpax,
1496 4604 1560 4643 curn
1577 4604 1636 4643 non
1656 4593 1731 4642 esset
1744 4601 1814 4658 pax;

58 4674 161 4729 inania
198 4675 334 4730 adversus
362 4673 502 4729 Dominus
528 4678 558 4728 et
600 4673 734 4727 adversus
765 4672 911 4728 Christum
964 4677 1175 4732 conlusisunt:
1197 4677 1266 4749 quia
1285 4677 1529 4732 abominationem
1552 4674 1814 4731 lecerunttdcirco

58 4763 132 4835 ejus,
149 4763 264 4835 quando
283 4763 319 4818 ab
341 4763 382 4817 eis
396 4762 571 4818 fundebatur
596 4762 713 4833 sanguis
737 4766 909 4826 sanctorum,
965 4768 1026 4821 haec
1059 4766 1128 4820 dicit
1144 4765 1281 4820 Dominus
1308 4765 1484 4819 exercituum
1507 4765 1581 4819 Deus
1613 4763 1722 4818 lsrael:
1748 4763 1816 4816 Ecce

60 4855 90 4907 et
101 4850 271 4907 vastabatur
299 4851 433 4919 Ecclesia,
463 4867 553 4923 usque
586 4851 623 4905 ad
649 4852 702 4906 hoc
730 4854 855 4920 tempus,
884 4855 913 4904 et
966 4870 1019 4925 ego
1033 4853 1134 4909 cibabo
1146 4853 1287 4923 populum
1301 4853 1388 4906 istum
1406 4853 1566 4925 absynthio,
1583 4855 1611 4906 et
1625 4855 1726 4922 potum
1741 4849 1816 4903 dabo

60 4938 197 5010 deinceps
212 4938 342 5011 quotidie
365 4938 545 4994 minuuntur.
577 4940 634 4994 Nos
648 4942 755 5006 autem,
771 4954 843 5009 quos
858 4937 912 4992 ed·
966 4941 1008 4996 eis
1022 4956 1128 5013 aquam
1147 4940 1230 5008 fellis,
1251 4944 1279 4994 et
1300 4939 1464 5011 dispergam
1480 4957 1529 4994 eos
1553 4941 1583 4994 in
1598 4938 1731 5010 gentibus
1745 4952 1817 5008 ques

61 5041 162 5082 versus
176 5042 277 5082 eornm
290 5027 448 5099 opprobria
463 5033 493 5083 et
517 5027 653 5098 superbas
674 5025 830 5092 irrisiones,
855 5026 912 5081 ior·
967 5045 1025 5084 non
1041 5031 1193 5095 noverunt,
1209 5027 1265 5098 ipsi
1284 5033 1312 5084 et
1326 5034 1422 5100 patres
1451 5045 1560 5094 eorum,
1578 5033 1606 5083 et
1626 5026 1739 5081 mittem
1754 5030 1818 5097 post

60 5115 189 5170 tissimos
214 5115 338 5171 reddunt
366 5116 482 5170 oracula
514 5117 575 5184 Dei,
592 5117 627 5171 de
657 5117 710 5170 hac
735 5131 852 5187 quoque
881 5131 912 5170 re
967 5133 1015 5171 eos
1030 5115 1156 5187 gladium
1171 5115 1261 5170 donec
1276 5121 1492 5171 consumantur.
1510 5115 1638 5180 Qualiter
1663 5129 1731 5185 ergo
1758 5113 1816 5169 dis-

62 5204 203 5260 audemus
213 5208 243 5260 et
256 5204 417 5276 gaudemus
431 5205 556 5275 impleri.
573 5205 618 5261 Sic
630 5204 707 5260 eninr
724 5220 777 5258 nos
791 5203 913 5275 elloqui-
967 5205 1072 5277 plieeat
1094 5206 1152 5260 Deo
1185 5205 1377 5278 omnipotenti
1401 5211 1550 5275 pastorum
1577 5202 1764 5275 negligentia,
1789 5207 1819 5258 st

62 5298 111 5349 tur
125 5308 178 5365 per
197 5294 371 5364 Prophetam
388 5310 395 5349 ε
416 5294 520 5348 Audite
535 5309 581 5348 me
604 5295 654 5364 qui
668 5293 744 5347 scitis
760 5291 913 5363 judicium,
968 5293 1148 5348 subditorum
1163 5308 1255 5359 error,
1283 5310 1342 5349 non
1357 5295 1450 5348 solum
1474 5293 1642 5364 prophetica
1653 5291 1818 5348 testimonia

63 5382 294 5454 populusneus,
311 5383 340 5438 in
358 5398 481 5455 quorum
503 5383 646 5438 cordelex
668 5397 742 5448 mea,
758 5381 916 5454 opprobria
968 5381 1132 5448 ostendunt,
1161 5382 1209 5436 sed
1235 5383 1321 5437 etiam
1351 5382 1423 5435 faeta
1440 5382 1625 5453 antiquorum
1660 5381 1817 5445 declarent,

64 5470 218 5527 bominum
242 5472 332 5529 nolite
352 5476 490 5536 metuere,
507 5477 536 5527 et
557 5471 734 5527 detractione
759 5486 859 5526 eorum
878 5486 915 5526 ne
968 5485 1033 5525 cum
1050 5469 1082 5524 in
1100 5469 1173 5525 libro
1186 5470 1298 5541 Regum
1320 5470 1426 5541 legitur
1444 5469 1587 5542 quomodo
1599 5469 1744 5540 malignus
1756 5467 1818 5538 spi-
