3878 6112
828 273 927 335 ΔΟῙΑ.
1702 273 1753 332 tlt

86 393 219 466 [lenique
240 392 443 464 Episcopatum
469 392 738 463 babenbergensem
754 395 884 452 exintlt
905 397 1016 467 Regum
1031 395 1184 452 inserimus
1198 394 1425 451 confirmationis
1439 394 1597 467 epistolas:
1627 399 1669 462 nt,
1684 394 1753 466 qnia

70 481 118 537 sin
130 498 183 538 suo
197 482 311 537 domate
336 482 394 553 (tn)
408 481 548 541 laudavit.
569 482 701 537 terminis
716 482 849 539 videlice·
903 484 960 540 duo
975 489 1052 551 sunt,
1068 484 1172 556 quibus
1191 484 1238 539 hic
1265 484 1391 539 mundus
1418 483 1614 556 principaliter
1631 483 1751 554 regitur,

70 570 255 643 dimittibus
286 570 498 642 episcopatibus
523 571 654 642 legitimo
681 571 849 627 concambio
904 571 1076 643 pontiilcelis
1094 571 1259 639 auctoritas,
1285 577 1315 627 et
1338 572 1443 642 regalis
1467 576 1602 644 potestas,
1633 587 1667 626 ex
1687 575 1752 627 utro

70 659 188 715 aulatis.
205 659 368 714 Fundatum
390 675 458 713 raro
486 659 684 731 episcopatum
710 659 849 731 principi·
903 676 959 732 que
973 661 1077 716 boram
1091 659 1207 716 suffulta
1221 676 1238 715 a
1252 660 1376 716 dexteris
1389 659 1554 725 etsinistris,
1570 660 1606 715 ab
1621 658 1752 716 omniurn

71 747 279 818 Apostolorum
307 747 392 801 Petro
419 751 449 802 at
470 747 569 814 Paulo,
599 752 628 802 et
643 746 849 818 pretiosissimo
903 749 1036 805 molestie
1050 748 1265 804 infestationum
1281 764 1379 805 secure
1408 754 1584 804 monstretur
1602 749 1632 803 in
1646 764 1752 821 perpe·

70 835 115 907 μ’)
136 835 260 907 Georgio
286 834 462 890 attitulatum
490 834 607 906 speciali
643 835 709 907 jure
744 842 849 891 macte
903 842 985 893 taum
1015 836 1141 892 detensa.
1173 837 1288 892 Dicente
1326 837 1405 893 enim
1438 837 1559 892 nomino
1587 837 1751 902 Salvatore;

70 923 227 979 ‚Ecclesiae
241 922 426 988 contradidit,
442 928 476 978 ut
489 928 518 978 et
536 922 639 987 prime
666 922 733 979 Sodi
765 922 849 978 debi-
901 925 974 980 dnos
1001 925 1132 981 Eoelesie
1160 926 1271 995 gladios
1299 925 1440 995 sulllcere,
1469 941 1594 997 qaorum
1622 940 1696 979 unus
1718 924 1752 979 sd

84 1010 238 1083 dignitatis
255 1011 436 1083 impenderet
458 1011 610 1079 honorem,
626 1015 655 1066 et
667 1027 749 1066 suern
765 1011 847 1081 plan·
902 1011 1100 1069 defensionem
1124 1013 1228 1068 anime
1254 1029 1287 1068 ac
1315 1012 1432 1084 spiritus
1460 1018 1612 1084 penetrat;
1628 1014 1700 1069 alter
1712 1012 1754 1066 in·

70 1114 134 1157 uus
156 1104 236 1155 tanto
262 1100 422 1171 patrocinio
447 1099 560 1156 flrmius
582 1099 785 1155 communiret.
816 1100 847 1154 ln
901 1099 1038 1156 lleribilie
1052 1101 1265 1157 etduracorda
1281 1101 1376 1173 rigore
1391 1118 1443 1156 suo
1467 1103 1567 1158 domet
1580 1108 1609 1157 et
1622 1101 1751 1174 premit:

70 1186 155 1245 diana
169 1203 285 1261 quoque
300 1193 380 1260 parte
395 1187 518 1243 civitatis
528 1188 735 1243 monasterium
747 1187 778 1242 in
799 1188 848 1243 bo·
901 1187 1041 1262 quidquid
1063 1188 1231 1244 eorumdem
1258 1189 1420 1262 gladiorum
1443 1190 1508 1261 iure
1523 1189 1672 1245 hincinde
1687 1204 1752 1244 ruu-

75 1275 106 1333 S.
123 1276 264 1348 Stephani
279 1276 500 1351 Protomartypis
527 1277 580 1331 sub
595 1275 697 1331 ordine
710 1276 847 1332 canonico
901 1275 990 1346 nitur,
1006 1280 1116 1334 constat
1132 1276 1268 1349 proiecto,
1283 1276 1361 1349 quod
1379 1277 1485 1333 nullius
1508 1277 1577 1332 mali
1590 1277 1753 1333 incursione

70 1379 163 1421 mens
180 1380 237 1429 ;er
253 1364 343 1419 altera
358 1380 436 1430 vero,
446 1364 502 1420 hoc
524 1370 568 1421 est
580 1363 753 1437 aquilonari,
769 1363 845 1420 aliud
901 1365 936 1420 ab
950 1368 1040 1421 status
1054 1364 1099 1420 sui
1128 1365 1300 1421 rectitudine
1326 1365 1521 1420 labefactatur.
1551 1366 1631 1420 Prius
1656 1368 1754 1421 umen

70 1452 202 1509 uterium
229 1453 282 1508 snb
301 1452 463 1508 monachali
495 1453 597 1524 regula
621 1453 652 1508 in
679 1453 789 1508 honore
817 1453 845 1509 S.
901 1451 1087 1508 bicchartam
1102 1451 1215 1507 Ottonis
1228 1450 1307 1507 tertii
1322 1453 1377 1522 (50)
1399 1451 1580 1524 imperatoris
1594 1451 1753 1522 prescribi·

70 1541 137 1597 aslis
155 1540 327 1613 Archangeli
342 1540 407 1613 (ts),
428 1541 577 1613 sanctique
602 1541 746 1597 Benedicti
759 1541 848 1597 abbe·
901 1557 976 1606 ruus,
987 1545 1020 1596 ut
1043 1541 1115 1597 scire
1135 1540 1310 1607 nolentibus,
1339 1540 1462 1612 qualiter
1476 1539 1538 1611 ipse
1553 1539 1633 1594 locas
1648 1539 1755 1595 Bahan-

70 1629 244 1694 eaatituens,
268 1627 333 1695 sibi,
360 1643 478 1699 sueque
501 1627 611 1683 civitati
631 1643 718 1700 supra
733 1630 846 1684 Petram
862 1673 883 1727 B
900 1628 1049 1700 bergensis
1076 1629 1106 1684 in
1138 1629 1278 1685 ditionem
1304 1628 1395 1687 uncti
1422 1628 1509 1699 llegis
1537 1628 1698 1695 obuenerit,
1719 1643 1755 1683 ex

70 1716 165 1772 tolice
180 1715 325 1772 firmitatis
336 1715 475 1782 fundate,
484 1731 625 1789 moroque
640 1722 668 1772 et
679 1732 846 1789 propugna-
901 1717 1003 1774 eadem
1016 1717 1235 1790 conscriptionis
1248 1717 1355 1789 pagina
1369 1716 1530 1787 colligatur.

75 1804 253 1862 meritorum
273 1805 302 1861 S.
321 1804 438 1877 Georgii
447 1811 667 1878 ceterorumque
683 1809 846 1861 sanctorum
940 1810 984 1862 ti.
1014 1807 1046 1862 ln
1075 1806 1192 1861 nomine
1217 1809 1322 1862 sancte
1348 1810 1377 1860 et
1407 1804 1564 1861 individue
1579 1803 1750 1861 Trinitatis:

70 1898 161 1951 tuac
177 1898 425 1967 exornatecontra
435 1893 593 1950 incentivos
604 1894 740 1953 vitiorum
755 1895 847 1965 jecta·
903 1893 1075 1952 Ottodirina
1099 1894 1279 1966 providentia
1309 1895 1469 1967 lanperator
1483 1896 1639 1965 Augustus.
1666 1893 1755 1948 Nove-

70 1981 355 2037 ¹narrimlortitudinia
368 1981 562 2054 inStepbano,
577 1987 606 2038 et
615 1986 716 2038 contra
729 1981 846 2053 refrige-
902 1982 960 2041 rint
974 1999 1074 2040 omnes
1102 1983 1194 2039 nostri
1218 1983 1328 2050 fideles,
1361 1986 1518 2056 presentes
1546 1982 1653 2039 scilicet
1666 1986 1695 2037 et
1709 1983 1754 2038 lu-

70 2086 91 2125 a
111 2070 199 2126 llutos
226 2070 313 2138 illius,
343 2070 439 2143 quiin
467 2072 613 2142 aquilona,
642 2071 718 2128 unde
738 2072 846 2127 malum
902 2070 1169 2143 turi,qualiternos
1183 2070 1220 2126 ob
1246 2070 1440 2125 interventum
1455 2069 1649 2125 dilectissime
1672 2069 1754 2141 geni·

70 2174 81 2215 s
106 2158 256 2228 moditor,
282 2158 380 2214 sedem
405 2175 512 2231 ponere
536 2159 687 2231 disposuit,
703 2160 847 2232 retugium
902 2159 980 2215 tricis
1007 2164 1113 2215 nostre
1140 2157 1316 2226 udelbeide,
1349 2173 1416 2212 caro
1430 2158 1529 2229 nepoti
1552 2163 1649 2213 nostro
1665 2159 1755 2214 Bava-

70 2262 105 2305 n
119 2246 150 2303 in
164 2247 295 2319 angelico
314 2247 487 2320 preparavit
511 2247 666 2320 presidio:
683 2253 714 2303 nt
738 2265 755 2304 a
779 2249 846 2306 dex·
903 2247 1013 2304 riorum
1044 2247 1113 2303 lluci
1140 2246 1273 2303 lieinrico
1299 2245 1445 2317 quoddam
1465 2244 1541 2316 iuris
1565 2245 1657 2300 nostri
1684 2260 1756 2316 pres·

70 2339 103 2391 et
131 2353 148 2390 a
175 2334 299 2389 sinistris
319 2334 438 2406 iustitie
459 2335 547 2390 armis
576 2337 689 2392 vallate
713 2336 742 2392 in
766 2338 847 2392 nullo
902 2334 993 2404 dium,
1022 2335 1166 2391 ciuitatem
1199 2334 1332 2392 videlicet
1361 2332 1528 2405 bebenberg
1562 2332 1753 2400 nominatam,

70 2422 277 2479 istinsidiator
290 2423 455 2495 prevalere.
902 2440 968 2480 cum
996 2425 1130 2480 omnibus
1163 2424 1197 2480 ad
1233 2425 1307 2480 hanc
1334 2422 1551 2496 respicientibus
1581 2426 1609 2477 et
1630 2420 1754 2477 Nemkin

70 2552 72 2564 ι
98 2510 151 2566 llis
178 2509 271 2566 tribus
301 2510 428 2566 ecclesiis
468 2514 568 2582 postea
590 2527 643 2582 per
668 2511 846 2567 Gnnlhernm
904 2513 996 2568 Uralsa
1010 2513 1041 2568 iu
1055 2513 1194 2569 comitatu
1211 2511 1358 2568 bertholdi
1383 2510 1502 2568 Comitis
1528 2508 1667 2565 volckfelt
1678 2525 1754 2564 nun·

70 2601 124 2655 urm
148 2598 393 2669 babenbergensis
418 2598 493 2655 edis
524 2604 660 2671 quartum
683 2601 846 2671 presulem,
902 2606 1018 2674 cupato,
1035 2601 1100 2669 sita,
1114 2605 1212 2656 nostre
1234 2599 1379 2672 imperiali
1400 2597 1528 2671 potentia
1550 2596 1581 2652 in
1606 2602 1755 2669 perpetue

71 2686 295 2759 rReginoldum
323 2686 487 2757 quemdam,
517 2686 611 2741 virum
642 2686 780 2753 nobilem,
796 2687 843 2742 ad·
901 2705 986 2744 mum
1000 2687 1184 2760 proprietatis
1205 2686 1410 2754 concessimus,
1437 2685 1616 2757 firmiterque
1635 2683 1754 2740 donavi-

70 2782 110 2831 cat
124 2780 228 2846 quarta
242 2775 360 2830 ecclesia
375 2776 430 2845 (to)
446 2775 476 2831 in
499 2775 609 2830 honore
624 2780 729 2830 sauctae
751 2775 846 2831 liarie
902 2792 966 2832 mua
991 2793 1057 2833 cum
1085 2777 1236 2849 utriusque
1260 2791 1344 2832 sextu
1376 2773 1539 2846 mancipiis,
1566 2772 1754 2839 edificiisec·

70 2862 93 2919 is
122 2860 238 2918 Domini
255 2878 262 2917 :
278 2867 307 2917 et
330 2861 421 2918 sancti
448 2862 580 2933 Gangolli
607 2861 740 2935 martyris
768 2867 848 2919 extra
900 2867 1005 2934 clesiis,
1034 2867 1118 2921 terris
1144 2865 1229 2921 cultis
1258 2869 1286 2920 et
1308 2863 1435 2931 incultis,
1463 2866 1493 2919 et
1528 2877 1594 2917 cum
1620 2861 1754 2917 omnibus

70 2967 92 3007 n
129 2966 229 3006 esrem
267 2950 412 3011 Orientem
439 2950 470 3005 in
503 2952 565 3006 loco
591 2952 755 3007 Teuvarstat
794 2951 846 3007 sub
863 2957 884 3012 c
899 2954 976 3024 jure,
992 2954 1180 3026 legaliterque
1194 2953 1375 3024 edhecjam
1389 2951 1465 3007 dicte
1482 2950 1592 3024 predia
1606 2948 1753 3021 pertinan-

70 3056 93 3096 ιο
119 3044 151 3095 et
178 3038 357 3111 possessione
396 3038 542 3094 canonica.
584 3039 713 3110 lienique
751 3044 847 3096 sextus
901 3043 988 3108 libus,
1004 3057 1038 3096 eo
1053 3047 1162 3108 tenore,
1178 3046 1210 3096 at
1235 3041 1326 3097 libero
1351 3040 1414 3110 ipse
1433 3039 1570 3109 deinceps
1589 3037 1753 3110 perfruatur

70 3143 122 3185 ens
145 3127 220 3182 sedis
234 3127 389 3199 Episcopus
405 3127 596 3183 herimannus
619 3132 720 3183 contra
744 3127 847 3184 urbem
900 3130 1031 3198 arbitrio,
1051 3130 1112 3186 hec
1137 3130 1265 3197 tenendi,
1290 3126 1498 3192 commutandi,
1522 3125 1620 3195 dandi,
1634 3125 1754 3198 posteris

70 3215 285 3273 succidentem
313 3214 344 3271 in
371 3216 481 3271 bonore
508 3216 537 3272 S.
565 3215 663 3271 Jacobi
677 3215 805 3287 Apostoli
818 3220 849 3272 et
900 3219 1091 3292 relinquendi,
1108 3235 1158 3274 sea
1178 3217 1319 3292 quidquid
1335 3216 1391 3272 sibi
1419 3216 1537 3271 libuerit
1550 3215 1617 3271 inde
1630 3213 1752 3270 faciendi

70 3302 200 3367 'ebodaeh
226 3303 375 3359 ecclesiam
390 3305 443 3360 sub
471 3304 571 3360 ordine
595 3304 734 3359 canonico
749 3304 847 3359 inilia·
900 3314 973 3366 etot
1001 3313 1177 3381 preceptum
1206 3307 1337 3363 stabilius
1376 3305 1546 3377 tirmiusque
1574 3307 1751 3377 permaneat,

70 3391 229 3459 lancOtto,
257 3391 376 3447 humilia
404 3397 514 3448 amator
541 3408 703 3464 pauperum
731 3393 845 3464 Christi,
899 3397 973 3454 banc
986 3398 1117 3453 chartam
1144 3395 1261 3452 inscribi
1284 3394 1435 3466 jussimus,
1462 3394 1626 3464 annuloque
1649 3390 1753 3463 sigilla·

72 3497 109 3537 ns
128 3480 259 3551 ejusdem
280 3480 354 3536 sedis
368 3480 528 3553 episcopus,
554 3486 728 3554 cooperante
757 3483 844 3538 liber·
899 3492 957 3542 tsm
973 3485 1091 3559 propria
1115 3499 1204 3539 manu
1227 3488 1325 3538 nostra
1339 3482 1547 3538 roboravimus.
1574 3482 1652 3536 Data.
1667 3480 1752 3534 vlia-

70 3586 83 3627 o
120 3567 288 3642 preposito,
332 3570 544 3625 consummavit
582 3574 611 3626 et
633 3570 786 3635 dedicavit,
814 3589 847 3627 ac
898 3573 1059 3631 lond-iulii
1074 3573 1206 3638 indicti,
1223 3571 1396 3643 annoregni
1427 3570 1549 3626 Domino
1568 3569 1751 3638 ollonisxu,

70 3673 113 3715 tm
127 3657 321 3730 ordinemque
344 3659 403 3714 sllic
432 3660 489 3714 lieo
512 3658 699 3715 servientium
715 3660 847 3715 decenter
899 3662 1017 3735 imperii
1028 3666 1125 3718 auem
1136 3678 1183 3717 ιιι.

70 3744 143 3803 suit.
170 3744 216 3800 Sic
254 3745 331 3800 locus
375 3745 620 3817 babenbergensis
661 3746 788 3803 ecclesiis
815 3747 845 3803 in
1247 3765 1361 3822 gppffl·
1380 3765 1416 3820 ῃ,

70 3832 160 3891 riaiis
174 3833 343 3889 Sanctorum
356 3833 388 3890 in
415 3835 502 3892 modo
523 3835 620 3892 Crucis
643 3835 771 3909 undique
786 3851 846 3892 mu·
898 3856 1034 3914 pamm-0
1076 3855 1192 3911 ,xpm
1234 3853 1449 3921 mmm,
1486 3850 1585 3920 ‘Mt'
1627 3850 1667 3905 aa
1693 3866 1752 3906 w„

70 3921 209 3990 ,christo
226 3921 293 3977 lesu
318 3922 454 3979 crucifixo
479 3922 692 3994 quotidianam,
719 3928 748 3979 et
760 3923 845 3980 seda·
934 3930 1095 3997 spectantes,
1124 3925 1236 3994 ejusque
1253 3938 1283 3978 *c
1318 3938 1421 3979 summo
1445 3923 1572 3991 Pontinos
1611 3920 1751 3991 approbo-

70 4009 195 4067 seiabrat
219 4009 346 4066 oiiicium
369 4016 397 4066 et
425 4011 573 4067 servitium
600 4028 652 4084 pro
685 4011 780 4084 primo
793 4029 845 4068 suo
934 4001 982 4054 ¹5⁰·

70 4102 146 4155 store
171 4098 304 4154 heinrico
325 4099 462 4166 mondo,
505 4101 679 4172 imperatore
706 4100 845 4172 piissimo,
936 4107 979 4160 tt.
1002 4107 1084 4161 dano
1099 4101 1188 4172 igitur
1201 4100 1238 4157 ab
1266 4097 1465 4156 incarnatione
1480 4096 1594 4154 Domini
1619 4112 1679 4153 ιιιιι
1706 4095 1747 4168 (et

70 4202 113 4260 μ
138 4187 376 4259 cooperatoribus
403 4192 432 4244 at
460 4189 671 4245 successoribus
698 4190 740 4244 sel
769 4205 840 4261 ang·
900 4193 1005 4250 ludict.
1025 4208 1050 4248 ι.
1068 4208 1097 4246 ιιι
1112 4190 1233 4247 Kalend.
1248 4185 1663 4259 Novembrismagnasynodus
1677 4184 1753 4257 Epis·

70 4275 203 4332 uteribus
231 4276 388 4332 omnibus:
418 4278 452 4333 Et
486 4282 517 4333 ut
543 4278 617 4333 inibi
655 4278 844 4334 militantibus
898 4297 1050 4354 coporunr,
1065 4279 1247 4350 aliorumque
1263 4279 1379 4334 Petrum
1401 4273 1753 4332 babitaestetcelebrata

70 4363 119 4421 ino
132 4365 227 4436 major
240 4365 441 4437 tranquillitas,
452 4372 481 4422 et
495 4367 645 4433 securitas,
660 4372 690 4422 et
712 4382 845 4422 reveren·
899 4371 929 4426 in
944 4369 1011 4424 silla
1038 4367 1118 4438 regia
1141 4367 1351 4424 Franchenlnrt
1380 4363 1524 4420 mediante
1553 4363 1631 4434 liege
1645 4377 1751 4434 magno

70 4450 322 4525 isupplieandum
336 4455 396 4510 Deo
412 4460 584 4526 perseveret,
601 4454 746 4526 predicte
759 4454 845 4527 quin·
900 4464 929 4514 et
954 4457 1072 4530 pacifico
1100 4456 1243 4522 lieinrico,
1271 4471 1346 4511 anno
1361 4453 1445 4524 regni
1464 4452 1509 4508 sai
1524 4468 1576 4507 ιιι.
1597 4451 1668 4507 Nam
1682 4451 1751 4506 dum

70 4541 197 4599 nsloeie
222 4541 262 4597 sic
286 4546 355 4597 sunt
372 4543 482 4611 locate,
499 4548 529 4598 ut
543 4545 603 4600 lere
616 4542 657 4618 ab¹
675 4543 756 4599 omni
771 4549 846 4598 stre-
900 4548 977 4603 idern
1004 4548 1064 4603 Deo
1085 4546 1204 4601 devotus
1231 4545 1291 4600 ilex
1309 4544 1367 4599 alta
1394 4541 1497 4598 monus
1522 4538 1752 4596 consideratione

70 4634 101 4687 at
131 4629 260 4685 tumultu
282 4631 391 4687 forensi
414 4648 447 4687 ac
471 4632 604 4704 populari
629 4632 687 4687 sint
705 4631 845 4687 decentis·
900 4651 996 4691 secum
1010 4635 1147 4701 volveret,
1172 4632 1204 4688 in
1231 4647 1289 4704 quo
1317 4630 1499 4703 potissimum
1521 4643 1608 4700 opere
1632 4625 1682 4682 liei
1695 4625 1752 4680 mi·

75 4723 251 4789 Ψὸθῖθ·
901 4723 1085 4780 sericordium
1110 4721 1166 4778 sibi
1187 4721 1298 4777 lucilius
1329 4719 1505 4782 conciliaret,
1540 4721 1570 4773 et
1605 4731 1638 4771 es
1660 4713 1752 4770 divini

70 4807 130 4863 .th
165 4811 261 4861 antem
298 4806 409 4863 cunctis
439 4806 578 4881 liquidius
619 4806 754 4862 enitescat
790 4822 848 4878 qua
902 4803 1039 4868 instinctu
1061 4809 1174 4866 comitii
1198 4808 1357 4880 inspiratus
1371 4806 1522 4878 disposuit,
1542 4809 1575 4860 ut
1593 4799 1751 4858 ileumsibi
1863 4806 1865 4811 '

70 4894 396 4952 entissirbeatissimus
419 4897 539 4952 novelle
558 4913 618 4952 ense
633 4896 756 4951 ecclesie
772 4895 849 4951 bone
900 4901 1038 4957 heredem
1066 4899 1196 4970 eligeret,
1224 4903 1253 4953 et
1282 4894 1486 4962 conscriberet,
1501 4899 1530 4949 et
1553 4891 1751 4962 episcopatum

70 5015 73 5035 .
99 4987 130 5039 et
157 4983 374 5055 tranquillitatis
394 4984 482 5041 etiam
508 5000 560 5055 per
583 4984 764 5039 succedentia
779 4989 849 5039 tem·
903 4986 1178 5057 babenbergensem,
1217 4988 1250 5039 ut
1284 4982 1480 5055 prescriptum
1515 4982 1568 5042 est,
1604 4991 1639 5030 ex
1664 4973 1752 5028 rebus

76 5071 249 5146 providerit,
268 5072 380 5144 aliquas
393 5073 440 5129 hic
465 5079 523 5129 lam
542 5073 744 5145 Episcoporum
761 5087 849 5145 quam
902 5074 1082 5133 hereditariis
1103 5078 1290 5139 construeret,
1319 5076 1403 5127 utet
1430 5066 1614 5142 paganismus
1637 5062 1751 5120 Sclaro·

70 5182 189 5250 liveris
209 5182 327 5238 domme
353 5182 515 5253 significata
543 5182 633 5238 hebes
646 5181 677 5237 in
691 5181 847 5254 glossariis,
939 5181 992 5252 (50)
1009 5180 1142 5236 Pluribus
1156 5179 1283 5236 ostendit
1297 5179 1456 5242 Gretserus,
1466 5173 1609 5254 diploma·
1619 5185 1680 5225 csse
1699 5170 1750 5251 Οἱς

70 5253 183 5309 ιιιιιωι
196 5269 249 5324 pro
261 5252 369 5308 ditione
380 5270 432 5309 serr
446 5253 635 5325 possessione.
904 5252 979 5308 tonia
999 5252 1035 5319 ii,
1046 5251 1080 5306 de
1117 5266 1153 5305 uo
1174 5254 1202 5305 et
1223 5265 1274 5304 nos
1289 5250 1318 5303 in
1336 5249 1548 5303 Commentario
1565 5257 1688 5307 egimus,
1701 5240 1751 5296 ubi

70 5323 89 5393 t)
104 5324 146 5379 tte
161 5324 215 5379 boc
239 5323 368 5380 cenobio
382 5331 477 5381 actum
492 5330 535 5380 est
554 5324 591 5380 ad
605 5326 675 5379 Acta
688 5323 718 5379 S.
739 5322 849 5381 0ttonis
904 5324 991 5381 etiam
1005 5267 1133 5404 detituqo
1148 5319 1375 5403 nepotisdictnm
1402 5322 1456 5398 est,
1496 5329 1562 5371 uam
1574 5313 1640 5371 Otto
1658 5312 1752 5383 impe·

73 5394 106 5450 ἢ·
904 5392 1094 5450 ratortrrburt
1116 5391 1239 5464 petrueb
1253 5407 1305 5445 suo
1330 5391 1450 5444 ilenrico

84 5466 153 5523 lieo
176 5465 275 5520 omnia
292 5466 328 5520 sd
353 5465 444 5521 Vitam
469 5466 497 5521 S.
525 5464 639 5521 henrici
667 5465 849 5521 nullomodo
905 5465 941 5521 tri
961 5465 989 5521 S.
1007 5464 1130 5520 ilenrici.
1638 5525 1643 5535 ,

73 5541 153 5592 ΜΝ·
941 5534 997 5606 (et)
1008 5535 1088 5621 Errat
1101 5532 1254 5604 imperitus
1267 5529 1399 5601 scriptor,
1414 5530 1445 5585 at
1456 5524 1669 5592 resconiundrt,
1680 5537 1752 5596 quas

1494 5385 1539 5442 uci
1554 5383 1692 5453 bavarie,
1702 5398 1750 5453 pa·
