3878 6112
138 203 186 258 til

787 207 813 260 8.
838 205 982 262 llllNlllCl
1001 204 1240 262 terentiolus
1842 212 1888 264 rte
1910 160 1917 165 ·

135 332 260 402 poterat,
276 325 458 384 constrinxit.
478 325 643 383 aulicorum
677 327 853 383 famulorum
878 342 982 382 nume·
999 328 1022 382 a
1040 325 1148 380 dealem
1165 326 1315 381 eeclesiam
1338 331 1510 398 spectantes,
1533 344 1610 385 auree
1625 330 1775 400 captandae
1792 345 1889 393 censa,

136 435 201 474 rum
221 418 256 473 el
271 422 381 473 tautam
408 416 518 489 redegit
545 418 729 488 paucitatem,
756 423 788 471 ut
811 417 855 471 vis
869 415 987 488 lmperii

138 506 277 579 Principis
298 506 468 576 dignitatem
495 507 570 560 tueri
604 506 756 561 videretur.
788 505 902 560 Festum
925 522 987 559 our·

137 613 204 652 nem
220 601 249 650 et
262 611 399 666 pompam
424 594 587 666 respuebat,
612 599 641 649 ct
669 593 814 648 victitabat
831 598 910 648 tauta
923 594 986 648 tru-

138 687 265 759 galitate,
280 684 415 755 privatim
431 683 574 755 praecipue
589 700 654 738 curn
682 684 835 754 pranderet
867 689 917 739 aut
930 701 986 740 coe·

139 778 232 843 naret,
262 773 426 842 ut,<tribus
453 772 649 826 adsummnm
680 773 795 827 ferculis
823 773 988 844 vulgaribus

141 865 305 929 contentus,
329 860 495 929 religiosum
534 859 632 929 potius
665 859 695 914 in
732 861 864 927 clanstro,
899 876 986 932 quam

142 951 313 1021 Episcopum
329 954 358 1003 et
378 947 539 1018 Principem
569 948 597 1001 in
620 948 728 1018 palatio
759 953 986 1019 repraesentaret.

176 1040 253 1090 tte
280 1037 402 1090 licentra
426 1035 475 1089 ubi
501 1035 615 1089 divinus
630 1038 733 1100 cultus,
751 1042 801 1091 aut
825 1036 988 1090 animarum

140 1124 268 1192 reductio
283 1123 429 1193 agebatur,
445 1125 542 1194 luullis
569 1127 704 1195 parcebat
727 1125 873 1196 impensis.
894 1125 939 1180 Sic
953 1125 988 1179 ed

142 1213 324 1267 excitandum
339 1218 368 1266 et
393 1213 619 1283 promovendum
634 1214 670 1282 {iu
691 1214 842 1285 juveutute
857 1213 988 1268 ardorem

141 1300 321 1356 addiscendae
348 1301 487 1356 doctrinae
515 1302 693 1366 Christiana,
729 1301 759 1354 in
780 1301 840 1354 sola
881 1317 988 1354 munu-

142 1391 220 1445 scula
253 1391 435 1453 cutccbotica,
464 1390 570 1444 scilicet
597 1389 802 1444 catechismum
819 1387 932 1456 Canisii,
961 1394 990 1443 et

142 1477 270 1546 ejusdem
294 1476 407 1532 libellos
422 1479 457 1533 de
473 1479 682 1548 preparatione
696 1479 727 1531 ad
740 1478 945 1531 contessionem
961 1481 991 1530 et

143 1564 389 1625 cummunionem,
404 1566 603 1634 precationum
616 1563 766 1631 ferurulae,
787 1565 905 1629 rosaria,
917 1564 988 1618 iura-

144 1651 225 1723 ginas
240 1658 269 1707 et
283 1653 338 1706 alia
360 1651 503 1724 ejusmodi
526 1651 679 1706 coemenda
695 1654 842 1722 ingentem
858 1653 989 1724 pecuniae

146 1741 203 1796 rim
214 1758 246 1797 ex
257 1742 372 1813 proprio
387 1743 498 1813 peculio
508 1741 646 1813 proludit.
672 1741 740 1796 Sum
756 1742 885 1796 oculatus
899 1741 991 1807 testis,

146 1833 204 1887 imo
219 1831 538 1901 etcooperatorerstiti,
553 1830 669 1901 quando
685 1845 742 1884 una
762 1830 822 1884 rice
837 1829 892 1884 tria
907 1831 991 1884 llere·

146 1937 249 1985 uorum
265 1919 355 1974 millia
368 1920 396 1972 in
412 1921 488 1974 hunc
503 1920 590 1973 linem
607 1923 765 1987 Augustam
781 1918 944 1983 destinavit,
962 1924 993 1973 nt

145 2007 221 2061 aliud
247 2007 317 2061 nibil
334 2023 421 2078 quam
436 2024 516 2061 sacra
530 2007 672 2078 ejusmodi
690 2011 825 2072 amuleta,
840 2013 869 2061 at
887 2007 992 2061 excita·

145 2095 218 2149 toria
244 2111 401 2165 puerorum
437 2097 617 2166 apophoreta
649 2101 894 2165 compararentur.
923 2096 992 2159 Qum

145 2199 209 2237 cum
223 2184 410 2253 appulissent,
426 2185 522 2238 omnia
535 2183 610 2238 iutra
624 2184 710 2239 unius
725 2185 911 2238 hebdomadae
926 2201 992 2254 spa·

146 2271 229 2337 tium,
244 2287 295 2342 par
311 2288 412 2327 omnes
427 2272 514 2343 hujus
529 2273 655 2326 ecclesiia
671 2273 829 2342 parochias,
855 2271 992 2327 admoni-

144 2346 225 2422 toriis
240 2360 383 2431 adjunctis
397 2360 509 2428 litteris,
525 2360 723 2415 liberalissime
742 2360 885 2430 dispersit.

181 2452 224 2504 38.
243 2471 257 2498 e
283 2449 347 2504 Non
370 2450 518 2504 daerente
537 2449 668 2520 pecuniae
694 2448 926 2514 foeneratoribus,
942 2447 993 2520 qui

145 2536 345 2607 oggannirent,
374 2537 541 2593 immodicas
568 2536 691 2591 nimium
705 2553 843 2607 expensas
858 2536 888 2590 in
904 2536 993 2592 rclor·

77 2671 79 2675 ,
146 2627 305 2681 mationem
321 2627 474 2682 dioeceseos
488 2626 614 2697 erogari,
630 2625 756 2698 quando,
772 2641 837 2679 cum
863 2629 993 2697 tempore

1042 421 1155 486 apertas
1173 415 1297 470 babens.
1330 416 1457 488 Contigit
1479 415 1555 472 inter
1578 419 1730 488 legendnm
1748 425 1779 474 nt
1794 420 1891 476 adrer-

1041 519 1105 558 sum
1121 504 1293 575 campanile,
1305 504 1354 559 nbi
1369 505 1537 574 grandiores
1551 506 1578 561 S.
1603 507 1727 562 lleiorici
1742 512 1771 562 et
1785 509 1814 564 8.
1832 510 1889 564 Cu·

1041 593 1184 662 negandis
1214 609 1362 663 campanae
1388 593 1525 663 pendent,
1556 596 1741 667 perspiceret,
1779 597 1889 669 ibique,

1042 680 1240 750 superioribus
1269 699 1283 733 a
1310 682 1451 747 terrestris,
1481 683 1510 737 S.
1542 683 1705 740 lleinriciet
1733 684 1761 740 S.
1795 687 1885 739 Cnue·

1041 768 1147 837 gurdis
1162 767 1304 840 imperiali
1330 773 1428 823 licitiae
1457 775 1542 842 atque
1565 786 1680 838 corona,
1701 771 1746 826 uti
1759 772 1889 844 pingun-

1040 862 1099 926 tur,
1123 858 1275 912 simulucra
1303 858 1443 914 immensa
1470 860 1532 913 luce
1561 859 1749 923 coruscantia,
1780 865 1889 916 etsen-

1042 950 1117 999 ctum
1136 945 1252 1017 quidem
1268 947 1431 1003 lleioricnm
1460 963 1550 1002 manu
1564 947 1618 1004 sibi
1637 954 1816 1004 annuentem
1830 966 1892 1006 ccr-

1042 1040 1131 1088 naret.

1077 1121 1321 1177 40.«vts10isra
1349 1122 1500 1178 horrorem
1530 1123 1625 1195 primo
1653 1123 1773 1180 incussit
1802 1127 1892 1181 maxi·

1043 1226 1139 1276 mum,
1161 1227 1247 1280 quem
1264 1217 1370 1278 lernen,
1399 1212 1448 1267 ubi
1461 1229 1491 1266 se
1515 1214 1665 1282 paululum
1681 1215 1841 1285 collegisset
1863 1221 1892 1270 et

1043 1300 1148 1353 salictis
1162 1300 1219 1354 illis
1243 1301 1372 1355 Patronis
1386 1301 1518 1355 obnixius
1531 1302 1772 1368 commendasset,
1791 1320 1889 1376 euper-

1044 1389 1162 1442 veniens
1177 1389 1299 1443 interius
1319 1389 1423 1443 mentis
1447 1391 1537 1445 allusu
1554 1391 1710 1445 consolatio
1724 1391 1788 1446 siue
1811 1409 1891 1448 mora

1043 1478 1153 1548 expulit
1165 1485 1194 1532 et
1205 1478 1348 1532 abstersit.
1380 1477 1414 1532 Ut
1426 1480 1522 1531 eutem
1543 1478 1584 1532 rei
1600 1477 1748 1531 veritatem
1776 1475 1889 1547 penitus

1045 1566 1194 1638 indagaret
1209 1583 1241 1621 ac
1265 1567 1371 1621 certius
1386 1571 1580 1636 cognosceret,
1608 1581 1665 1620 oua
1690 1581 1757 1620 cum
1785 1565 1889 1620 aedituo

1047 1654 1255 1709 cubicularium
1273 1670 1374 1724 norim,
1402 1660 1466 1725 post
1490 1654 1613 1709 alterum
1641 1670 1674 1708 eo
1691 1653 1836 1720 submisit,
1860 1657 1892 1706 ut

1047 1743 1182 1814 quisnam
1196 1743 1225 1797 in
1247 1744 1320 1798 turri
1346 1749 1420 1797 esset
1434 1748 1463 1799 et
1486 1743 1540 1814 ipsi
1554 1747 1768 1815 cognoscerent.
1798 1744 1834 1797 At
1851 1741 1892 1796 illi

1047 1831 1163 1903 quidem
1180 1831 1325 1887 neminem
1341 1832 1456 1902 penitus
1470 1831 1546 1888 ibise
1561 1831 1663 1886 vidisse
1678 1831 1890 1895 renuntiarant,

1046 1936 1113 1975 cum
1140 1919 1238 1974 omnia
1267 1921 1503 1991 perlustrasseot;
1532 1919 1602 1974 visio
1626 1924 1724 1974 tamen
1752 1919 1804 1974 illa
1826 1935 1892 1991 per-

1048 2009 1164 2076 mansit,
1181 2009 1235 2064 illis
1251 2010 1452 2081 praesentibus,
1474 2008 1584 2064 tametsi
1601 2009 1673 2063 nihil
1688 2007 1802 2080 uspiam
1818 2023 1893 2079 pree-

1047 2101 1091 2152 ter
1116 2098 1265 2152 horrorem
1292 2097 1445 2168 quemdam
1470 2097 1618 2151 insolitum
1644 2096 1892 2166 persentiscerent,

1047 2202 1100 2240 nec
1112 2186 1179 2256 quid
1196 2186 1251 2240 sibi
1266 2187 1416 2257 episcopus
1444 2186 1538 2252 uellet,
1559 2185 1763 2256 intelligerent.
1778 2185 1811 2240 Et
1826 2200 1890 2238 curn

1048 2291 1078 2329 se
1091 2275 1177 2329 tertio
1188 2274 1359 2329 ostendisset
1373 2275 1473 2329 eadem
1486 2274 1642 2345 apparitio,
1668 2273 1784 2328 taudem
1800 2272 1891 2327 omni-

1049 2379 1086 2418 no
1102 2362 1254 2433 disparuit.
1270 2363 1397 2435 tlontigit
1408 2363 1518 2435 vesperi
1534 2367 1563 2416 ut
1577 2378 1643 2416 cum
1657 2361 1730 2434 ipso,
1751 2362 1787 2416 de
1803 2377 1892 2426 more,

1049 2467 1100 2521 per
1130 2452 1247 2506 hortum
1275 2451 1461 2516 ambulando,
1487 2451 1641 2506 matutinas
1672 2467 1737 2504 cnm
1762 2449 1894 2505 laudibus

1048 2554 1147 2612 preces
1170 2545 1235 2592 aute
1262 2554 1372 2593 emnam
1397 2541 1603 2610 persolverenu
1620 2538 1725 2610 quibus
1744 2538 1780 2593 ad
1806 2538 1894 2592 tinem

1048 2624 1185 2690 decursis,
1198 2625 1291 2679 verbis
1307 2626 1383 2679 hisce
1412 2642 1456 2680 me
1471 2626 1611 2680 allocutus
1627 2631 1670 2679 est
1693 2641 1700 2678 :
1716 2625 1844 2689 Orraestio
1856 2629 1896 2678 est

147 2713 239 2784 magis
261 2719 434 2786 opportuno,
450 2715 548 2769 omnia
565 2714 675 2769 minore
690 2719 807 2784 sumptu
821 2712 994 2783 perlicieuda
1048 2714 1083 2768 ad
1097 2719 1136 2777 te,
1152 2713 1253 2767 doctor
1269 2714 1411 2767 l'orncra:
1429 2714 1452 2767 si
1466 2714 1561 2768 Sancti
1576 2713 1700 2784 cuipiam
1724 2718 1894 2785 appareant,

147 2803 291 2870 ireoirent3
320 2803 426 2874 quibus
440 2802 488 2857 ille
503 2802 583 2858 dedit
600 2817 772 2874 responsum
787 2801 918 2873 Principe
947 2818 992 2856 ec·
1048 2802 1219 2857 etmanibus
1235 2801 1316 2873 quasi
1330 2802 1486 2857 anoriendo
1498 2803 1573 2857 adse
1589 2808 1700 2866 vocent,
1712 2802 1785 2874 quid
1805 2802 1894 2873 sigui·

147 2882 288 2945 clesiaticn
306 2891 450 2964 dignum:
475 2911 493 2947 a
516 2892 646 2947 Ecclesire
669 2892 832 2946 merebona
850 2897 996 2960 tempora·
1013 2892 1033 2945 C
1053 2892 1137 2945 licere
1161 2890 1486 2962 existimaleptimum
1514 2907 1610 2960 omen,
1627 2891 1806 2962 inquiebam,
1837 2907 1894 2946 esse

148 2995 165 3029 c
182 2979 230 3046 lia,
255 2979 414 3051 inquiebat,
435 2979 534 3034 utilius
553 2996 712 3050 numquam
739 2979 993 3048 dispensabuntur,
1048 2979 1149 3033 duco:
1177 2978 1292 3050 siguum
1320 2985 1361 3034 est
1390 2979 1506 3034 Sanctus
1524 2995 1601 3045 eum,
1632 2996 1718 3051 quem
1738 2984 1852 3042 vocant,
1869 2979 1896 3034 iu

150 3090 161 3117 ι
183 3068 316 3140 quamsi
339 3069 376 3123 ad
399 3067 599 3138 ampliandam
618 3068 669 3122 liei
693 3066 993 3136 gloriam,ctanima-
1048 3083 1132 3121 suum
1148 3067 1322 3120 consortium
1337 3067 1416 3123 brevi
1435 3068 1630 3139 adoptaturos.
1659 3070 1692 3124 Et
1719 3068 1747 3122 id
1763 3069 1897 3138 colligere

149 3173 247 3212 «rum
270 3158 393 3212 salutern
416 3156 643 3228 promovendam
669 3163 755 3226 atque
773 3154 992 3226 propagandam
1049 3160 1092 3208 est
1111 3170 1144 3208 ex
1169 3153 1253 3208 rariis
1268 3154 1498 3225 apparitionibus
1512 3156 1692 3221 Sanctorum,
1716 3172 1787 3228 quas
1814 3156 1897 3210 refert

149 3267 163 3294 a
183 3246 376 3300 insumantur.
397 3246 488 3310 Quam
510 3244 587 3300 enirn
603 3244 692 3299 alium
708 3243 738 3298 in
754 3244 842 3297 linem
858 3244 886 3298 S.
904 3244 992 3298 llein-
1048 3243 1076 3298 S.
1092 3242 1245 3313 Gregorius
1262 3243 1379 3313 llagnus
1391 3244 1421 3298 in
1438 3244 1516 3298 libris
1538 3244 1735 3315 Dialogorum.
1758 3243 1803 3299 Sic
1820 3244 1895 3299 llrsi·

149 3357 160 3384 a
183 3334 260 3388 ricus
295 3335 443 3388 ecclesiam
472 3349 553 3387 stram
574 3337 723 3404 tantopere
748 3331 950 3402 locupletavit?
980 3353 991 3381 ι
1049 3349 1087 3386 no
1109 3332 1276 3403 presbytero
1300 3339 1498 3404 apparuerunt
1525 3332 1571 3389 88.
1600 3333 1728 3404 Apostoli
1742 3334 1845 3388 l’etrus
1870 3337 1897 3386 et

149 3421 286 3477 Pastorali
311 3421 365 3477 hac
389 3420 538 3494 vigilantia
554 3426 583 3475 et
597 3419 779 3487 liberalitate,
801 3435 922 3473 necnon
948 3419 993 3473 la·
1050 3422 1162 3483 Paulus,
1180 3426 1289 3475 etcum
1304 3421 1648 3476 adcoelestiaerocarnnt
1707 3466 1709 3470 ,

150 3512 251 3566 borum
266 3516 294 3564 et
308 3509 570 3564 contradictionum
584 3509 691 3564 invicta
705 3508 869 3577 tolerantia,
891 3508 994 3562 lauda-
1083 3510 1158 3564 tt«
1186 3509 1231 3564 Sic
1255 3509 1348 3564 Probo
1377 3510 1512 3581 episeopo
1542 3508 1706 3565 Reatinos.
1737 3508 1896 3576 luvenalis,

149 3598 274 3654 tissimus
287 3598 334 3654 hic
347 3599 453 3653 Praesul
476 3603 590 3653 tautum
606 3597 710 3663 etlecit,
725 3601 758 3651 ut
785 3596 861 3651 intra
876 3600 993 3666 septen·
1049 3598 1076 3653 S.
1094 3597 1272 3652 Eleutberius
1286 3598 1422 3669 tlartyres
1436 3598 1533 3652 obitus
1546 3597 1624 3653 diem
1652 3597 1896 3669 praenuutiarunt.

148 3688 239 3756 nium,
268 3688 401 3743 haeretica
430 3688 489 3741 lues
510 3704 542 3742 er
573 3692 632 3741 tota
656 3684 877 3740 lermedioecesi
910 3683 996 3738 luerit
1049 3686 1093 3741 Sic
1107 3684 1256 3758 Arnulpliu
1270 3685 1469 3741 suessionensi
1491 3686 1627 3755 episcopo
1642 3686 1670 3741 S.
1701 3686 1820 3742 Michael
1847 3691 1897 3742 Ar·

149 3777 309 3849 prolligata,
323 3782 352 3831 et
365 3776 523 3831 orthodoxa
543 3775 614 3830 tides
629 3775 659 3829 in
674 3791 737 3828 earn
760 3774 891 3839 reducta;
913 3777 942 3827 et
955 3772 995 3826 sic
1050 3774 1206 3844 changelus
1220 3773 1315 3829 obitus
1331 3775 1407 3830 diem
1436 3775 1577 3845 praedixit.
1593 3774 1638 3830 Sic
1662 3774 1897 3841 Aradium,rele·

149 3866 238 3921 molta
261 3865 352 3920 millia
384 3864 535 3919 bominum
573 3879 631 3919 non
657 3865 748 3917 solum
795 3869 863 3918 tunc
900 3861 995 3915 vireu·
1050 3867 1130 3918 rento
1150 3863 1180 3918 S.
1207 3862 1345 3932 Gregorio
1377 3863 1546 3929 Turonensi,
1573 3862 1601 3918 S.
1631 3862 1769 3916 llartinus
1797 3862 1899 3917 etalii

147 3954 230 4018 tium,
249 3954 296 4008 sed
323 3953 410 4009 etiam
437 3956 626 4025 posterorum,
647 3951 682 4006 ab
708 3950 827 4006 interitu
852 3949 996 4004 uindicata
1051 3958 1220 4022 apparentes
1234 3951 1270 4006 ad
1286 3951 1391 4021 gaudia
1407 3952 1556 4006 beatorum
1571 3950 1740 4005 invitarunt.
1764 3952 1813 4006 Hae
1828 3958 1899 4006 tnnc

148 4044 215 4097 sint.
1050 4040 1188 4110 temporis
1209 4040 1336 4094 historiae
1364 4039 1433 4095 mihi
1462 4040 1659 4095 occurrebant.
1682 4039 1725 4094 ad
1742 4055 1809 4111 quoe
1831 4039 1896 4095 ille:

184 4133 227 4185 39,
256 4149 270 4182 e
295 4130 349 4194 Qui
373 4129 505 4184 Proesrrlis
529 4130 607 4182 zelus
635 4143 721 4197 quam
747 4131 879 4197 acceptus
904 4124 994 4179 luerit
1051 4125 1136 4181 ltecte
1148 4127 1292 4198 judicasti.
1312 4129 1407 4182 Dicam
1430 4127 1483 4182 tibi
1497 4128 1567 4199 qnid
1592 4134 1659 4183 ente
1673 4129 1786 4200 aliquot
1805 4130 1898 4192 boras,

148 4220 175 4273 S.
212 4217 353 4282 lleinrico,
396 4223 425 4270 et
449 4216 524 4285 apud
562 4216 651 4269 lteram
694 4213 802 4283 meriti,
841 4213 936 4284 colligi
960 4229 994 4267 ex
1051 4214 1193 4270 hodierno
1222 4216 1381 4271 etiamnum
1408 4217 1462 4282 dia,
1490 4216 1562 4272 mibi
1581 4217 1754 4288 contigerit:
1777 4219 1812 4273 Et
1835 4234 1894 4274 reru

149 4322 183 4361 eo
211 4311 307 4375 potest
333 4305 410 4374 quod
440 4304 561 4358 coelestis
578 4303 785 4358 Paterfamilias
810 4302 898 4356 lldern
919 4303 995 4356 lrunc
1051 4319 1180 4371 omnem,
1198 4305 1239 4359 uti
1253 4304 1313 4374 jam
1330 4304 1536 4371 recensuimus,
1551 4321 1604 4375 per
1622 4307 1756 4360 ordinem
1771 4322 1897 4377 expone·

150 4395 180 4448 in
194 4394 277 4448 vinea
293 4393 407 4447 Domini
423 4392 599 4462 operarium,
615 4391 668 4445 sub
687 4392 752 4446 ritae
764 4406 924 4460 vesperam,
943 4406 995 4459 per
1050 4391 1107 4445 bat.
1123 4393 1155 4447 Et
1171 4391 1409 4463 interpretatione
1425 4393 1541 4448 visionis
1552 4393 1587 4447 de
1603 4393 1720 4447 instanti
1741 4399 1835 4449 morte
1849 4410 1899 4449 sue

150 4484 306 4554 ipsummet
329 4481 355 4537 S.
387 4483 604 4552 Imperatorem,
640 4480 759 4550 ejusque
787 4479 994 4533 sanctissimam
1050 4481 1210 4535 luculenter
1238 4481 1388 4552 explicata,
1409 4484 1525 4538 tandem
1550 4482 1673 4553 ipsemet
1691 4481 1897 4554 subjungebat:

149 4571 312 4642 conjugem,
332 4571 367 4624 ad
384 4571 544 4624 mercedem
564 4567 900 4639 oeternamtamegr··gii
917 4568 995 4622 labo·
1051 4569 1141 4625 Atidio
1155 4569 1280 4625 similem
1292 4571 1429 4625 visionem
1460 4570 1586 4625 oblatam
1612 4570 1786 4626 antecessori
1803 4586 1899 4642 quon·

82 4668 85 4674 ’
150 4660 189 4714 ris
205 4658 408 4729 recipiendam,
432 4659 526 4712 lavore
560 4656 786 4712 extraordinario
813 4671 913 4710 vocare
951 4655 995 4709 di·
1050 4658 1115 4714 dam
1145 4675 1219 4721 meo,
1245 4661 1382 4731 Wrgando
1419 4659 1556 4714 lledwitio
1587 4659 1653 4729 (luit
1691 4659 1715 4714 is
1743 4659 1901 4732 Episcopus

150 4751 256 4818 gnatus
278 4745 374 4800 luerit.
405 4747 475 4801 Rem
508 4745 591 4800 istam
615 4743 831 4799 memorabilem
853 4743 995 4798 Fornerus
1053 4747 1269 4819 dambergensis
1305 4747 1551 4818 quadragesimus,
1596 4763 1631 4800 eo
1673 4753 1807 4817 tempore
1842 4763 1900 4818 quo

51 4847 64 4899 ‚¹
149 4851 216 4907 pag.
250 4837 310 4901 lto,
338 4834 430 4889 verbis
449 4834 634 4905 sequentibus
648 4832 756 4888 refert:
784 4833 856 4888 Rem
876 4847 994 4902 prorsus
1051 4836 1174 4890 haereses
1188 4842 1279 4891 totam
1295 4835 1475 4891 Germaniam
1492 4835 1781 4908 populabantor3qni
1793 4835 1900 4890 Lntlie·

149 4923 333 4994 stupendam,
349 4922 452 4994 inquit,
471 4921 642 4976 virissimam
653 4925 749 4976 tamen
760 4920 842 4975 robis
855 4920 993 4986 releram3
1052 4940 1083 4979 ro
1098 4929 1128 4979 et
1139 4924 1335 4994 ejusasseclis,
1347 4924 1370 4977 si
1383 4923 1446 4994 quis
1464 4923 1548 4990 alius,
1567 4923 1767 4979 strenuissime
1783 4925 1900 4992 restitit,

150 5012 225 5068 unde
249 5011 371 5084 liquebit
405 5010 469 5082 quis
498 5010 525 5065 ci
564 5010 764 5065 imminentem
793 5024 827 5063 ex
865 5009 917 5063 bac
938 5010 996 5064 rita
1051 5017 1079 5066 et
1094 5012 1156 5084 ejus
1168 5013 1312 5084 paradoxa
1326 5012 1497 5066 ebecclesire
1513 5012 1600 5082 hujus
1619 5010 1902 5083 orili,qnibuseom-

150 5100 303 5155 transitum
331 5098 512 5154 vaticinando
540 5097 716 5170 signillcarit.
743 5101 825 5151 duno
865 5113 995 5167 unicurt,
1050 5106 1242 5171 quapoterat,
1272 5100 1406 5155 remediis
1436 5100 1624 5170 profligavit).
1641 5102 1668 5154 ls
1693 5117 1781 5170 porro
1799 5101 1902 5156 codem

151 5189 201 5262 qni
226 5189 254 5243 ei
281 5189 374 5244 letalis
400 5188 463 5254 luit,
488 5203 565 5254 cnm,
594 5186 624 5241 in
648 5184 798 5241 testivitate
824 5187 851 5242 8.
873 5185 996 5241 lleiurici
1051 5187 1422 5243 aonoeririseesedesiit.
1451 5188 1573 5251 Videbis,
1602 5188 1761 5259 inquiebat,
1777 5188 1855 5244 idem
1871 5193 1899 5244 et

151 5277 346 5348 Imperatoris,
374 5293 458 5333 mane
485 5274 644 5347 pontiliceli
672 5275 728 5328 ritu
760 5273 847 5328 sacris
862 5281 998 5345 operatus
1052 5276 1318 5332 mihicrenturum.
1337 5278 1406 5331 Nam
1428 5276 1458 5331 in
1477 5275 1564 5348 hujus
1583 5277 1653 5331 enni
1675 5276 1836 5332 fidemnon
1853 5291 1902 5331 ero

151 5372 236 5434 esset,
266 5367 430 5438 apraedio
451 5365 540 5422 vitain
559 5364 688 5436 ejusdem
707 5362 814 5430 Sancti,
841 5362 941 5418 sedens
967 5364 997 5418 in
1052 5364 1273 5434 supervicturus.
1301 5365 1384 5430 Dixit,
1419 5369 1449 5420 ct
1486 5364 1573 5420 rerbo
1601 5365 1751 5436 respoudit
1777 5372 1898 5420 euentus

152 5456 355 5521 oratoriosuo,
382 5454 537 5521 lectitabat,
561 5455 699 5508 fenestrae
726 5470 741 5505 e
770 5451 996 5521 regionccatbe-
1052 5453 1218 5523 pauloaute
1237 5453 1694 5522 linemejusdcmauninirscrru.
1750 5471 1752 5476 ·
