3878 6112
62 219 121 271 857
531 216 766 274 oscaexouuu
789 220 880 276 ttttut
899 218 952 276 ΧΧ.
973 250 1006 259 -
1029 220 1133 275 ttttttu
1154 218 1361 277 uuuuctsus.
1771 233 1823 287 858

65 337 148 393 fliius
175 336 283 393 diaboli
314 335 351 392 sit
373 336 514 393 imitando
546 338 704 410 diabolum,
739 341 852 397 solliciti
880 343 1088 413 neAentpam
1105 357 1187 397 suam
1207 343 1329 399 necdum
1351 344 1495 416 cognovit,
1525 361 1578 401 nec
1598 349 1742 406 confessus
1770 357 1822 419 est,

65 442 121 498 per
136 426 342 499 negligentiam
354 428 526 497 pastoralem
542 428 640 500 alique
660 429 694 485 da
715 431 819 485 ovibus
835 432 918 486 nobis
971 447 1023 486 nec
1062 431 1148 486 missa
1184 432 1267 487 nobis
1305 432 1457 504 legatione,
1497 435 1548 506 qui
1573 451 1687 492 causam
1729 438 1821 511 ipsius
1901 505 1904 511 Ι

64 516 183 571 creditis
210 515 363 586 deperiret,
393 532 445 587 pro
474 533 531 588 qua
568 517 598 572 in
628 520 778 574 tremendo
806 520 917 591 judicio
971 520 1170 591 exquirimus:
1199 520 1267 592 qnia
1282 525 1381 576 noster
1408 522 1598 594 parochianus
1624 529 1677 593 est,
1706 527 1819 582 veniam

64 607 135 659 ante
157 603 317 676 principem
349 609 498 676 pastorum
528 605 682 661 ttominum
710 611 841 664 nostrum
868 609 916 663 te·
971 609 1144 680 postulavit:
1164 610 1231 681 quia
1256 610 1286 664 in
1301 616 1394 681 coepta
1418 612 1538 680 malitia,
1555 614 1669 669 diabolo
1694 631 1743 669 cor
1758 616 1820 685 ejus

65 707 134 747 sum
157 692 303 747 Christum
328 693 470 748 rationem
505 694 624 749 reddere
666 696 914 766 compelleremur,
971 698 1133 765 indurante,
1170 685 1342 769 perseverat,
1382 705 1411 754 et
1436 702 1518 771 juxta
1551 703 1628 774 quod
1663 706 1816 776 Apostolus

10 776 15 787 '
60 780 147 851 juxta
165 780 242 852 quod
256 780 317 852 ipse
332 781 501 837 terribiliter
530 782 613 837 nobis
642 785 844 852 comminatur,
873 786 917 840 di·
972 785 1244 842 dicittsecundum
1274 786 1410 843 duritiam
1436 805 1528 859 suam,
1558 807 1607 845 cor
1633 792 1820 865 impoenitens

62 886 158 926 cenat
185 871 215 927 si
254 888 313 927 non
351 875 573 930 annunciaveris
598 875 699 948 iniquo
734 877 916 950 iniquitatem
971 875 1145 929 thesaurizat
1157 875 1210 931 sibi
1224 875 1296 930 iram
1315 876 1345 930 in
1360 876 1407 932 die
1433 877 1509 933 ism:
1537 879 1644 934 idcirco
1672 896 1725 935 nos
1753 897 1820 937 enm

62 976 158 1028 snam,
170 961 338 1033 sanguinem
352 963 413 1032 ejus
433 963 468 1018 de
483 979 570 1020 mana
594 970 644 1020 tua
671 965 827 1038 requiram.
846 967 918 1022 llisi·
971 979 1036 1017 carm
1067 964 1206 1018 universis
1238 964 1426 1036 complicibus
1454 972 1483 1022 st
1516 969 1819 1037 communicatoribus,

63 1050 177 1104 musad
196 1051 472 1122 eumpresbyterum
498 1058 683 1120 nostramet
711 1055 818 1110 litteras
839 1072 915 1110 coru·
970 1052 1186 1124 fautoribusque
1232 1053 1302 1122 suis,
1345 1054 1454 1125 J‘udicio
1503 1056 1551 1110 [tei
1601 1057 1820 1128 omnipotentis,

62 1138 234 1193 monitorias
247 1141 391 1207 semel,et
405 1140 520 1209 iterum,
541 1148 628 1215 atque
650 1144 747 1211 tertio,
763 1144 917 1200 invitantes
971 1140 1127 1207 Patris,.et
1152 1140 1225 1209 Filii,
1253 1145 1281 1196 et
1307 1141 1429 1213 Spiritus
1456 1144 1557 1213 sancti,
1586 1149 1615 1200 et
1639 1145 1714 1200 beati
1743 1146 1820 1201 Petri

62 1227 280 1284 snmcauonice
304 1230 340 1284 ad
363 1230 606 1299 emendationem,
629 1237 658 1288 et
677 1233 913 1301 satisfactionem,
970 1228 1109 1301 principis
1153 1231 1360 1301 apostolorum,
1404 1235 1433 1286 at
1473 1232 1604 1288 omniurn
1644 1236 1820 1302 sanctorum,

61 1316 310 1387 etpoenitentism‚
327 1317 515 1390 corripientes
525 1336 592 1376 eum
603 1327 723 1393 paterno
734 1323 846 1378 affeetu.
859 1323 914 1379 Sed
970 1334 1082 1373 necnon
1115 1323 1144 1373 et
1186 1323 1290 1374 nostroe
1332 1319 1536 1376 mediocritatis
1578 1323 1758 1390 auctoritate,
1793 1326 1822 1377 et

60 1403 136 1476 ipse,
152 1404 227 1476 proh
237 1406 337 1462 dolorl
351 1407 468 1463 diabolo
484 1425 533 1463 cor
548 1410 611 1480 ejus
625 1410 789 1478 indurante,
806 1412 916 1467 monita
969 1409 1110 1475 potestate
1125 1407 1209 1462 nobis
1223 1407 1360 1461 divinitus
1375 1409 1479 1462 collata
1501 1409 1611 1481 ligandi
1636 1417 1664 1466 et
1690 1409 1820 1466 solvendi

60 1493 202 1549 mlutaria
225 1495 342 1567 sprevit,
356 1495 385 1551 'ct
401 1497 431 1551 in
459 1497 583 1569 incaepta
600 1500 709 1555 malitia
730 1516 915 1571 perseverans
968 1493 1274 1561 iss0oe100iissittffl·
1295 1496 1445 1567 {epistimi
1465 1499 1594 1568 emporis
1616 1503 1645 1554 ei
1672 1499 1820 1571 sangoinis

61 1583 195 1639 Ecclesia
208 1585 259 1641 Dei
282 1587 468 1657 quamlaesit,
487 1589 629 1660 superbie
657 1589 758 1661 spiritu
787 1592 912 1658 inflatus,
930 1629 950 1683 Β
970 1582 1085 1636 1]οωίῠὶ
1104 1582 1300 1654 Ρθΐῡθβῑίθΰθ,
1317 1589 1346 1638 θῑ
1370 1599 1388 1637 ³
1411 1583 1543 1640 weletabi
1573 1585 1704 1641 omnium
1737 1586 1820 1642 Citri-

60 1671 422 1746 satisfacerededignatur.
442 1678 480 1731 lte
498 1677 601 1732 talibus
630 1678 728 1751 itaque
754 1684 913 1751 transgres·
969 1670 1395 1741 ⁵15³¹¹⁰st¹m⁸⁸l³³fflffit¹³r0i8
1420 1671 1569 1728 liminibu⁸
1593 1679 1699 1729 sauctae
1721 1673 1820 1728 metrii

60 1759 351 1830 samosatenae
377 1763 526 1834 religionis
549 1766 694 1837 pacisque,
720 1783 807 1838 quam
833 1769 913 1823 chri.
969 1758 1100 1813 Ecclesiae
1129 1759 1158 1812 in
1191 1759 1263 1814 coeto
1291 1764 1320 1814 et
1343 1759 1374 1814 in
1398 1763 1474 1816 terra
1502 1761 1689 1830 excludimus,
1719 1768 1747 1816 et
1775 1778 1821 1817 ex·

10 1864 12 1869 ·
60 1848 194 1903 stussnis
209 1848 356 1922 discipulis
370 1852 460 1917 dedit,
476 1857 562 1925 atque
577 1854 704 1926 reliquit,
717 1855 912 1920 violatoribus,
968 1847 1224 1916 &immunitatum
1258 1851 1287 1902 et
1323 1848 1595 1905 anathematizatum
1627 1867 1687 1906 esse
1725 1850 1822 1905 decer·

60 1942 210 2009 precepta
237 1938 424 1996 dominicam
451 1942 607 2012 apostolica
637 1943 786 2008 habemus,
808 1945 913 2017 quibus
969 1936 1074 2004 nimus,
1095 1936 1303 1991 etdamnatum
1331 1952 1396 1991 cum
1422 1936 1537 1993 diabolo
1553 1942 1582 1992 et
1608 1938 1718 2010 angelis
1746 1939 1819 2009 ejus,

60 2024 267 2093 informemur,
284 2027 354 2099 quid
375 2027 409 2082 de
431 2027 630 2100 hujuscemodi
646 2031 912 2102 praevaricatoribus
969 2029 997 2079 et
1013 2024 1146 2080 omnibus
1161 2024 1299 2096 reprobis,
1315 2023 1346 2079 in
1361 2024 1428 2096 igue
1443 2031 1552 2080 aeterno
1565 2027 1738 2097 judicamus.
1764 2027 1821 2082 nisi

61 2129 147 2185 agere
164 2129 219 2170 nos
232 2120 372 2187 oporteat.
389 2117 437 2172 Ait
450 2117 527 2172 enim
544 2119 681 2173 Dominus
695 2118 724 2173 in
741 2121 912 2193 Evangelio:
970 2113 1043 2167 f0rie
1072 2130 1088 2166 θ
1116 2112 1221 2167 di³b⁰¹i
1251 2112 1360 2185 ¹³l⁰⁰i³
1386 2113 1543 2185 “Sipssffli,
1560 2118 1589 2169 ei
1611 2116 1647 2170 &d
1680 2115 1821 2170 emende-

62 2203 265 2276 Sipeccaverit
278 2204 308 2259 in
322 2209 350 2261 te
370 2205 458 2260 frater
473 2211 548 2275 tuus,
565 2208 677 2278 corripe
693 2225 769 2263 eum.
793 2211 914 2276 Fratres,
970 2199 1077 2255 tionem
1111 2204 1140 2255 ei
1175 2200 1373 2272 poenitentiam
1404 2202 1511 2270 redeat,
1545 2206 1573 2256 ei
1598 2202 1729 2257 Ecclesiae
1757 2199 1818 2266 Dei.

64 2290 349 2365 inunumquemqos
376 2299 506 2350 nostrum
534 2300 643 2366 peccat,
667 2297 761 2368 quiin
789 2302 915 2353 sanctam
971 2305 1056 2361 quam
1072 2289 1153 2356 laesit,
1180 2289 1344 2344 satisfaciat.
1368 2291 1399 2344 Et
1415 2291 1608 2361 respondeant
1634 2307 1734 2345 omnes
1761 2295 1820 2344 ter·

64 2380 223 2438 Ecclesiam
243 2387 351 2453 peccat.
391 2383 420 2438 Si
447 2384 525 2439 enim
556 2390 651 2440 sancta
678 2386 799 2440 Ecclesia
826 2402 915 2440 unum
971 2379 1021 2446 tio,
1046 2379 1164 2434 Amen:
1188 2384 1247 2445 aut,
1275 2378 1346 2448 Fiat,
1373 2379 1512 2447 fiet;aut,
1528 2380 1686 2434 Anatbema
1708 2379 1753 2435 sit.
1767 2380 1820 2434 De·

64 2471 717 2544 corpusest,cujuscorporiscaputChristus
736 2480 789 2541 est,
811 2474 918 2546 singuli
971 2468 1040 2524 hent
1066 2467 1144 2522 enim
1169 2467 1329 2522 sacerdotes
1362 2468 1528 2538 episcopum
1567 2468 1761 2532 circumstare,
1793 2472 1822 2522 et

65 2563 166 2614 sutem
190 2575 290 2614 sumus
312 2560 384 2616 alter
399 2561 516 2616 ulterius
531 2562 684 2620 membra:
701 2568 729 2618 et
744 2563 767 2617 si
782 2580 845 2618 cum
862 2580 917 2636 pa.
971 2557 1102 2611 lucernas
1116 2557 1247 2610 ardentes
1273 2556 1303 2610 in
1334 2557 1467 2610 manibus
1490 2560 1600 2627 tenere,
1618 2573 1689 2628 quas
1715 2557 1745 2611 in
1755 2571 1822 2610 con·

65 2647 238 2704 titurnnum
254 2649 916 2721 membrum,compatiunturomnicmamhra,
972 2644 1099 2699 elusione
1158 2645 1360 2707 anathematis,
1418 2647 1462 2699 rel
1516 2643 1822 2700 excommunicationis

64 2735 170 2807 procul
182 2736 270 2793 dubio
282 2737 313 2792 in
327 2753 379 2792 nos
389 2743 496 2809 peccat,
508 2740 558 2810 qut
574 2740 705 2796 membra
717 2746 815 2796 nostra
828 2741 916 2797 taedit,
973 2733 1113 2804 projicere
1131 2732 1236 2787 debent
1249 2733 1279 2787 in
1304 2738 1420 2799 terram,
1441 2738 1470 2788 et
1498 2735 1666 2789 conculcare
1691 2732 1820 2804 pedihus.

64 2821 919 2894 lnbetergottominus,utfrater,idest‚Christianusinnos
974 2823 1040 2876 Post
1070 2821 1132 2876 luteo
1173 2821 1324 2893 episcopus
1355 2820 1432 2893 plebi
1470 2821 1562 2893 ipsam
1595 2821 1822 2877 excommunica-

64 2925 197 2982 peccans,
209 2910 303 2983 primo
324 2916 431 2966 secrete
446 2912 627 2984 corripiatur,
644 2913 747 2969 deinde
758 2931 824 2969 cum
839 2910 1083 2970 testi-ctionem
1112 2909 1315 2964 communibus
1352 2910 1445 2965 verbis
1477 2911 1562 2965 debet
1597 2911 1761 2981 explanare,
1792 2913 1823 2964 ut

64 2998 118 3055 bns
137 2998 328 3071 redarguatur
344 3016 350 3054 :
367 3001 521 3056 novissime
537 3002 718 3056 inconventu
731 3003 918 3074 ecclesiesprr-
972 3015 1072 3054 omnes
1099 2998 1261 3070 intelligant
1288 3014 1376 3069 quam
1403 2999 1571 3054 terribiliter
1594 2999 1745 3054 damnatus
1770 2998 1821 3068 sit,

63 3086 137 3142 blica
152 3087 349 3143 conveniatur.
365 3088 479 3153 Quodsi
492 3091 542 3144 lias
558 3095 615 3144 tres
629 3091 878 3160 commonitiones,
890 3098 921 3149 et
972 3093 1000 3144 et
1030 3094 1063 3142 ut
1096 3087 1229 3142 noverint
1258 3087 1335 3158 quod
1361 3087 1397 3142 ab
1430 3088 1480 3142 illa
1513 3088 1585 3143 bora
1615 3088 1646 3142 in
1678 3088 1823 3157 reliquum

64 3175 127 3246 pias
144 3175 340 3247 correptiones
359 3177 527 3246 contemnit,
551 3182 580 3232 et
603 3179 764 3234 satisfacere
786 3180 917 3253 despicit,
973 3192 1097 3247 nonpro
1113 3175 1284 3243 Christiano,
1314 3175 1363 3230 sed
1391 3191 1443 3248 pro
1470 3192 1584 3247 pagano
1600 3176 1821 3231 habendussit:

65 3263 636 3337 posthacsittibi,inquit,sicutetbnicus
655 3268 870 3338 elpublicanus,
889 3270 919 3325 id
972 3269 1001 3322 et
1029 3264 1079 3337 qui
1106 3263 1148 3318 illi
1178 3263 1259 3335 quasi
1291 3263 1451 3319 Christiano
1492 3265 1743 3320 communicaverit
1774 3268 1824 3320 aut

66 3352 720 3427 est,gentilisatquepaganus,utnonjampro
746 3357 917 3426 Christiano,
972 3368 1037 3407 cum
1052 3352 1276 3419 manducaverit,
1306 3358 1355 3408 aut
1378 3353 1493 3419 biberit,
1510 3358 1560 3408 aut
1586 3369 1650 3407 cum
1679 3354 1824 3408 osculatus

65 3440 114 3496 sed
136 3456 191 3511 pro
206 3456 318 3513 pagano
330 3441 478 3498 habeatur.
498 3444 530 3497 Et
545 3444 574 3498 in
590 3445 646 3498 atio
662 3445 734 3511 loco,
757 3446 919 3501 membrum
972 3441 1067 3504 fuerit,
1098 3441 1142 3494 vel
1166 3444 1292 3495 cum'eo
1317 3441 1494 3512 colloquium
1511 3441 1651 3495 familiare
1679 3442 1822 3510 habuerit,

66 3529 243 3601 quodasua
257 3545 395 3602 compage
415 3531 577 3599 resolvitur,
600 3535 628 3586 et
653 3549 667 3586 a
688 3533 825 3604 junctura
856 3535 920 3589 cha·
972 3528 1028 3583 nisi
1057 3528 1129 3582 forte
1154 3528 1189 3583 ed
1223 3528 1443 3584 satisfactionem
1468 3535 1496 3584 et
1520 3529 1720 3600 poenitentiam
1756 3546 1823 3585 enm

65 3617 160 3673 sitatis
199 3617 379 3684 dissociatur,
409 3623 437 3674 et
474 3635 560 3674 omne
592 3637 697 3691 corpus
734 3620 917 3689 scandalizat,
972 3632 1128 3689 provocare
1157 3616 1309 3682 studuerit,
1327 3622 1376 3671 aut
1391 3617 1421 3672 in
1436 3619 1523 3672 domo
1539 3634 1590 3672 sua
1613 3633 1679 3672 eum
1709 3634 1823 3689 recepe·

67 3704 218 3771 Dominus,
240 3712 268 3761 et
296 3707 434 3775 abscindi,
461 3712 489 3762 et
513 3708 614 3780 projici
638 3709 730 3780 jubet,
753 3710 919 3766 dicenscSi
973 3705 1019 3773 rit,
1057 3709 1107 3759 eut
1141 3706 1227 3760 simul
1260 3721 1325 3759 cum
1359 3722 1393 3759 eo
1431 3705 1564 3773 oraverit,
1596 3707 1696 3776 procul
1736 3705 1824 3761 drabio

66 3794 179 3862 malus,
212 3810 324 3862 mauras,
354 3797 399 3851 vet
424 3812 474 3867 pes
499 3802 567 3852 tuus
595 3798 768 3853 scandalizat
791 3803 829 3862 te,
850 3814 918 3854 erue
972 3794 1105 3849 similiter
1119 3794 1157 3850 sit
1171 3794 1444 3849 excommunicatus.
1466 3794 1574 3849 Deinde
1595 3794 1723 3866 epistole
1745 3811 1821 3866 pres·

67 3897 144 3951 eum,
163 3886 193 3938 et
214 3883 320 3954 projice
336 3883 437 3940 abste.
467 3886 498 3940 Et
520 3887 697 3957 Apostolus:
724 3887 851 3954 Auferte,
874 3887 920 3942 in·
973 3883 1080 3954 byteris
1095 3900 1147 3954 per
1161 3882 1312 3953 parochias
1326 3882 1488 3945 mittantur,
1505 3882 1684 3937 continentes
1706 3883 1825 3940 modum

68 3969 140 4041 quit,
169 3971 277 4026 malum
305 3971 428 4027 avobis.
461 3974 494 4027 Et
520 3974 647 4029 iterum:
680 3975 709 4030 Si
737 3975 802 4046 quis
830 3976 920 4031 frater
973 3971 1285 4028 excommunicationis.
1308 3971 1340 4024 ln
1365 3970 1469 4042 quibus
1496 3971 1642 4042 jubeatur,
1669 3977 1701 4028 ut
1727 3973 1824 4029 Domi-

69 4057 247 4129 nominatur,
266 4062 295 4114 el
313 4065 356 4114 est
370 4060 534 4130 fornicator,
554 4067 604 4116 eut
618 4062 741 4130 adulter,
758 4069 808 4119 aut
824 4064 919 4119 bomi—
973 4063 1045 4117 uicis
1063 4061 1164 4117 diebus
1187 4065 1250 4132 post
1265 4059 1415 4114 lectionem
1440 4059 1587 4130 Evangelii
1610 4061 1744 4132 plebibus
1771 4061 1825 4117 sibi

69 4145 140 4218 cide,
156 4151 206 4201 ant
218 4163 318 4218 rapax,
333 4163 399 4203 cum
423 4149 599 4219 hujusmodi,
617 4167 668 4205 nec
688 4151 785 4206 cibum
805 4169 918 4208 sumere
975 4150 1132 4206 commissis
1156 4149 1269 4219 publice
1296 4148 1470 4203 annuncient
1495 4148 1587 4219 ipsam
1629 4149 1825 4206 excommuni-

72 4235 145 4292 lieet.
164 4236 198 4290 m
225 4236 348 4291 loannes
369 4237 489 4293 dilectus
513 4254 574 4309 prae
590 4239 701 4294 caeteris
716 4239 818 4295 Christi
833 4242 917 4296 disci·
976 4238 1130 4304 sationem,
1154 4243 1186 4292 ut
1202 4253 1238 4291 ne
1254 4237 1318 4308 quis
1333 4253 1384 4308 per
1406 4235 1600 4308 ignorantiam
1632 4239 1828 4297 communicet

74 4325 167 4394 putus,
197 4325 286 4380 talem
311 4326 452 4381 nefarium
475 4326 622 4382 bominem
661 4330 785 4384 salutare
817 4332 919 4401 probi·
976 4325 1232 4383 excommunicato.
1267 4327 1387 4397 Oportet
1416 4325 1503 4380 etiam
1531 4332 1564 4380 ut
1604 4326 1668 4381 aliis
1685 4328 1826 4402 episcopis

15 4411 165 4479 bebat,
180 4414 298 4470 dicens:
329 4416 385 4470 Nec
401 4415 427 4469 ei
455 4417 512 4471 Ave
537 4416 652 4480 dixeris,
680 4434 774 4491 neque
795 4435 861 4475 eum
890 4420 921 4474 in
976 4418 1037 4489 ipss
1065 4415 1322 4470 excommunicatio
1351 4415 1558 4471 manifestetur.
1589 4416 1721 4489 Praecipit
1748 4420 1826 4476 enim

10 4482 189 4585 {domum
213 4504 364 4574 receperis.
389 4504 443 4570 Qui
468 4505 546 4559 enim
570 4505 596 4559 ei
619 4509 676 4560 Ave
693 4506 772 4576 dicit,
787 4523 920 4562 commu·
976 4508 1146 4562 'toletanum
1192 4502 1357 4570 concilium,
1388 4510 1420 4559 ut
1451 4504 1574 4560 invicem
1616 4521 1681 4559 mox
1722 4505 1827 4576 scripta
1879 4508 1886 4523 “

78 4589 294 4663 nicatoperibus
317 4593 537 4665 ejusmaliguis
555 4595 810 4669 Dominicaitaque
834 4603 921 4669 etque
975 4599 1145 4668 percurrant
1174 4611 1225 4666 per
1252 4610 1353 4648 omnes
1378 4592 1535 4664 provinciae
1564 4592 1711 4665 episcopos
1743 4608 1827 4664 quos·

13 4636 35 4721 i
79 4680 226 4748 apostolica
240 4686 383 4753 praecepta
397 4683 587 4754 adimplentes
599 4685 761 4739 membrum
773 4684 921 4756 putridum
975 4700 1090 4756 cunque
1105 4684 1183 4739 adire
1206 4681 1364 4753 potuerint,
1382 4686 1414 4735 nt
1441 4681 1704 4735 excommunicatus
1730 4680 1827 4735 audie·

16 4784 31 4853 3
75 4767 98 4819 et
109 4768 279 4837 insanabile
295 4769 373 4841 quod
389 4770 562 4825 medicinam
575 4787 634 4826 nou
651 4771 761 4844 recipit,
772 4773 847 4827 ferro
871 4789 921 4828 ex·
976 4777 1033 4827 tur.
1049 4772 1161 4828 Semorr
1177 4771 1263 4826 elram
1287 4772 1349 4841 ejus
1374 4785 1436 4840 apsa
1450 4769 1708 4824 excommunicatio
1741 4769 1827 4824 debet

14 4854 28 4915 t
72 4857 338 4912 communicationis
371 4873 526 4929 acorpore
557 4859 687 4914 Ecclesia
709 4860 919 4926 abscindamus,
976 4865 1044 4916 nota
1059 4860 1132 4916 fieri.

10 4920 22 5044 i
67 4949 105 4997 oe
125 4949 185 5000 tam
210 4944 347 5018 pestifero
371 4947 472 5002 morbo
501 4947 613 5020 reliqua
637 4949 766 5005 membra
794 4949 922 5022 corporis
1043 4951 1107 5005 Car.
1125 4949 1168 5003 IV.
1184 4975 1221 4991 -
1234 4949 1300 5003 tum
1318 4948 1601 5002 excommunicationis
1620 4946 1755 5000 allocutio.

63 5032 157 5089 vetuti
172 5048 284 5089 veneno
299 5033 475 5090 inficiantur.
1012 5037 1067 5109 (ita
1099 5037 1193 5092 concil.
1229 5036 1368 5103 Aurelia,
1400 5052 1460 5106 cap.
1497 5036 1535 5106 l.)
1576 5033 1714 5100 Audistis,
1752 5033 1824 5088 dile·

219 5123 283 5177 Cse.
300 5122 350 5180 111.
366 5125 503 5180 -Prima
519 5128 769 5181 eacommuuimtio.
976 5125 1104 5193 ctissimi,
1138 5129 1247 5197 quante
1278 5129 1306 5179 et
1338 5140 1425 5196 qrrsm
1467 5123 1584 5179 horrida
1615 5122 1763 5195 pravitatis
1792 5139 1825 5178 ac

103 5209 161 5278 (lta
192 5210 292 5275 codem,
323 5214 413 5282 sopite
444 5211 483 5284 4.)
517 5212 608 5284 Igitur
638 5214 707 5285 quia
741 5215 849 5270 monita
871 5231 922 5269 no·
977 5213 1139 5287 iniquitatis
1153 5229 1251 5284 opera.
1270 5213 1304 5268 N.
1321 5212 1464 5268 sdiabolo
1478 5212 1631 5283 instigatus
1656 5216 1824 5283 perpetrare

57 5293 139 5365 δίη,
165 5298 280 5354 crebras
307 5299 522 5356 exhortationes
542 5302 719 5373 contemnit,
749 5303 818 5374 quia
837 5304 919 5359 tertio
977 5318 1036 5358 non
1055 5302 1193 5369 timuerit,
1220 5304 1248 5356 et
1272 5300 1419 5373 quomodo
1446 5316 1499 5372 per
1518 5299 1689 5372 apostasiam
1705 5300 1824 5355 etotius

60 5386 225 5441 ⁸ecnndum
242 5387 423 5444 uomintcum
440 5394 615 5462 preceptum
636 5395 753 5446 vocatos
769 5391 921 5447 ademen-
976 5390 1145 5448 Christianae
1169 5389 1317 5462 religionis
1353 5390 1431 5444 cultu
1455 5388 1576 5460 profane
1606 5393 1701 5445 mente
1730 5404 1822 5444 reces-

64 5458 215 5530 damnem
256 5480 287 5531 st
309 5476 509 5548 penitentiam
538 5478 636 5536 venire
671 5480 821 5552 despexit.
852 5480 922 5553 quia
976 5480 1054 5536 serit.
1081 5478 1207 5536 Audistis
1230 5478 1475 5552 quemadmodum
1502 5477 1640 5535 canonice
1666 5478 1702 5535 ad
1735 5476 1822 5533 setis-
