3878 6112
554 325 782 384 snutaotuus
795 325 960 382 enasset.
978 354 1000 364 -
1031 322 1171 380 nouum
1187 319 1384 378 ulslonlca.

809 653 884 693 tuuc
903 653 1000 693 nullm
1019 652 1124 693 mvn.

513 817 1413 993 ADELBOLDUS

648 1102 994 1171 TRAJECTIINSIS
1018 1100 1288 1169 EPISCOPUS.

431 1419 653 1494 NOTITIA
690 1411 989 1493 fflsuoltl‘cu
1026 1416 1081 1490 IN
1123 1358 1508 1490 ADELBOLD'UM.

184 1567 277 1641 (Apud
293 1571 325 1625 ll.
342 1571 373 1626 P.
390 1568 525 1624 Barnard.
543 1566 671 1635 Pczium,
688 1568 848 1623 Dissertatio
861 1567 1020 1634 iasapapica
1036 1567 1065 1619 iu
1081 1568 1144 1620 tam.
1161 1565 1202 1620 lll
1217 1565 1351 1619 Thesauri
1364 1563 1467 1619 Aaeed.
1488 1565 1601 1627 noviss,
1620 1576 1684 1633 pag.
1701 1561 1759 1633 ιιι.)

128 1795 313 1863 adelboldus,
328 1794 418 1850 nobili
433 1810 539 1866 genere
553 1798 645 1863 ortus,
674 1792 794 1849 ilenrico
816 1793 840 1847 ll
854 1793 937 1864 Imp,
958 1792 1069 1862 hapod
1086 1792 1246 1850 Vadastinas
1261 1797 1286 1848 et
1300 1792 1484 1857 amandinus,
1507 1807 1561 1848 aaa
1580 1792 1667 1848 solum
1691 1793 1846 1861 monachos,

93 1888 287 1955 cognomento
302 1883 414 1952 Sancto,
428 1899 445 1937 a
460 1882 586 1938 consiliis
599 1882 727 1953 patmum
752 1881 816 1936 luit.
834 1881 942 1936 Deinde
997 1882 1045 1937 sed
1060 1885 1086 1935 et
1100 1881 1208 1936 clatros
1218 1881 1358 1937 resedisse.
1371 1883 1540 1937 elericorum
1552 1887 1622 1937 certe
1635 1896 1682 1938 seu
1707 1885 1848 1938 scaenica-

94 1973 218 2029 lndibria
232 1973 356 2028 fortuna
371 1989 403 2027 ac
418 1973 519 2028 mundi
533 1972 690 2026 vanitatem
719 1971 795 2043 apud
810 1970 943 2024 culmum
996 1986 1058 2025 rum
1070 1971 1242 2025 Loebasium
1257 1970 1398 2039 callepinm
1411 1973 1441 2025 ia
1469 1972 1502 2027 S.
1520 1972 1629 2026 Usmari
1643 1973 1751 2041 templo,
1775 1970 1849 2041 qued

93 2062 167 2117 serio
178 2067 327 2132 reputans,
343 2061 481 2117 abdicatis
502 2060 689 2133 dignitatibus
702 2060 732 2114 in
757 2059 943 2115 benedictino
996 2073 1068 2113 anne
1095 2062 1134 2114 est
1163 2058 1334 2128 Parachiale,
1357 2059 1446 2114 sedeat
1473 2072 1552 2113 suam
1581 2058 1677 2112 habuit
1704 2073 1789 2128 usque
1810 2058 1849 2114 ad

93 2150 267 2204 monastario
283 2149 417 2205 Lobiecsi
440 2150 614 2204 monachum
643 2147 796 2220 protessus.
820 2147 862 2202 lbi
877 2162 943 2202 cnm
997 2162 1099 2202 aunum
1113 2148 1223 2202 Christi
1235 2147 1407 2202 mitissimum
1423 2147 1719 2216 quadriapeatestmum
1736 2162 1846 2217 ιιοιιιιιιι,

93 2237 261 2308 aliquandiu
280 2237 376 2292 studia
389 2237 504 2308 pletatis
527 2242 557 2293 et
579 2236 757 2308 optimarum
779 2236 943 2291 litterarum
997 2236 1070 2305 quod
1083 2235 1147 2291 iude
1164 2238 1296 2304 mipraoit
1313 2237 1467 2305 binchium,
1488 2236 1562 2305 qaod
1574 2240 1615 2291 est
1640 2237 1789 2291 Hannonis
1801 2249 1849 2306 cp·

92 2325 237 2390 coluisset,
254 2325 371 2381 tandem
387 2341 462 2380 anno
479 2327 547 2382 1008
565 2325 698 2381 AnsIeido
720 2325 750 2380 iu
777 2324 944 2396 episcopatu
994 2327 1093 2397 pidum
1108 2327 1224 2383 secundo
1237 2327 1381 2382 milliaria
1403 2329 1485 2383 hallia
1504 2327 1621 2382 duleas.
1646 2327 1751 2381 Varum
1767 2325 1848 2398 quid·

94 2413 292 2483 Ultrajectensi
319 2414 464 2482 salicetus,
480 2429 543 2469 earn
555 2413 734 2484 provinciam
751 2427 944 2484 magnacum
997 2416 1066 2487 quid
1091 2416 1128 2470 sil
1155 2416 1189 2472 de
1214 2415 1359 2471 canonicis
1380 2414 1432 2471 seu
1452 2415 1563 2470 clericis
1587 2414 1784 2482 bobiensibus,
1809 2413 1847 2472 de

91 2501 175 2556 lande
190 2502 278 2570 gessit
293 2517 383 2572 usqua
400 2502 435 2556 ad
453 2517 562 2557 annum
585 2504 663 2568 1027,
686 2517 743 2573 quo
767 2500 813 2556 die
825 2504 860 2556 27
889 2502 943 2556 No·
996 2504 1459 2560 Adelbcldatamenmnltorero
1487 2508 1530 2559 est
1550 2503 1684 2571 similius,
1711 2519 1779 2558 enm
1793 2518 1850 2560 mc·

92 2589 268 2644 vemhrisad
286 2592 384 2661 plures
409 2589 491 2645 ablit.
514 2591 579 2645 llaec
600 2605 633 2645 ex
660 2589 767 2645 Chron.
797 2589 942 2660 Ultraject.
995 2592 1114 2647 nactum
1141 2591 1297 2646 Lotiatsem
1340 2606 1427 2663 qnam
1462 2590 1556 2646 solum
1588 2591 1715 2646 clericum
1746 2589 1845 2647 laissa.

89 2676 252 2733 loannisde
267 2677 415 2749 Bakacap,
429 2677 638 2746 l‘lTrithemio‚
655 2676 943 2746 PossevIuo‚0udino
996 2680 1069 2736 Sane
1101 2680 1132 2734 iu
1157 2681 1280 2751 prologo
1311 2679 1441 2751 opusculi
1462 2681 1503 2734 De
1526 2678 1708 2735 crassitudine
1734 2678 1848 2748 epicuru

91 2764 212 2836 aliisque
242 2765 271 2820 iu
291 2782 383 2837 pauca
406 2765 609 2834 contraximus,
636 2781 693 2821 non
712 2765 800 2820 nescii
829 2765 944 2837 quantIs
997 2768 1197 2836 scholasticum,
1212 2769 1310 2840 ntane
1327 2768 1415 2838 bobii,
1438 2784 1468 2823 se
1482 2767 1569 2823 fuisse
1585 2767 1648 2838 ipsc
1670 2768 1786 2823 fatetur.
1812 2770 1849 2822 st

90 2852 305 2909 difficultatibus
316 2854 443 2910 narratio
457 2855 518 2910 haec
532 2854 627 2910 amnis
649 2853 773 2910 obnoxia
787 2853 835 2908 si'..
861 2854 943 2909 Ceste
997 2857 1062 2929 quis
1083 2858 1199 2929 Ignorat
1212 2856 1309 2914 studIa
1324 2857 1485 2912 litterarum
1514 2857 1591 2928 apud
1612 2856 1770 2911 monachas
1793 2856 1846 2912 Lo·

89 2942 256 3014 Sigebcrtns
281 2944 321 2998 De
347 2943 533 3014 scriptoribus
562 2943 675 3011 eccles,
699 2959 761 3015 cap.
791 2945 852 3011 138,
881 2943 943 2998 haec
997 2947 1109 3002 bienses
1141 2946 1194 3002 sub
1217 2945 1308 3001 Iiaem
1332 2946 1431 3002 smcnli
1458 2945 1602 3001 undecimi
1627 2944 1773 3018 praeprne
1798 2944 1848 3001 llo·

89 3035 203 3086 tantum
217 3032 251 3086 da
269 3031 427 3086 Adelboldo
451 3031 560 3087 habet:
585 3030 762 3097 ildebaldus,
787 3047 821 3086 ec
847 3032 941 3087 clerice
961 3035 1098 3123 Brumae,
1113 3035 1242 3107 nihilque
1268 3035 1451 3107 frequentius
1476 3034 1604 3090 evenisse
1625 3050 1713 3106 qnam
1736 3038 1768 3089 ut
1786 3034 1847 3089 cle-

89 3119 218 3174 Lotiensi
245 3122 385 3190 episcopus
407 3120 619 3190 Ultrajectensis,
647 3122 760 3189 scripsit
786 3121 877 3175 l'itam
898 3134 940 3174 se·
996 3124 1049 3179 rici
1064 3123 1174 3178 scholas
1189 3124 1407 3192 monachornm,
1435 3124 1597 3194 prasertim
1626 3123 1697 3178 adeo
1721 3121 1846 3178 celebres

90 3207 176 3262 eundi
196 3209 306 3263 Hearici
332 3209 515 3278 imperatoris,
535 3213 561 3263 el
583 3210 612 3262 iu
638 3212 754 3277 utraque
782 3208 941 3263 litteratura
994 3218 1022 3267 at
1047 3212 1236 3284 propInqnas‚
1263 3212 1322 3265 imo
1355 3227 1447 3283 propa
1475 3210 1651 3282 conjunctas,
1677 3225 1847 3265 communes

87 3297 176 3367 ptura
196 3298 242 3352 aui
268 3302 439 3352 anomala
461 3297 575 3367 reliquit
595 3299 721 3367 posteris.
748 3295 802 3351 Ubi
825 3295 861 3351 ad
891 3295 942 3352 illa
994 3298 1155 3353 haberant?
1181 3297 1272 3368 Igitur
1299 3296 1471 3352 adelboldus
1496 3296 1653 3352 monachus
1677 3295 1847 3352 athabien-

90 3385 178 3439 rerba
194 3401 202 3440 ε
220 3401 255 3441 ea
268 3387 363 3441 clerico
372 3385 499 3441 bobiensi
507 3386 563 3440 hoc
581 3388 672 3440 exstat
691 3383 821 3439 scholion
836 3383 941 3440 eruditi
995 3386 1032 3440 sis
1047 3386 1214 3442 monasterii
1229 3385 1424 3454 scholasticus,
1441 3391 1499 3440 tam
1516 3385 1725 3441 monachornm
1748 3400 1846 3457 qnam,

88 3473 211 3528 Auberti
226 3472 313 3529 Iliraei
328 3490 335 3528 :
351 3472 518 3529 Adelbaldus
544 3475 637 3542 itaque
664 3477 727 3527 arete
752 3474 942 3543 episcopatum
995 3475 1019 3528 si
1034 3474 1085 3546 qui
1096 3472 1225 3540 luerunt,
1236 3474 1416 3539 clericorum,
1430 3473 1593 3528 communis
1608 3473 1757 3544 magister,
1771 3473 1844 3529 utin

89 3577 145 3617 aaa
159 3563 303 3618 momulus
316 3561 364 3618 sed
373 3563 485 3618 emaus
494 3560 633 3617 hodiernis
655 3561 836 3629 suitlluaal
850 3566 942 3616 autem
995 3563 1060 3618 aliis
1075 3559 1214 3617 coenobiis
1233 3559 1338 3616 nostris
1352 3576 1481 3632 persaepe
1498 3560 1653 3627 usuvenit,
1667 3561 1733 3616 fuit.

90 3653 269 3720 antiquitatis
296 3652 483 3708 ecclesiastice
506 3649 634 3717 studiosi,
663 3650 729 3706 eliu
757 3648 847 3718 Latii,
869 3654 900 3705 ut
915 3653 940 3705 et

461 3927 684 4002 NOTITIA
712 3927 1009 4003 HISTORICA
1038 3926 1101 3999 ET
1129 3925 1474 4000 LITTERARIA.

89 4082 284 4155 (ApudPartz,
301 4084 476 4140 Monumeata
495 4085 651 4139 Germania
661 4084 803 4149 historica,
819 4082 922 4154 Script.
940 4086 1011 4138 tom.
1028 4082 1073 4147 111,
1089 4096 1156 4155 pag.
1172 4084 1236 4149 679,
1252 4080 1283 4138 in
1295 4081 1425 4154 proemiis
1450 4081 1487 4137 ad
1515 4081 1608 4137 Vitam
1632 4081 1659 4137 S.
1691 4080 1804 4138 hanrici
1819 4082 1845 4138 11

669 4161 862 4234 imperatoris,
878 4162 981 4218 edente
995 4163 1026 4218 G.
1044 4161 1133 4216 Waite
1148 4161 1200 4217 Ph.
1218 4163 1264 4234 u.)

127 4392 302 4461 adelbodus,
351 4393 563 4464 Ultrajactansis
609 4393 772 4465 episcopus,
822 4394 940 4465 Alperio
958 4394 1078 4462 Cprimi
1092 4394 1266 4462 imperatoris
1289 4393 1324 4447 ab
1346 4392 1497 4448 adelhaida
1520 4394 1646 4462 episcopo
1661 4390 1845 4462 Trajeetemi,

91 4484 163 4536 testa
180 4481 229 4552 (t),
243 4497 289 4537 res
303 4480 337 4536 ab
364 4480 487 4536 ilenrico
502 4482 537 4547 ll,
562 4480 736 4555 imperatore
764 4487 857 4554 gestas
882 4498 941 4537 nno
997 4485 1026 4535 ut
1039 4481 1168 4543 creditur,
1191 4483 1355 4551 conscripta.
1380 4480 1442 4546 Qua
1467 4480 1639 4536 anctoritate
1659 4478 1751 4535 fretus
1765 4480 1846 4536 Grat-

90 4570 237 4625 rolumins
270 4570 415 4626 luculento
451 4586 586 4626 sermone
622 4570 852 4642 comprehendit.
877 4571 942 4626 llaec
997 4584 1112 4623 cernon
1135 4569 1197 4623 siue
1219 4569 1397 4625 haesitatione
1418 4568 1556 4641 quedam,
1583 4568 1635 4640 qui
1658 4584 1723 4623 rara
1747 4573 1848 4640 postea

88 4673 158 4713 vero
173 4658 295 4714 historia
309 4674 361 4730 par
375 4658 504 4713 madium
520 4674 615 4715 aevum
644 4660 798 4731 plerasque
826 4659 941 4714 latuisse
997 4658 1141 4714 haedere
1156 4658 1294 4729 disputati
1315 4663 1393 4725 sunt,
1418 4664 1556 4730 tanquam
1577 4673 1608 4712 ra
1623 4662 1702 4711 extra
1726 4657 1847 4713 dubium

88 4745 201 4801 videtur
215 4747 269 4814 (2);
285 4745 376 4819 etqui
391 4751 489 4818 postea
504 4745 597 4801 Vitam
622 4747 737 4803 henrici
764 4763 782 4801 a
810 4748 942 4802 Bambar-
996 4747 1103 4819 posita,
1124 4747 1201 4802 hunc
1228 4746 1385 4801 adelboldo
1428 4747 1624 4817 asculpsarnnt
1659 4743 1699 4815 (5)
1725 4744 1843 4814 librum,

87 4833 310 4906 gessiquodam
325 4835 517 4905 conscriptam
546 4834 705 4891 Adelboldo
720 4834 894 4904 tribuerunt,
925 4851 942 4891 a
997 4847 1196 4906 qnemomnas
1211 4833 1332 4889 summis
1353 4832 1488 4889 laudibus
1515 4832 1681 4888 extulerunt
1704 4836 1732 4888 et
1757 4847 1846 4905 quam

88 4921 253 4993 verolonge
275 4922 447 4978 aberrarunt
474 4922 523 4995 (3).
553 4922 637 4978 Aliud
656 4923 723 4978 vitae
747 4923 941 4994 fragmentum
996 4922 1238 4994 pretiosissimum
1275 4922 1455 4994 antiquitatis
1491 4927 1713 4977 monumentum
1736 4921 1845 4976 babue-

87 5009 202 5066 Gretser
226 5009 317 5066 edidit
344 5009 384 5082 (4)
411 5027 445 5067 ex
476 5011 573 5066 codice
606 5010 825 5077 vindobonensi,
860 5012 942 5084 cnjus
996 5018 1074 5066 runt.

87 5102 158 5153 nota
192 5098 364 5170 marginaIIs
400 5099 462 5155 hac
484 5099 675 5157 oouunebat:
720 5102 787 5158 Vita
827 5100 942 5156 [latrici
1031 5098 1136 5154 Verum
1161 5099 1320 5163 enimvero,
1344 5115 1374 5154 re
1404 5099 1564 5155 accuratius
1592 5102 1751 5170 perspecta.
1773 5097 1846 5153 inte·

125 5221 167 5292 (1)
183 5223 222 5278 lle
237 5222 296 5278 dir.
312 5227 478 5295 temporum
495 5240 516 5293 ι,
531 5225 556 5279 5.
997 5225 1091 5281 mulli,

122 5291 164 5363 (2)
180 5294 249 5357 Once
264 5293 430 5365 sigebertus
445 5296 480 5349 de
495 5294 543 5350 SS.
570 5295 637 5349 eccl.
654 5310 679 5349 c.
702 5296 764 5362 138,
779 5298 808 5350 et
835 5293 939 5352 Cicron.
1033 5295 1072 5362 (11
1085 5297 1115 5351 v.
1131 5296 1161 5351 iu
1175 5296 1201 5353 S.
1215 5295 1337 5352 Handco
1348 5296 1382 5351 ll.

87 5377 114 5417 a.
134 5363 213 5433 1024,
228 5365 325 5420 ιοῐοιῐΑ
352 5380 385 5421 ex
401 5366 518 5436 Alperlo
533 5365 644 5420 hausit:
660 5365 841 5437 sigebertum
870 5381 939 5421 vero
1032 5358 1071 5439 (51
1088 5367 1214 5422 leibnitz
1229 5368 1277 5424 SS.
1298 5369 1329 5423 n.
1356 5368 1401 5422 Be.
1417 5366 1439 5421 1.
1471 5364 1554 5420 Praei.
1571 5380 1601 5419 n.
1630 5365 1682 5432 2ος
1708 5363 1846 5421 sollerius

87 5439 149 5488 tam
175 5434 324 5490 Albericns
348 5437 456 5508 aliique
481 5451 589 5491 corono
611 5436 693 5508 ruphi
715 5452 805 5509 qnam
829 5437 941 5492 Trltha·
994 5440 1065 5492 Acta
1092 5438 1139 5494 SS.
1165 5439 1234 5494 tulii
1262 5439 1299 5509 ll,
1320 5455 1349 5510 p.
1378 5439 1440 5493 723.
1466 5436 1549 5492 ilicet
1573 5435 1644 5491 llist.
1671 5434 1756 5492 litter.
1786 5432 1844 5505 VII,

86 5503 164 5560 mins
178 5505 268 5562 seculi
284 5512 360 5563 sunt.
375 5507 576 5562 Dahnualista
645 5522 701 5562 ane
715 5522 741 5561 r.
757 5507 843 5562 infra.
993 5508 1169 5579 ausentii.

124 5575 164 5647 (³)
192 5576 307 5632 Vossim
334 5577 373 5633 lle
403 5577 470 5633 hIst.
497 5577 517 5632 l.
541 5593 573 5645 u,
606 5577 651 5647 12,
675 5592 705 5650 p.
734 5579 798 5649 3119,
829 5575 940 5653 diique
