3894 6120
668 295 749 355 vita
767 300 798 358 S.
818 299 1044 358 nnuhwanut.
1681 307 1736 365 398

70 419 129 477 lina
151 417 341 486 constitutus,
365 417 525 491 capitulum
535 435 601 475 cum
620 418 758 477 fratribus
781 423 833 496 qui
845 428 870 480 Α
888 439 984 479 secum
997 423 1042 479 rel
1054 422 1091 479 ad
1103 426 1214 479 curtem
1234 424 1355 482 ducebat
1368 426 1413 481 val
1427 441 1609 499 quocumque
1621 426 1737 500 longius

70 556 72 564 .
97 507 353 565 conremabantur
387 508 468 564 adiit.
509 508 618 564 ferirm
646 526 764 582 quoque
804 517 834 568 et
867 512 1077 580 -commeabat,
1111 529 1193 584 quos,
1223 513 1360 586 quicquid
1389 514 1504 586 dignius
1530 515 1561 570 in
1589 515 1648 570 ulla
1676 521 1737 572 arte

70 613 167 666 onem,
197 597 323 652 nomina
349 612 465 668 quoque
493 595 616 652 fratrum
644 615 768 670 quorum
783 616 831 654 an·
886 600 1064 667 occurrebat,
1080 600 1114 655 ad
1129 601 1295 657 exercitium
1310 602 1486 674 impellebat.
1502 602 1641 659 liusivum
1660 620 1735 676 prra-
1765 613 1769 619 '

80 685 230 743 memoria
258 685 395 752 instabat,
425 684 541 740 cottidie
563 685 678 741 recitari
698 686 830 757 jubebat.
886 693 965 744 terea
981 688 1197 761 inparimentis
1216 691 1353 746 ornandis
1367 691 1506 761 studium,
1530 708 1641 748 necnon
1665 694 1735 763 late·

70 791 110 832 ne
137 790 206 831 cero
234 778 364 846 peracta,
400 773 476 828 circa
501 773 602 830 boram
642 774 761 836 terciam
795 776 830 831 ad
885 793 930 832 res
941 777 977 832 ad
991 777 1119 847 tegulam
1134 777 1252 849 propria
1275 777 1418 834 industria
1447 780 1527 836 nullo
1557 787 1735 837 monstrante

70 880 143 920 uum
171 862 349 934 sollempnia
376 861 478 917 festiva
505 862 698 919 celebratione
728 879 830 935 proca·
884 864 1056 934 composuit.
1072 865 1107 919 Et
1121 871 1154 920 ut
1164 865 1289 921 breviter
1299 867 1517 938 prerstringam,
1528 885 1581 924 nec
1594 874 1735 942 punctum

81 968 191 1024 magna
218 950 312 1006 animi
339 951 513 1005 contritione
542 965 572 1005 se
611 951 708 1023 ipsum
736 957 830 1007 totum
883 951 1024 1024 temporis
1034 954 1248 1024 supersedebat,
1262 955 1312 1012 sad
1325 955 1420 1012 fidelis
1439 956 1591 1014 dominicas
1617 959 1736 1015 familias

70 1056 96 1097 ro
135 1039 276 1113 profudit.
308 1039 378 1094 Inda
414 1039 445 1092 in
472 1038 620 1111 publicum
649 1055 828 1111 progressus,
884 1040 1077 1113 dispensator,
1096 1042 1240 1097 conservis
1253 1043 1312 1097 suis
1337 1043 1498 1099 necessaria
1512 1045 1639 1102 subsidia
1666 1046 1734 1104 fide-

70 1132 245 1186 asmusaset
260 1142 469 1200 oppressorum
483 1127 604 1197 negocia
617 1127 744 1183 breviter
766 1144 830 1184 exa·
884 1127 948 1184 liter
970 1126 1217 1184 subministrabat.
1236 1131 1268 1184 ut
1285 1147 1351 1185 cum
1368 1131 1398 1186 in
1414 1131 1517 1188 Christi
1537 1133 1734 1204 gazophilacio

71 1222 114 1287 at,
130 1216 198 1289 quia
216 1221 245 1272 et
259 1217 382 1288 ingenio
396 1231 430 1270 ac
443 1215 577 1271 facundia
592 1215 723 1287 adprime
741 1216 828 1271 calle-
883 1230 1007 1287 quaque
1034 1214 1137 1270 idonea
1175 1216 1348 1272 scivittideli
1380 1218 1528 1274 devotione
1549 1223 1734 1294 congereret,

70 1306 163 1378 licque
190 1305 383 1377 operiebatur
423 1302 560 1359 clericum
588 1302 827 1376 dispensatorem,
883 1318 943 1358 non
955 1300 1051 1357 minus
1066 1306 1163 1358 tamen
1179 1303 1284 1359 Caesari
1299 1320 1351 1359 sua
1363 1305 1447 1374 juxta
1464 1306 1647 1377 Evangelium
1666 1323 1733 1378 per·

70 1394 236 1450 rmosinaet
261 1392 446 1465 pauperibus
458 1397 592 1464 praeerat,
608 1407 734 1464 quorum
749 1394 828 1448 mul·
882 1389 1019 1446 solvebat.
1041 1390 1111 1444 Nam
1136 1391 1226 1446 tercio
1247 1391 1346 1447 Ottoni
1361 1392 1530 1464 imperatori
1552 1395 1733 1451 affectuosis·

70 1498 137 1550 rem,
152 1488 291 1536 centenos
308 1480 444 1536 videlicet
458 1481 501 1535 rel
520 1497 555 1534 eo
572 1480 706 1550 amplius,
726 1480 826 1536 diatim
882 1475 1136 1550 simoanimopro
1151 1478 1267 1534 scircac
1296 1495 1379 1549 posse
1398 1481 1619 1552 obsequebatur.
1653 1484 1735 1541 Unde

71 1569 236 1627 dantissime
251 1570 354 1624 victus
369 1568 482 1637 refecit;
492 1568 646 1640 plerosque
666 1566 753 1622 etiam
781 1568 826 1622 rel
882 1571 912 1620 ct
926 1566 1085 1620 multorum
1101 1566 1239 1622 iuvidiam
1255 1565 1332 1622 inse
1355 1569 1554 1625 commovebat
1581 1571 1632 1643 qui
1656 1571 1732 1627 indi-

70 1675 91 1715 o
122 1660 164 1714 vel
186 1658 303 1713 caeteris
326 1656 474 1724 subsidiis,
498 1661 587 1729 prout
612 1656 731 1711 facultas
754 1672 826 1710 con·
883 1652 1057 1722 gnabantur,
1085 1653 1167 1709 illum
1206 1653 1382 1725 vigilantiori
1411 1656 1507 1712 studio
1539 1659 1582 1713 rei
1608 1658 1734 1729 publices

90 1747 265 1803 sublevabat.
285 1745 360 1800 lude
386 1745 515 1800 officinas
541 1743 593 1799 nbi
620 1743 725 1799 diversi
756 1758 827 1798 usus
882 1739 1003 1811 negocia
1017 1741 1106 1796 obire.

70 1836 206 1892 ellabant
231 1834 393 1902 circuiens,
414 1834 594 1905 singulorum
621 1848 708 1903 opera
736 1831 825 1886 libra·
918 1834 946 1883 7.
963 1826 1032 1898 (Aa.
1052 1832 1113 1898 999,
1137 1830 1584 1907 993.)Saxoniaquippemagna
1603 1844 1733 1908 exparte

70 1939 135 1981 >nec
149 1925 219 1979 circa
235 1939 364 1991 nonam,
377 1921 432 1976 rite
444 1921 579 1977 omnibus
597 1921 729 1993 peractis,
758 1935 825 1976 cum
881 1923 1050 1988 pyratarum
1065 1924 1294 1991 ceterorumque
1309 1922 1498 1978 barbarorum
1507 1923 1619 1979 feritate
1638 1924 1732 1997 depo-

70 2035 74 2066 ι
98 2019 127 2069 et
153 2011 359 2067 benedictione
388 2010 509 2076 Domini,
534 2011 571 2066 ad
598 2025 739 2075 mensam,
766 2008 825 2062 lra-
880 2007 991 2078 putata,
1006 2007 1152 2062 continuis
1166 2007 1401 2066 latrocinantium
1428 2011 1641 2069 incursionibus
1668 2014 1731 2071 sine

70 2101 365 2174 populiquestipatus
388 2098 562 2170 frequentia,
591 2097 736 2163 consedit;
765 2112 825 2151 non
880 2093 1095 2151 intermissione
1117 2095 1242 2168 patabat.
1271 2095 1363 2161 Quam
1390 2103 1502 2171 pestem
1540 2101 1583 2157 rei
1606 2104 1731 2174 publicas

70 2192 134 2248 stica
160 2190 290 2263 quidem,
319 2187 369 2242 sed
405 2185 541 2258 religioso
567 2185 689 2254 silentio,
715 2184 826 2240 cunctis
881 2182 1026 2253 depellere
1054 2198 1159 2255 magno
1188 2182 1233 2238 sui
1267 2200 1445 2260 suorumque
1469 2188 1596 2261 periculo
1615 2206 1731 2262 semper

72 2280 181 2336 tionem
200 2276 411 2335 honestissima
437 2274 588 2345 disciplina
601 2273 731 2341 intentis,
759 2289 826 2343 quea
880 2269 1016 2338 instabat,
1033 2277 1061 2326 et
1080 2287 1156 2327 nunc
1180 2287 1245 2327 cum
1260 2272 1335 2343 eliis,
1359 2274 1504 2332 interdum
1525 2293 1640 2349 quoque
1663 2295 1731 2336 cum

71 2369 246 2426 caenandum
278 2381 341 2421 non
382 2363 477 2419 brevis
504 2361 662 2433 legebatur.
696 2360 825 2416 lntirmis
880 2359 939 2414 suis
952 2359 1030 2415 solus
1045 2376 1133 2431 super
1145 2377 1195 2416 eos
1213 2360 1337 2431 irruens,
1352 2364 1464 2420 fortiter
1477 2366 1542 2422 illos
1566 2365 1725 2424 attriverat.

70 2472 87 2514 n
115 2457 254 2512 fratribus
274 2459 305 2510 et
330 2453 409 2508 senio
432 2450 568 2508 confectis
594 2448 825 2506 benedictionem
879 2448 934 2505 Sed
949 2462 1015 2503 cum
1038 2447 1206 2520 hujusmodi
1220 2450 1396 2522 irruptiones
1422 2453 1516 2508 sedari
1539 2455 1618 2509 nullo
1641 2456 1730 2513 modo

70 2562 108 2602 nn
122 2561 174 2601 sua
188 2545 335 2616 dirigebat
349 2541 490 2609 hilariter,
508 2555 573 2594 cum
588 2543 686 2594 tamen
710 2536 824 2592 nullum
879 2541 1008 2609 possent,
1037 2538 1145 2610 quippe
1170 2554 1236 2593 cum
1264 2539 1381 2595 barbari
1403 2541 1452 2612 qui
1480 2547 1637 2614 utrumque
1658 2544 1730 2601 litus

70 2647 92 2688 n
106 2633 138 2687 iu
154 2632 287 2687 urbevet
307 2631 339 2684 iu
359 2627 507 2694 suburbio,
526 2640 613 2696 quem
626 2624 698 2678 scire
717 2627 823 2693 posset,
878 2625 1006 2683 Albiaet
1018 2641 1105 2682 nares
1132 2642 1232 2682 omnes
1256 2644 1308 2683 sua
1331 2629 1441 2685 ditione
1464 2629 1609 2697 tenebant,
1635 2634 1731 2689 navali

70 2720 136 2777 nodi
149 2720 258 2792 pietate
274 2719 410 2788 privaret.
426 2717 468 2770 tta
483 2713 591 2786 quippe
602 2712 684 2784 juxta
702 2712 824 2782 Aposlo·
880 2716 1027 2773 erectione
1045 2733 1099 2788 per
1114 2734 1231 2774 omnem
1244 2718 1397 2775 Saxoniam
1420 2720 1555 2776 facillime
1572 2737 1601 2776 se
1627 2720 1729 2778 infun·

70 2810 153 2864 'Gon
164 2824 203 2876 11,
219 2808 266 2877 99)
281 2805 379 2861 omnia
395 2803 531 2859 omnibus
547 2817 608 2856 esse
631 2797 822 2867 desiderabat,
880 2806 991 2873 derant,
1007 2804 1245 2876 vigilantissimus
1257 2806 1307 2861 liei
1321 2807 1451 2878 pontifex
1462 2823 1560 2863 curam
1581 2808 1637 2864 sibi
1648 2825 1729 2867 com·

70 2912 113 2952 res
125 2896 158 2951 in
167 2895 283 2952 Christo
294 2893 484 2949 lucrifaceret.
859 2893 974 2948 amissa
986 2892 1078 2965 plebis
1092 2909 1190 2965 agens,
1206 2895 1352 2966 quomodo
1368 2896 1508 2967 populum
1525 2897 1575 2952 liei
1588 2897 1622 2952 de
1646 2897 1730 2953 sceri-

70 2983 225 3041 sduumet
247 2982 364 3038 difficile
387 2986 430 3036 est
454 2977 646 3034 cottidianum
672 2975 735 3046 ejus
761 2977 820 3030 8ῑῦ-
838 2980 860 3037 G
878 2981 1120 3037 ciabarbarorum
1136 2983 1270 3054 eriperet,
1286 2984 1382 3038 animo
1397 2985 1563 3040 fluctuabat.
1591 2986 1729 3042 Furorern

70 3072 160 3129 rerbis
176 3065 384 3144 perstringere,
397 3069 465 3141 quia
481 3069 540 3122 uec
554 3071 626 3121 teste
653 3061 734 3118 omni
757 3062 825 3117 nitu
877 3085 1003 3141 namque
1018 3069 1062 3124 sui
1072 3070 1198 3142 impetus
1211 3086 1285 3141 pene
1301 3071 1512 3127 hildenesheim
1527 3087 1616 3144 usquc
1632 3073 1728 3129 inten-

72 3163 133 3218 iem
162 3166 337 3231 noctemque
365 3158 395 3213 in
423 3155 529 3213 divinis
552 3152 706 3226 perstabat·
725 3150 823 3206 Nichi·
877 3159 988 3226 tabant,
1004 3158 1140 3231 etipsum
1157 3164 1288 3215 sanctum
1318 3160 1412 3215 locum
1427 3160 1555 3232 praedam
1582 3161 1636 3217 sibi
1662 3179 1728 3233 pro·

70 3272 226 3328 {equoque
243 3260 363 3309 cunctos
378 3254 433 3308 sibi
457 3251 637 3306 adherentes
652 3247 688 3302 ad
718 3245 824 3317 hujus·
877 3246 1038 3303 mittebant.
1063 3248 1164 3303 Divino
1181 3246 1280 3320 itaqua
1307 3248 1444 3305 instinctu
1460 3249 1491 3304 in
1516 3253 1645 3305 extremo
1669 3251 1729 3308 fere

70 3344 235 3416 negocium,
250 3348 282 3397 ut
295 3342 335 3397 ita
362 3342 467 3408 dicam,
484 3341 561 3394 ultra
589 3337 665 3393 rires
688 3335 823 3406 impelle·
876 3335 922 3390 sui
936 3335 1128 3407 episcopatus,
1145 3335 1196 3391 ubi
1219 3336 1341 3393 flumina
1354 3339 1438 3393 Atera
1453 3342 1482 3393 et
1507 3337 1636 3423 Orokare
1664 3356 1729 3397 con·

70 3449 98 3489 ec
116 3432 226 3505 aliquid
246 3432 316 3487 artis
330 3435 402 3498 crat,
431 3427 509 3502 quod
537 3443 597 3482 non
626 3429 821 3495 attemptaret,
876 3424 980 3489 fluunt,
1014 3424 1259 3481 munitiunculam
1295 3425 1452 3482 admodum
1490 3426 1632 3481 munitam
1671 3429 1727 3501 (tl)

73 3519 147 3577 siad
163 3536 291 3593 unguem
308 3518 473 3592 pertingere
483 3531 541 3573 non
553 3516 669 3570 valeret.
696 3512 821 3583 Scripto-
877 3509 1010 3580 extruxit,
1024 3510 1122 3583 inqua
1135 3510 1360 3583 copiismilitnm
1371 3512 1526 3585 dispositis,
1539 3513 1728 3572 barbarorum

70 3622 155 3681 mque
169 3623 228 3662 non
253 3607 283 3661 ln
309 3603 484 3660 monasterio
502 3607 626 3668 tantum,
655 3599 704 3653 sed
728 3598 758 3652 in
778 3598 821 3653 di·
876 3597 1018 3669 impetum
1034 3599 1152 3670 repulit,
1174 3601 1373 3672 populumque
1389 3600 1439 3656 Dei
1452 3599 1488 3654 ab
1503 3600 1600 3657 hostili
1613 3601 1728 3660 feritate

70 3695 144 3753 locis
177 3695 321 3761 studebat,
350 3693 427 3748 unde
443 3697 472 3747 et
498 3691 645 3763 copiosam
669 3686 822 3742 bibliothe·
875 3685 1017 3741 liberarit.
1044 3685 1095 3741 Dei
1119 3701 1244 3757 namque
1264 3688 1357 3758 gratia
1382 3693 1463 3744 lanta
1489 3689 1628 3743 securitas
1649 3692 1728 3762 pacis

70 3798 107 3839 rm
121 3783 287 3839 divinorum
303 3798 390 3854 quam
408 3779 677 3855 philosophicorum
689 3774 822 3830 codicum
875 3773 1025 3846 perillum
1040 3771 1070 3828 in
1089 3774 1159 3829 locis
1173 3773 1229 3828 illis
1244 3775 1377 3830 fidelibus
1391 3773 1554 3830 condonata
1568 3781 1621 3844 est,
1637 3783 1670 3833 ut
1681 3779 1726 3834 ni·

70 3872 147 3930 rarit
164 3872 232 3943 (99).
263 3871 408 3928 Pictorem
439 3885 508 3925 vero
541 3872 570 3922 ct
590 3865 767 3937 sculpturam
794 3868 823 3918 et
876 3863 930 3917 chit
944 3861 1063 3933 dampni
1076 3861 1120 3916 rel
1141 3860 1263 3934 periculi
1287 3867 1415 3934 posteaa
1443 3861 1573 3918 barbaris
1592 3871 1727 3934 pateren-

72 3976 104 4018 ω
123 3967 211 4034 atque
226 3961 378 4016 clusoriam
403 3963 494 4013 artem
519 3955 586 4028 (99),
625 3959 656 4009 et
683 3951 822 4023 quicquid
875 3957 931 4006 tur.
957 3951 1015 4006 ilac
1040 3949 1183 4005 industria
1205 3949 1312 4005 Christi
1337 3949 1492 4006 sacerdotis
1516 3950 1665 4007 barbarico
1683 3959 1727 4008 tu-

70 4049 131 4107 tius
152 4049 183 4105 in
198 4049 366 4121 huJusmodi
394 4053 455 4103 arte
478 4039 669 4117 excogitarel
697 4045 820 4113 poterat,
875 4038 970 4093 multu
994 4036 1097 4092 inillis
1123 4037 1194 4093 locis
1219 4037 1377 4108 eliminato,
1399 4036 1494 4093 acrius
1521 4037 1552 4092 in
1565 4038 1729 4096 circumsita

70 4153 132 4195 ram
145 4138 309 4210 neglectum
324 4136 498 4209 patiebatur,
519 4135 589 4189 adeo
616 4136 649 4186 ut
675 4145 708 4184 ax
731 4133 823 4183 trans·
875 4125 936 4180 loca
965 4124 1115 4182 debachati
1148 4132 1225 4184 sunt.
1267 4128 1347 4184 Unde
1370 4126 1610 4200 vigilantissimus
1636 4128 1727 4186 divini

70 4227 177 4283 isatex
191 4226 323 4281 Scotticis
338 4225 421 4292 rasis,
449 4240 513 4296 quae
541 4221 648 4294 regalis
676 4216 858 4317 majestatin
876 4214 972 4286 gregis
990 4218 1089 4286 pastor
1111 4220 1180 4288 typo
1210 4216 1326 4286 Christi,
1342 4217 1386 4272 sui
1416 4215 1537 4286 domini,
1556 4217 1726 4274 adversariis

70 4314 112 4371 ari
141 4314 217 4371 douo
247 4314 451 4370 deferebantur
475 4310 613 4384 quicquid
651 4322 749 4363 rarum
775 4307 820 4361 vel
877 4301 1022 4368 eecclesiae,
1038 4304 1169 4360 exultans
1195 4305 1231 4360 ad
1245 4306 1417 4361 currendam
1431 4306 1508 4359 riam
1533 4306 1659 4362 utfortis
1674 4323 1726 4378 gy·

70 4416 110 4459 rm
125 4403 277 4474 reperiret,
302 4402 442 4458 incultum
468 4399 591 4457 transire
617 4413 677 4453 non
702 4394 818 4450 sineret.
875 4404 936 4461 gas,
952 4392 1138 4463 seopposuit,
1149 4399 1178 4450 et
1190 4393 1221 4449 in
1231 4409 1297 4449 rure
1313 4391 1467 4449 Wirinholt
1477 4391 1534 4464 (99)
1548 4397 1726 4466 nuncupato,

70 4506 286 4563 manumque
311 4506 417 4564 pucros
440 4489 496 4561 (30)
523 4493 553 4544 et
576 4484 689 4543 eximia
713 4479 820 4551 indolis
874 4478 924 4534 ubi
939 4479 1213 4539 tutissimaitlorum
1243 4481 1328 4538 statio
1340 4481 1444 4548 fuerat,
1459 4480 1534 4537 liber
1546 4497 1661 4556 quoque
1683 4483 1725 4539 la·

673 4579 789 4635 VARlAE
814 4571 1017 4630 ttetlorttts.

70 4656 188 4730 talique
203 4657 375 4729 investigare
385 4654 492 4712 adduct
507 4656 532 4711 ³.
553 4654 580 4708 Ι.
592 4656 618 4708 5.

786 4727 899 4784 h'OlAE.

81 4814 216 4871 Exlibris
226 4815 311 4887 jussu
324 4815 387 4885 ejus
416 4812 528 4884 scriptis
545 4810 662 4866 missale
681 4827 707 4866 a.
739 4813 818 4869 tort.
873 4815 1056 4872 Bercwardus
1083 4817 1185 4886 presul
1207 4815 1402 4872 candelabrum
1426 4814 1475 4872 hoc
1501 4833 1618 4888 pueram
1645 4834 1724 4877 sunm

70 4892 120 4946 .et
139 4885 195 4954 tria
208 4885 416 4957 Evangeliaria,
436 4898 560 4955 quorum
584 4898 674 4938 unum
697 4898 724 4937 a.
751 4886 816 4939 tttll
872 4888 961 4956 primo
981 4887 1063 4957 hujus
1088 4889 1158 4942 artis
1176 4889 1241 4955 {lore
1258 4901 1312 4941 corr
1336 4902 1404 4943 coro
1426 4903 1481 4942 croc
1501 4895 1614 4957 arpenta
1632 4895 1657 4946 et
1684 4896 1724 4945 tc·

70 4955 208 5012 rtbaldum
226 4957 403 5027 scriptorem
416 4956 541 5027 praefert,
568 4953 688 5021 picturis
718 4960 820 5010 ornata
873 4973 935 5011 mers
965 4962 997 5012 nt
1027 4958 1116 5012 cernis
1141 4959 1258 5026 conflare
1290 4957 1414 5027 jubebat.
1454 4957 1485 5014 V.
1520 4959 1603 5014 llratz
1636 4964 1657 5016 t.
1686 4961 1721 5029 ΙΙ,

72 5026 132 5082 asia
155 5043 170 5082 a
192 5028 309 5099 iscopali
337 5024 576 5081 llildesheimeusi
602 5024 747 5106 hodieque
776 5041 818 5080 as·
872 5043 901 5100 p.
916 5030 960 5083 99.

72 5103 134 5162 tur;
151 5043 231 5153 afcst
254 5101 415 5169 preterea«
438 5096 521 5151 Liber
535 5095 816 5164 mathematicalis,»
909 5096 966 5169 (91)
994 5097 1138 5153 liundbur
1168 5117 1177 5166 3
1203 5097 1238 5153 cf.
1268 5097 1384 5153 Henrici
1417 5099 1441 5153 ΙΙ
1473 5098 1723 5156 confirmationem

70 5170 251 5224 ernwardom
279 5169 310 5222 in
334 5167 438 5223 Ottone
464 5167 503 5221 ΙΙΙ
532 5166 700 5246 instruendo
733 5182 818 5222 usum
872 5184 898 5223 a.
922 5169 1000 5222 tote.
1016 5167 1085 5239 Orig
1108 5112 1222 5223 ,59919
1238 5168 1283 5234 lV,
1297 5170 1359 5224 995.

80 5238 189 5294 dicunt.
222 5240 255 5293 V.
286 5239 369 5292 Kratz
394 5238 445 5293 der
478 5238 552 5292 Dum
580 5253 614 5290 zu
643 5236 818 5293 llrldesheim
908 5240 963 5309 (99)
980 5238 1077 5308 ltaque
1126 5237 1351 5311 iringenneque
1367 5237 1534 5295 Waranhola
1560 5255 1620 5295 esse
1644 5239 1721 5297 ride·

70 5310 93 5379 Ι,
113 5313 138 5364 Ι.
167 5310 202 5376 ΙΙ,
224 5325 255 5380 p.
289 5310 418 5363 iol-tf&
450 5308 534 5363 biber
561 5307 733 5363 alchemicus
760 5325 818 5363 sat·
872 5311 930 5375 tur,
947 5324 1036 5379 quum
1052 5308 1118 5363 villa
1132 5314 1254 5380 utraque
1266 5309 1385 5363 nonnisi
1401 5310 1493 5364 multo
1507 5315 1571 5382 post
1592 5317 1722 5384 tempore

70 5395 105 5434 ru
118 5380 215 5451 periit,
227 5385 253 5434 t.
270 5380 319 5446 ΙΙΙ,
337 5395 366 5451 p.
379 5380 423 5446 lt,
438 5381 481 5433 tt.
871 5378 908 5434 ab
927 5377 1052 5441 ecclesiis
1076 5377 1218 5434 matribus
1232 5379 1361 5448 sejuncta
1388 5379 1435 5436 sit.
1461 5380 1619 5438 Vareuhola
1646 5384 1721 5439 infra

80 5452 178 5506 Artem
195 5465 323 5521 gemmas
337 5449 460 5505 metallis
474 5446 650 5503 includendi.
872 5449 989 5509 llinteln
998 5463 1057 5505 non
1068 5447 1101 5508 in
1115 5448 1230 5506 dioecasi
1245 5448 1510 5509 bernwardisitum
1524 5459 1596 5511 erat.

87 5519 297 5578 Candelabrum
329 5521 403 5577 hauc
428 5518 646 5593 inscriptionem
673 5517 815 5590 prefert:
