3878 6112
131 257 197 312 titt
805 254 834 309 S.
855 253 1034 310 abnuatur
1051 253 1205 308 inserts.
1825 258 1885 311 ttn

131 385 288 457 Evangelio
316 384 447 454 legitur:
491 383 573 438 iltuit
604 385 730 438 Dominus
753 383 915 453 parabolam
943 385 982 440 aol
999 389 1021 442 Α
1037 387 1119 454 Eripe
1132 400 1173 438 nae
1187 383 1305 450 deluto,
1328 389 1431 439 utnon
1461 385 1688 453 inthar31ibera
1721 401 1768 440 me
1799 388 1837 441 ab
1852 389 1886 442 lio

131 475 253 540 turbam;
269 477 297 528 et
310 473 340 527 in
356 471 412 526 ulio
436 473 548 542 psalmo
569 489 576 525 :
600 473 730 540 Apertam
741 474 772 525 in
788 472 929 542 parabolis
952 489 981 529 os
1131 474 1180 541 qui
1193 471 1307 526 adessent
1325 488 1376 538 me,
1388 480 1414 528 et
1425 473 1459 527 de
1471 473 1621 542 profundis
1636 490 1794 542 aquarum.

130 576 227 616 meum
244 560 440 615 Parabalaest
461 560 656 613 enimnatura
685 559 910 629 discrepantium
935 576 979 615 re·
1069 563 1174 630 Aperte
1189 560 1250 614 haec
1265 559 1301 614 de
1314 560 1431 628 ladaeis,
1456 561 1506 632 qui
1534 577 1601 615 eum
1626 578 1707 616 nunc
1734 578 1834 633 quarn
1852 564 1887 617 di-

130 665 205 713 rum,
239 648 292 702 sub
319 648 417 718 alique
451 647 649 712 similitudine,
687 647 762 702 lacta
794 648 978 719 comparatio,
1033 647 1166 702 texerunt
1180 646 1239 718 (sic)
1255 648 1325 702 dicit
1341 648 1596 717 :Etdeprosnndis
1612 665 1767 719 aquarum.
1788 651 1888 704 Demus

132 736 417 808 moreproridentiae
432 751 500 801 sua,
516 739 548 789 ul
575 735 625 805 qui
652 736 892 806 coelestiecapere
921 753 980 790 nnn
1034 751 1151 806 operam
1178 740 1209 789 ut
1233 735 1346 790 hisdem
1368 736 1462 790 verbis
1489 742 1518 791 et
1541 753 1592 791 nos
1618 738 1786 792 Dominum
1810 755 1887 810 roge

95 843 101 852 ’
131 828 275 895 poterant,
291 839 343 894 per
357 829 484 878 terrenus
505 823 708 877 similitudines
722 823 820 877 auditu
833 823 980 895 percipere
1034 840 1108 891 mus,
1130 824 1234 894 quibas
1262 824 1492 894 Caputnostrnm
1517 841 1649 880 exorasse
1670 827 1887 897 cognoscimus.

132 912 302 983 potuissent.
1033 913 1091 966 lloc
1104 912 1187 982 plane
1202 911 1345 966 subtiliter
1371 913 1608 983 perscrutandum
1630 917 1673 968 est
1688 928 1787 983 quare
1809 929 1887 984 supe

168 1001 321 1056 Adversum
335 1015 377 1054 me
399 999 578 1070 loquebantur
602 1002 651 1069 qui
662 1000 792 1055 sedebant
804 1002 835 1055 in
846 1006 939 1071 porta,
956 1007 981 1055 et
1035 1001 1094 1054 rius
1108 1000 1196 1054 infixo
1217 1000 1286 1054 limo
1311 1000 1411 1056 dixerit
1440 1005 1469 1054 el
1491 1002 1537 1056 bic
1566 1018 1601 1056 ne
1626 1002 1657 1055 in
1685 1002 1753 1072 ipso
1782 1002 1888 1056 haerere

132 1092 162 1143 in
175 1104 216 1143 me
227 1089 381 1158 psallebant
395 1091 444 1157 qni
455 1088 579 1142 bibebant
591 1091 695 1142 vinum.
1034 1088 1125 1158 possit
1139 1092 1247 1142 exorat.
1259 1088 1365 1143 Infixae
1376 1089 1477 1160 utique
1488 1090 1556 1143 limo
1570 1089 1636 1153 luit,
1650 1105 1747 1160 quum
1759 1095 1889 1161 suscepte

169 1175 406 1244 lnillissoilicet‚
421 1174 980 1246 qaia,habentesclavemscientiae,ne·
1034 1175 1127 1230 carnis
1155 1176 1323 1230 infirmitate
1351 1176 1518 1243 tenebatur;
1548 1176 1626 1231 uude
1651 1177 1746 1231 etiam
1764 1183 1887 1232 mortem

133 1278 189 1334 quc
200 1263 359 1318 introibunt
378 1279 471 1333 neque
485 1263 556 1317 alios
566 1262 687 1317 introire
700 1263 894 1333 pertinebant,
906 1263 980 1318 Scri·
1034 1264 1125 1318 crucis
1145 1264 1262 1334 accepit.
1289 1263 1339 1318 Hic
1363 1270 1460 1319 antem
1487 1271 1685 1335 competenter
1705 1266 1842 1337 exposcit
1862 1271 1889 1320 ut

132 1352 177 1407 bae
194 1356 223 1406 et
237 1351 383 1417 Pharisaei,
398 1351 447 1422 qui
467 1350 667 1405 discernebant
691 1367 790 1405 causas
815 1367 879 1406 cum
903 1352 982 1406 sede-
1035 1352 1132 1406 anima
1153 1353 1215 1422 ejus
1239 1368 1256 1405 a
1282 1352 1432 1407 desideriis
1457 1352 1550 1418 luteis,
1577 1353 1604 1408 id
1621 1358 1664 1408 est
1680 1353 1778 1422 hujus
1795 1352 1889 1408 mundi

133 1441 203 1495 bant
216 1442 246 1493 in
262 1441 377 1508 publico
385 1440 514 1510 judicio;
530 1445 555 1493 et
566 1443 595 1494 in
613 1454 654 1493 me
669 1440 822 1507 psallebant
845 1442 894 1508 qui
911 1440 982 1494 bibe-
1034 1439 1247 1510 cupiditatibus,
1265 1440 1399 1495 reddatur
1414 1440 1519 1507 alienu,
1536 1441 1612 1512 quod
1639 1441 1718 1495 bene
1736 1442 1889 1512 suscipitur

135 1527 315 1593 bantoinum,
337 1527 440 1597 repleti
464 1528 541 1581 enim
568 1528 635 1581 vino
658 1527 830 1598 iniquitatis.
852 1527 982 1592 Qualiter
1035 1545 1052 1581 a
1080 1534 1159 1598 parte
1186 1528 1392 1595 membrorum,
1415 1545 1472 1600 qua
1490 1530 1537 1583 ille
1574 1530 1635 1583 luto
1656 1530 1811 1584 inhaerere
1836 1547 1887 1584 non
1927 1525 1929 1535 '

135 1616 412 1669 euminterlicerent
439 1614 664 1679 concinnabant3
690 1615 775 1668 stulte
799 1614 875 1668 enirn
904 1616 980 1685 psel-
1036 1620 1144 1686 palerat
1163 1616 1333 1686 quipeccali
1350 1619 1490 1672 maculam
1505 1617 1717 1673 noulrabebat.
1737 1619 1887 1673 biberant

134 1703 267 1766 lentium,
284 1702 350 1756 audi
366 1701 491 1772 qualiter
514 1701 614 1756 doceat
637 1717 686 1755 vos
702 1718 709 1756 ε
725 1703 845 1769 Psallite,
874 1703 978 1773 inquil.
1035 1703 1303 1768 comisationem,
1323 1703 1399 1758 istud
1417 1705 1453 1759 ad
1477 1704 1627 1758 iudaicam
1657 1707 1810 1775 poputum
1830 1722 1883 1759 rna·

133 1793 279 1859 sapienter.
304 1790 352 1842 Vel
362 1789 434 1843 ebrii
448 1793 530 1843 erant
544 1789 579 1843 de
593 1789 670 1856 vino,
683 1790 797 1860 quando
813 1792 983 1860 operiebant
1036 1790 1171 1846 niiestum
1205 1796 1246 1846 est
1277 1793 1431 1862 pertinere.
1461 1792 1564 1858 Quare,
1589 1799 1734 1863 surgente
1768 1793 1878 1860 Christo,

134 1882 221 1948 caput
237 1877 309 1948 ejus,
338 1882 367 1932 et
388 1876 540 1932 dicebant:
567 1877 729 1946 Prophetiza
751 1879 838 1944 nobis,
865 1880 979 1946 Christe,
1035 1894 1136 1933 eorum
1156 1880 1223 1935 odia
1245 1881 1382 1935 frustrata
1399 1885 1577 1947 vanuerunt;
1595 1896 1662 1934 nam
1688 1882 1775 1952 quod
1800 1881 1880 1937 dixit:

135 1968 250 2035 quisest
264 1967 348 2034 quite
361 1966 504 2034 percussit.
537 1965 568 2018 ln
590 1964 682 2035 portis
711 1964 812 2019 sedent
836 1965 886 2036 qai
910 1981 980 2020 con·
1035 1968 1231 2036 Deprofundis
1247 1984 1394 2038 aquarum,
1414 1969 1448 2024 ad
1474 1969 1611 2040 populum
1639 1969 1740 2038 ipsum
1767 1986 1830 2024 non
1851 1973 1887 2023 et

134 2053 265 2108 ventibus
289 2053 452 2118 hominum,
478 2053 578 2106 sedula
609 2052 786 2120 curiositate,
813 2053 979 2107 miscentur.
1036 2054 1155 2109 dubium
1174 2058 1329 2125 pertinere,
1353 2056 1421 2128 quia
1435 2057 1595 2128 profundus
1616 2060 1679 2111 erat
1706 2057 1888 2128 malignitate

135 2140 207 2196 Dicit
236 2140 313 2195 enim
337 2141 500 2210 passionem
527 2155 609 2194 snam
636 2139 715 2209 genti
741 2139 868 2195 iudaicus
894 2140 982 2193 fuisse
1036 2143 1160 2205 consilii,
1176 2150 1204 2198 et
1218 2143 1410 2199 seditionibus
1423 2144 1615 2199 turbulentus.

134 2228 272 2293 fabulam,
288 2235 319 2283 ut
334 2229 430 2282 nullus
446 2227 711 2299 excipereturqaia
727 2227 777 2281 tali
796 2227 983 2283 collocatione
1035 2231 1102 2285 Non
1126 2247 1167 2286 me
1190 2233 1327 2301 demerqat
1356 2237 1608 2303 tempestateque,
1629 2248 1719 2301 neque
1747 2232 1889 2288 absorbeat

135 2316 304 2371 redderetur
329 2316 450 2370 alienus.
476 2317 513 2370 lle
540 2315 703 2386 opprobriis
723 2332 756 2370 ae
778 2315 911 2370 connciis
937 2317 984 2370 lu·
1071 2335 1112 2373 me
1138 2319 1316 2387 morandum,
1335 2335 1421 2390 neque
1439 2325 1534 2388 urqeat
1558 2335 1640 2389 super
1666 2335 1711 2374 me
1734 2326 1840 2390 pateres
1864 2336 1889 2375 os

136 2405 266 2460 daeorum
276 2404 413 2458 hactenus
426 2405 546 2459 locutus.
561 2405 650 2469 Nunc,
663 2408 803 2474 quantum
814 2403 885 2458 mibi
896 2404 983 2470 ¹vide·
1071 2421 1160 2461 suum.

135 2501 192 2560 tur,
208 2492 243 2546 de
257 2491 389 2546 fidelibus
405 2493 473 2546 dicit
488 2509 495 2546 :
511 2495 547 2546 lit
558 2494 587 2546 in
601 2507 643 2546 me
660 2493 814 2562 psallebant
839 2495 889 2560 qui
914 2492 984 2546 bibe-
1072 2496 1130 2549 Vox
1146 2495 1250 2550 Christi
1273 2497 1344 2550 inid
1367 2496 1444 2567 quod
1468 2497 1556 2551 homo
1583 2501 1635 2549 est.
1659 2496 1727 2550 Haec
1754 2497 1890 2567 passioni·

137 2581 202 2635 bant
217 2582 319 2634 vinum.
337 2581 369 2634 ln
387 2580 542 2634 [lominum
553 2581 680 2648 psallant
691 2581 741 2650 qui
757 2580 868 2635 actione
880 2581 983 2651 proba·
1039 2582 1092 2636 bris
1106 2588 1259 2653 tempestas
1275 2599 1334 2638 non
1353 2601 1419 2639 eum
1444 2584 1475 2638 in
1490 2583 1688 2653 profunditate
1706 2584 1808 2654 abyssi
1822 2585 1889 2638 reti-

136 2668 186 2723 bili
205 2668 381 2738 diriguntur,
411 2673 439 2721 et
463 2666 598 2737 operibus
622 2668 748 2723 reddunt
773 2685 838 2740 qaas
866 2669 984 2723 monitis
1039 2675 1105 2725 neat
1130 2671 1289 2725 infernalis.
1313 2674 1403 2741 Neque
1426 2672 1569 2726 absorbeat
1589 2687 1630 2725 mc
1649 2672 1836 2740 profundum,
1862 2672 1889 2726 iu

136 2754 592 2825 coelestiamandatasuscipiunt.
1038 2774 1106 2829 quo,
1123 2758 1192 2812 dum
1222 2775 1274 2830 per
1301 2765 1421 2814 mortem
1455 2758 1612 2823 descendit,
1641 2774 1699 2812 non
1734 2759 1889 2814 devoretur

136 2844 194 2910 lieo
220 2858 283 2897 nem
311 2845 460 2896 orationem
480 2858 566 2896 meam
598 2842 638 2896 ad
660 2847 693 2909 te,
729 2845 856 2910 Domina·
879 2848 983 2913 tempus
1039 2847 1074 2898 ab
1089 2846 1144 2913 eis;
1158 2861 1242 2916 neque
1262 2851 1357 2915 urpeat
1371 2862 1452 2916 super
1470 2863 1511 2901 me
1533 2851 1629 2916 puteus
1644 2861 1777 2913 ossuum,
1796 2848 1888 2903 aditus

427 2930 594 2999 beneplaciti,
614 2930 695 2984 Deus.
1003 2933 1152 2996 ciniani,
1178 2936 1236 2988 sive
1253 2934 1392 2989 diabolus.
1417 2936 1510 3006 ltogat
1536 2934 1613 2989 enim
1642 2949 1679 2988 ne
1694 2940 1849 3005 mergatur
1872 2951 1889 2989 a

173 3020 231 3073 Vox
244 3018 348 3073 Christi
362 3018 398 3073 ad
412 3020 534 3073 Patrem.
557 3019 620 3073 Non
644 3019 722 3073 enim
740 3019 896 3073 rincorhis
918 3036 983 3090 pas·
1038 3022 1183 3087 fluctibus,
1213 3021 1243 3075 id
1272 3026 1315 3076 est
1336 3038 1352 3075 a
1375 3021 1472 3075 saeculi
1494 3021 1576 3075 istius
1592 3025 1766 3091 tempestate
1796 3024 1888 3076 saevis

137 3106 278 3174 sionibus,
292 3107 361 3178 quie
375 3112 470 3161 tecum
487 3123 552 3161 sum
566 3107 597 3160 in
612 3107 757 3173 oratione;
774 3123 821 3176 eqo
839 3123 901 3163 nero
922 3124 983 3163 ora-
1039 3110 1119 3175 sima,
1137 3125 1202 3181 quae
1216 3109 1246 3163 in
1263 3109 1380 3164 modum
1395 3108 1483 3163 maris
1498 3109 1610 3163 animes
1624 3109 1745 3175 sorbuit,
1770 3112 1888 3180 quando

139 3198 237 3250 tionem
248 3210 335 3248 meam
351 3194 389 3248 ad
404 3196 570 3261 labamine.
585 3194 692 3248 ludaeis
707 3195 779 3249 mihi
794 3196 869 3249 male
888 3197 984 3249 dicen·
1039 3214 1087 3252 eas
1114 3197 1183 3251 vitio
1217 3197 1366 3268 pravitatis
1387 3197 1563 3264 involuerum
1593 3196 1634 3252 ait
1659 3196 1761 3251 enim:
1791 3200 1887 3268 Neque

139 3282 238 3336 tibus:
269 3283 404 3348 mentae,
433 3282 558 3348 cruoittm
580 3295 653 3346 eum;
680 3293 732 3349 ego
756 3296 809 3349 pro
834 3281 875 3334 eis
899 3297 985 3336 orans
1039 3284 1180 3339 absorbeat
1199 3300 1241 3338 me
1253 3285 1431 3354 prestructum.
1457 3284 1636 3339 Profundum
1659 3284 1760 3355 utique
1785 3302 1889 3356 pecca·

139 3369 298 3440 loquebar:
316 3371 406 3435 Pater,
432 3372 539 3437 iqnosae
553 3371 601 3422 eis.
618 3369 684 3423 Non
707 3370 778 3423 enim
803 3371 892 3424 sciunt
916 3370 986 3439 quid
1039 3376 1100 3427 tum
1122 3376 1176 3436 est,
1196 3372 1272 3442 quod
1296 3373 1450 3426 voracitate
1475 3371 1599 3441 quadam
1623 3370 1746 3442 deglutit
1770 3373 1887 3426 animas

137 3458 254 3524 iaciunt.
270 3457 394 3526 Tempus
421 3456 564 3526 placendi,
592 3457 739 3511 Dominus.
761 3457 984 3527 HicestFilius,
1039 3460 1253 3530 impiorum,ut
1280 3459 1315 3514 ad
1331 3459 1542 3531 poenitudinem
1564 3458 1653 3513 redire
1667 3465 1817 3528 nequeant
1833 3460 1887 3528 qui

138 3545 229 3600 Filius
242 3559 316 3599 meus
330 3547 360 3598 in
374 3559 427 3613 quo
440 3546 510 3599 milti
536 3545 695 3613 complacui.
720 3544 804 3599 Venit
817 3545 851 3599 ad
867 3546 985 3600 tertium
1039 3548 1076 3603 de
1101 3553 1217 3603 actuum
1245 3563 1363 3603 suorum
1398 3547 1552 3617 iniquitate
1591 3544 1748 3616 desperant.
1790 3547 1886 3614 Neque

137 3641 233 3707 ceput,
251 3636 300 3691 ubi
314 3642 415 3691 contre
430 3637 578 3691 maledieta
592 3637 757 3691 ludaeorum
773 3635 911 3690 cretionis
926 3652 985 3691 suae
1039 3640 1136 3705 urqeat
1157 3650 1239 3706 super
1261 3651 1303 3690 me
1323 3641 1421 3706 puteus
1440 3651 1469 3691 os
1493 3650 1582 3691 suum.
1599 3635 1703 3690 Pulsus
1735 3633 1816 3687 enirn
1843 3638 1890 3688 est

137 3727 234 3798 posuit
248 3725 427 3780 sanctitatem
442 3725 564 3779 coelestis
582 3726 695 3790 Ductor,
718 3723 869 3778 insinuans
879 3725 985 3795 J‘nrgiis
1039 3730 1124 3778 terrae
1138 3725 1223 3779 altius
1238 3728 1370 3778 excavata
1382 3723 1579 3794 profunditas3
1603 3722 1635 3776 in
1660 3737 1726 3794 quo,
1752 3738 1806 3793 per
1821 3723 1888 3776 alle

137 3815 290 3870 hominum
305 3830 362 3867 non
376 3814 563 3868 inflammatis
577 3812 656 3879 rixis,
672 3812 721 3867 sed
735 3811 791 3883 piis
808 3813 986 3867 orationibus
1040 3813 1161 3883 goriam,
1179 3829 1243 3867 vere
1267 3812 1399 3867 incidunt
1421 3819 1595 3882 peccatores,
1624 3811 1739 3882 quando
1763 3825 1792 3864 se
1815 3827 1833 3864 e
1846 3811 1887 3865 vi·

138 3903 322 3959 obviendum.
335 3901 545 3973 videamusque
556 3918 642 3969 uisne,
659 3900 735 3971 quod
747 3900 895 3970 sittempns
908 3902 985 3956 bene·
1039 3900 1112 3955 tiosa
1134 3900 1281 3954 voluntate
1308 3916 1368 3954 non
1405 3900 1591 3966 abstrahuut;
1628 3903 1771 3969 urgetque
1801 3913 1887 3968 saper

136 3993 246 4061 placiti.
272 3990 345 4046 Illud
369 3995 484 4060 tempus
505 3994 548 4044 est
567 3990 738 4058 beneplaciti,
752 3989 879 4060 quanda,
895 3989 986 4043 incar·
1041 4003 1134 4042 cosas
1150 3988 1428 4054 suumconcludere,
1454 4003 1520 4042 cum
1544 3986 1801 4058 usqaeedmortis
1830 4001 1887 4040 sue

138 4079 264 4134 nationis
279 4093 339 4132 suae
351 4077 502 4145 beneficio,
525 4077 736 4147 periclitantem
762 4076 903 4131 mundum
927 4077 984 4131 im·
1041 4081 1154 4146 tempus
1168 4076 1200 4129 in
1215 4075 1339 4146 pessima
1352 4076 1501 4130 voluntate
1520 4075 1687 4146 persistunt.

139 4167 262 4222 minenti
272 4166 404 4221 liberavit
416 4167 513 4220 exitio.
531 4167 588 4220 lloc
612 4170 726 4235 tempus
741 4169 783 4219 est
811 4164 984 4234 beneplaciti,
1042 4164 1159 4219 Euaudi
1170 4179 1221 4229 me,
1236 4166 1356 4233 Domine,
1370 4166 1499 4233 quoniam
1511 4163 1626 4230 benigna
1640 4168 1679 4218 est
1701 4163 1890 4218 misericordia

55 4243 56 4247 ¹
139 4256 174 4311 de
192 4271 250 4326 qua
266 4260 295 4309 et
309 4254 462 4324 Apostolus
477 4254 540 4308 ait:
559 4256 626 4308 Ecce
644 4268 716 4307 nunc
730 4258 834 4322 tempus
861 4220 1026 4323 accepta·D
1078 4255 1136 4318 tua,
1162 4252 1308 4307 secundum
1330 4251 1533 4307 multitudinem
1554 4252 1759 4306 miserationum
1783 4256 1891 4306 tuarum

141 4342 201 4409 bite,
222 4357 278 4396 ecoe
290 4357 360 4395 nuno
375 4341 431 4396 dies
446 4343 547 4396 salutis
1077 4342 1181 4409 respice
1196 4343 1226 4394 in
1241 4355 1292 4394 me.

139 4431 172 4485 ln
186 4429 360 4484 multitudine
374 4429 567 4483 misericordia
595 4432 647 4482 tua
671 4427 844 4496 exaudime,
864 4430 894 4484 in
913 4431 987 4485 ocri·
1078 4428 1134 4481 Vox
1158 4427 1261 4483 Christi
1289 4427 1323 4482 ad
1347 4427 1462 4482 Patrem
1493 4442 1546 4498 pro
1570 4430 1651 4497 parte
1682 4425 1788 4480 carme.
1819 4427 1891 4493 llaec,

443 4521 498 4572 tate
509 4519 608 4572 saluus
624 4521 685 4571 tue.
1044 4516 1200 4571 secundum
1216 4515 1414 4570 infirmitatem
1428 4516 1585 4570 humanam
1610 4514 1748 4585 postulet,
1776 4514 1890 4570 dicens:

178 4606 288 4675 Utpost
301 4620 397 4659 veram
422 4610 546 4659 mortem
567 4602 785 4659 resurrectionis
808 4604 912 4660 ueritas
936 4622 987 4675 ap·
1043 4605 1116 4671 Ouia
1130 4605 1200 4659 alios
1214 4620 1280 4658 mea
1304 4604 1437 4675 passione
1456 4601 1613 4667 redemisti,
1629 4617 1675 4655 ma
1697 4601 1893 4671 precurrente

141 4696 289 4765 probetur.
301 4695 364 4748 Non
375 4693 451 4748 enim
461 4709 548 4764 parva
560 4692 757 4748 misericordia
768 4692 833 4759 fait,
851 4709 916 4764 quse
929 4698 989 4749 tam
1043 4692 1242 4748 misericordia
1265 4692 1469 4761 contemplare.
1497 4689 1569 4746 llicit
1592 4689 1670 4744 enim
1687 4705 1694 4742 :
1710 4687 1827 4743 Mundi
1843 4701 1892 4751 me,

142 4782 298 4853 ingentied
309 4782 692 4854 peccatumsuperavit(sic).
710 4781 859 4837 ltultitudo
872 4780 989 4852 quidem
1044 4783 1169 4847 Domine·
1188 4796 1360 4851 causamque
1377 4795 1468 4851 quare
1482 4778 1652 4834 exaudiatur
1667 4776 1814 4848 adjungit,
1836 4789 1893 4829 non

145 4872 200 4927 luit
214 4871 320 4932 delicti,
337 4871 386 4926 sed
401 4872 492 4926 multo
517 4869 699 4926 numerosior
723 4868 918 4924 misericordia
939 4868 990 4923 illa
1044 4869 1112 4941 quia
1126 4874 1253 4924 meretur
1267 4867 1442 4933 humanitas,
1459 4869 1509 4923 sed
1524 4869 1593 4937 quia
1616 4864 1806 4921 misericordia
1836 4864 1896 4917 Do·

144 4976 210 5031 quae
223 4958 299 5025 vicit,
310 4975 386 5026 cum,
399 4963 559 5013 memorato
569 4962 699 5028 tempore
710 4956 914 5012 misericordiae
925 4972 990 5027 quae
1043 4959 1112 5012 mini
1139 4960 1179 5011 est
1211 4943 1328 5025 beniqna
1370 4970 1542 5026 semperque
1581 4955 1616 5009 ad
1655 4952 1896 5008 benefaciendum

142 5048 283 5121 passionis
297 5050 418 5103 salutem
434 5048 540 5102 munda
561 5045 704 5118 praestitit,
728 5061 907 5118 consequens
934 5044 990 5100 tuit
1043 5050 1154 5118 parata,
1168 5060 1234 5099 cum
1248 5049 1345 5099 tamen
1358 5043 1536 5116 piepetilur,
1552 5048 1582 5098 et
1595 5042 1624 5098 ei
1654 5040 1806 5114 purissime
1829 5054 1894 5108 sup·

143 5143 176 5194 ut
189 5143 217 5194 et
241 5137 481 5193 resurrectionem
506 5135 560 5191 sibi
585 5135 683 5191 venire
703 5139 878 5205 precaretur,
903 5149 990 5206 quum
1043 5134 1175 5205 plicatur.
1188 5133 1231 5201 Et,
1261 5137 1294 5187 ut
1338 5133 1430 5204 ipsam
1460 5131 1669 5203 benignitatem
1701 5128 1765 5199 pius
1794 5125 1896 5179 doctor

143 5226 305 5282 inveritate
330 5225 473 5296 pollicitus
499 5225 591 5280 lueret
606 5240 658 5295 per
672 5223 837 5295 prophetas.
855 5223 991 5277 Precatur
1044 5225 1209 5292 exponeret,
1231 5220 1360 5291 adjecit:
1381 5220 1534 5276 Secundum
1555 5216 1756 5273 multitudinem
1777 5214 1897 5266 misera·

144 5314 338 5382 ergoPutrem
353 5330 411 5369 non
427 5319 529 5368 natura
557 5312 680 5379 deitatis,
701 5327 767 5383 quse
781 5310 908 5382 ejusdem
923 5326 990 5381 per·
1045 5310 1149 5364 tionum
1162 5311 1276 5365 tuarum
1288 5311 1393 5379 respice
1405 5311 1436 5362 in
1457 5324 1508 5363 mc.
1525 5307 1673 5378 Adipsem
1688 5317 1803 5373 semper
1828 5301 1897 5356 red-

144 5399 263 5471 oeqnalis
277 5405 329 5467 est,
345 5402 395 5457 sed
409 5401 561 5456 infirmitas
575 5404 723 5471 assumpta
737 5398 871 5465 hominis,
887 5398 917 5452 in
933 5414 991 5469 qua
1045 5398 1088 5453 dit
1096 5397 1158 5467 (sio)
1175 5411 1262 5468 quem
1273 5396 1415 5453 debilibus
1423 5396 1461 5451 sit
1469 5399 1602 5467 pauens,
1615 5393 1661 5450 cui
1668 5389 1768 5448 omnia
1779 5395 1899 5462 peccatu

146 5488 241 5543 minor
256 5494 299 5542 est
311 5488 398 5544 Petri.
1045 5487 1162 5552 cedunt,
1178 5487 1309 5556 quumvis
1322 5484 1559 5542 numerosissima
1571 5480 1806 5556 comprobentur.
