3878 6112
140 206 188 261 ιιι
789 211 816 263 S.
840 208 984 266 tltluulct
1003 208 1242 266 tercentenis
1845 214 1891 267 tls
1914 162 1919 167 ·

137 335 262 405 poterat,
278 329 460 388 constrinxit.
480 329 645 387 Aulicovum
679 330 855 387 famulorum
879 346 984 386 nume·
1001 332 1024 386 Α
1042 328 1150 384 dralem
1166 329 1317 385 eeclesiam
1340 334 1513 402 spectantes,
1535 347 1612 388 aurae
1627 333 1779 403 captandae
1794 349 1891 398 causa,

138 438 203 477 rum
223 421 258 477 al
273 426 383 476 tautam
410 420 521 492 redegit
546 421 731 492 paucitatem,
758 426 790 475 ut
813 419 857 475 vir
871 420 989 492 imperii
1044 424 1157 490 apertas
1176 418 1300 474 babens.
1332 420 1459 491 Contigit
1481 418 1557 477 inter
1580 423 1733 493 legendam
1750 427 1782 478 nt
1797 424 1893 479 adver-

140 509 280 582 Principis
300 509 470 579 dignitatern
498 510 572 564 tueri
607 510 758 565 rideretur.
790 509 904 564 Festum
927 526 989 563 orn·
1043 523 1107 562 sum
1123 508 1295 578 campanile,
1307 508 1356 563 ubi
1371 509 1539 578 grandiores
1553 509 1580 566 S.
1605 511 1816 567 HeinricietS.
1836 513 1891 567 Cu·

139 616 206 656 nem
222 604 251 653 et
264 614 401 669 pompam
426 597 589 668 respuebat,
615 603 643 652 et
671 597 816 652 victitabat
834 598 988 653 tautalru-
1044 597 1186 667 negandis
1215 597 1527 668 cenrpanaependent,
1558 599 1744 671 perspiceret,
1782 600 1891 672 ibique,

140 690 267 762 galilata,
282 687 417 758 privatim
433 687 576 758 precipue
591 704 656 741 cam
683 688 838 758 pranderet
868 693 987 744 autcoe-
1044 684 1241 755 superioribus
1270 703 1285 737 e
1312 687 1453 751 terrestris,
1483 687 1512 741 S.
1544 687 1707 743 llcinriciet
1735 688 1765 744 S.
1797 691 1887 743 Gune-

141 782 234 846 naret,
264 781 307 845 ut,
335 776 427 831 tribus
455 775 651 830 adsumamus
682 777 797 831 ferculis
825 777 989 848 vulgaribus
1043 771 1149 841 gaudis
1164 771 1307 844 imperiali
1331 777 1430 827 belum
1459 779 1544 845 atque
1567 790 1682 843 corona,
1704 775 1890 847 utipingun·

143 868 307 932 contentus,
331 863 497 932 religiosum
536 863 634 933 polius
666 863 697 918 ιιι
734 865 867 931 claustro,
901 880 988 935 quam
1042 864 1101 930 tur,
1125 863 1278 916 simulacre
1305 862 1445 918 immensa
1472 864 1535 918 luce
1563 863 1752 927 coruscantia,
1782 868 1890 919 etsan-

144 955 315 1024 Episcopum
331 957 361 1006 ct
380 951 541 1022 Principem
571 951 599 1004 in
622 951 730 1022 palatio
761 957 988 1023 repraesentaret.
1043 954 1120 1003 ctnrn
1138 949 1433 1021 quidemlleinricnm
1462 967 1552 1006 menn
1566 951 1620 1008 sibi
1639 957 1819 1008 corruentem
1833 969 1893 1009 cer·

178 1043 255 1093 sna
282 1040 404 1093 licentra
428 1038 477 1092 ubi
503 1039 617 1093 divinus
632 1042 735 1106 cultus,
753 1046 803 1094 aut
827 1039 990 1094 animarum
1044 1044 1133 1092 navet.

142 1128 270 1195 reductio
285 1126 431 1196 agebatur,
447 1129 544 1197 trsnllis
571 1130 706 1199 parcebat
728 1128 875 1200 impensis.
896 1129 941 1184 Sic
955 1129 990 1184 ad
1079 1125 1123 1179 ιθ.
1143 1147 1156 1176 ιι
1173 1125 1247 1180 Visio
1267 1125 1323 1180 ista
1352 1126 1503 1183 horrorem
1532 1127 1627 1199 primo
1655 1127 1775 1184 incussit
1805 1130 1894 1185 maai·

143 1217 326 1270 excitandum
341 1221 370 1269 et
395 1216 672 1286 proniovendnmlin
693 1216 990 1288 juventuteardorem
1045 1230 1141 1280 muns,
1163 1220 1373 1285 qucmtaruen,
1401 1215 1450 1270 ubi
1463 1233 1493 1270 se
1517 1217 1667 1286 paululum
1683 1218 1845 1288 collegisset
1867 1225 1894 1274 et

143 1304 322 1360 addiscendae
350 1305 488 1359 doctrinae
517 1305 695 1370 Claternae,
731 1304 760 1358 iu
782 1304 843 1358 sole
883 1320 990 1358 munn·
1045 1304 1149 1357 sanetis
1165 1304 1221 1358 illis
1245 1304 1374 1359 Patronis
1388 1304 1520 1359 obnixius
1534 1306 1774 1372 commendasset,
1793 1323 1891 1379 snper·

144 1395 221 1448 ecrrlu
255 1393 437 1456 catechclica‚
466 1393 572 1447 scilicet
599 1393 803 1447 catechismum
821 1390 934 1459 Ganisii,
963 1397 992 1446 et
1046 1393 1164 1446 veniens
1178 1393 1301 1447 interius
1321 1393 1425 1447 mentis
1449 1394 1540 1448 aliuse
1556 1395 1713 1449 consolatio
1726 1394 1790 1449 siue
1814 1412 1893 1451 mora

144 1480 272 1549 ejusdem
295 1479 409 1535 libellos
424 1482 459 1536 de
475 1482 684 1551 praeparatione
698 1482 729 1534 ud
742 1481 947 1534 contessionem
963 1485 993 1534 et
1045 1481 1155 1551 exrrulit
1167 1488 1196 1535 et
1207 1481 1350 1536 abstersit.
1382 1480 1416 1536 Ut
1428 1484 1524 1535 arimin
1545 1481 1586 1535 rei
1602 1480 1751 1534 raritatem
1778 1478 1893 1551 penitus

145 1567 391 1628 communionem,
406 1566 767 1637 precatiounmtormules,
789 1568 990 1632 roseria,ima-
1047 1569 1197 1641 indagaret
1211 1586 1243 1625 ac
1268 1571 1373 1624 certius
1388 1574 1582 1640 cognosceret,
1610 1585 1668 1622 una
1692 1584 1760 1623 cnm
1787 1567 1894 1623 aedituo

146 1655 227 1726 giaes
242 1662 271 1710 et
285 1655 340 1710 alia
362 1655 505 1726 eJ'usmodi
528 1655 681 1709 coemenda
698 1657 844 1726 ingentem
860 1656 991 1728 pecunie
1049 1658 1257 1713 cubicularium
1275 1674 1376 1727 ιιιιιιιιι,
1404 1663 1468 1728 post
1492 1657 1615 1712 alterum
1642 1673 1676 1711 eo
1692 1656 1840 1722 submisit,
1864 1660 1896 1709 nt

148 1745 205 1800 vim
216 1761 248 1800 ex
258 1745 374 1816 proprio
389 1746 500 1815 peculio
510 1744 648 1816 proludit.
674 1744 742 1799 Sum
758 1745 887 1799 oculatus
900 1745 993 1810 testis,
1049 1746 1184 1817 quisnam
1198 1746 1228 1800 in
1249 1746 1322 1801 turri
1348 1753 1421 1801 esset
1435 1752 1465 1802 et
1487 1746 1542 1818 ipsi
1556 1751 1770 1818 cognoscerent.
1801 1748 1838 1800 nt
1855 1743 1897 1798 illi

148 1836 206 1890 iano
221 1839 249 1888 et
258 1839 426 1903 cooperator
435 1834 540 1902 exstiti,
555 1833 671 1904 quaudo
687 1848 744 1887 vine
763 1834 824 1887 rice
839 1832 894 1888 tria
909 1834 993 1887 llore-

148 1940 251 1987 uorunr
267 1922 357 1977 millia
370 1923 398 1976 in
413 1923 490 1976 huuc
506 1923 592 1977 linem
609 1926 767 1990 augustam
783 1922 946 1987 destinavit,
964 1928 995 1977 nt

147 2010 223 2064 aliud
249 2010 319 2064 nibil
336 2025 423 2081 quem
438 2026 518 2064 sacre
532 2011 675 2080 ejusmodi
692 2014 827 2076 amuleta,
842 2016 872 2064 et
889 2011 994 2064 excita·

147 2097 220 2151 torie
246 2114 403 2168 puerorum
440 2099 619 2169 apophoreta
651 2104 896 2168 compararentur.
925 2099 993 2162 Quen

147 2202 211 2240 cnm
225 2187 413 2256 appulissent,
428 2188 524 2241 omnia
537 2186 612 2241 intra
626 2188 712 2242 nnius
727 2188 913 2241 hebdomadae
928 2204 994 2257 spa·

148 2274 232 2340 lium,
246 2290 297 2346 par
313 2291 414 2330 omues
429 2275 516 2346 hujus
531 2277 657 2329 ecclesiia
673 2276 832 2345 parochias,
857 2274 994 2330 admoni-

147 2363 227 2417 toriis
242 2363 384 2434 adjunctis
398 2363 511 2430 litteris,
527 2363 725 2418 liberalissime
744 2363 887 2434 dispersit.

183 2455 226 2507 38.
245 2474 259 2501 ιι
285 2452 349 2507 Non
372 2452 520 2507 daerente
538 2452 670 2523 pecuniae
696 2451 928 2517 loeneraloribus,
944 2450 995 2523 qui

147 2539 347 2610 oggannirent,
375 2540 543 2595 immodicas
570 2539 693 2594 nimium
708 2555 846 2610 expensas
860 2539 890 2593 in
907 2539 995 2595 reior-

148 2630 307 2684 mationern
323 2629 476 2685 dioeceseos
490 2628 615 2701 erogari,
632 2628 758 2701 quando,
774 2644 840 2683 cum
864 2632 995 2699 tempore

1049 1833 1165 1906 quidem
1183 1834 1327 1890 neminem
1343 1835 1459 1905 penitus
1471 1835 1548 1891 ibise
1563 1835 1665 1890 vidisse
1679 1834 1895 1899 renuntiarunt,

1048 1939 1115 1978 cum
1142 1923 1241 1977 omnia
1270 1925 1505 1994 perlustrasseot;
1533 1922 1604 1978 visio
1628 1927 1726 1977 tamen
1755 1923 1808 1977 illa
1830 1938 1897 1994 per·

1050 2012 1167 2080 mansit,
1183 2012 1237 2067 illis
1253 2013 1454 2084 praesentibus,
1476 2011 1587 2066 tanretsi
1602 2011 1675 2066 nibil
1691 2010 1806 2083 uspiam
1822 2027 1898 2082 prae-

1049 2104 1093 2155 ter
1119 2101 1267 2155 horrorem
1294 2100 1448 2171 quemdem
1471 2100 1620 2154 insolitum
1646 2099 1897 2170 persentiscerent,

1049 2205 1102 2243 nec
1114 2189 1181 2259 quid
1198 2189 1252 2243 sibi
1267 2190 1418 2260 episcopus
1446 2188 1540 2255 vellet,
1560 2188 1765 2259 intelligerent.
1780 2188 1815 2243 Et
1830 2203 1894 2241 cum

1050 2293 1079 2332 se
1093 2278 1178 2332 tertio
1190 2277 1361 2332 ostendisset
1375 2278 1475 2332 eadem
1489 2277 1644 2348 apparitio,
1671 2276 1787 2331 tandem
1803 2276 1896 2330 omni·

1051 2382 1088 2421 no
1104 2365 1256 2437 disparuit.
1272 2366 1399 2438 ttontigit
1410 2365 1520 2437 vesperi
1536 2370 1565 2418 ut
1579 2381 1644 2420 cum
1660 2364 1733 2437 ipso,
1752 2364 1789 2418 de
1806 2380 1897 2429 more,

1051 2469 1103 2524 per
1133 2455 1249 2509 bortum
1277 2454 1463 2520 ambulando,
1489 2453 1642 2509 nratutinas
1674 2469 1740 2507 cnm
1764 2452 1899 2508 laudibus

1050 2557 1149 2614 preces
1172 2548 1237 2595 aute
1264 2557 1375 2596 coenam
1399 2543 1606 2613 persolverem;
1622 2542 1727 2614 quibus
1746 2540 1784 2594 ad
1810 2541 1897 2595 tinem

1051 2627 1187 2693 decursis,
1201 2628 1293 2682 verbis
1308 2629 1385 2683 bisce
1413 2645 1458 2682 mc
1473 2628 1613 2683 allocutus
1629 2635 1672 2682 est
1695 2643 1702 2681 :
1718 2627 1846 2692 eraestio
1858 2633 1900 2682 est

149 2717 241 2787 magis
263 2723 436 2789 opportuno,
452 2718 551 2772 omnia
567 2717 677 2772 minore
692 2722 809 2787 sumptu
823 2716 996 2786 perficienda
1050 2717 1085 2771 ed
1099 2722 1138 2781 te,
1154 2716 1255 2771 doctor
1271 2717 1413 2770 l'ornere:
1431 2717 1454 2771 si
1468 2717 1563 2771 Sancti
1578 2716 1702 2787 cuipiam
1726 2722 1897 2789 appareant,

148 2806 293 2872 venirent;
322 2807 428 2877 quibus
442 2805 489 2860 illa
505 2806 584 2861 dedit
602 2821 773 2877 responsum
789 2804 920 2876 Principe
948 2820 994 2859 ec·
1050 2805 1220 2860 etmanibus
1237 2805 1318 2876 quasi
1332 2805 1488 2860 enarrendo
1500 2806 1575 2861 adse
1591 2811 1702 2869 vocent,
1715 2805 1788 2876 quid
1808 2806 1897 2876 signi·

149 2886 290 2948 clesiatico
308 2894 451 2965 dignum:
477 2914 495 2950 ιι
519 2895 648 2950 Ecclesiae
670 2911 742 2949 meae
758 2895 834 2948 bona
852 2898 998 2963 tempora·
1015 2895 1035 2948 C
1054 2895 1139 2949 licere
1163 2893 1325 2947 existimas?
1341 2894 1488 2965 Optimum
1516 2911 1612 2964 omen,
1629 2895 1810 2965 inquiebam,
1839 2910 1897 2949 esse

150 2998 167 3032 ιι
184 2981 233 3050 lia,
256 2982 417 3054 inquiebat,
437 2983 536 3037 utilius
555 2999 714 3053 numquam
742 2982 995 3051 dispensabuntur,
1050 2982 1151 3037 duco:
1178 2981 1294 3052 siguum
1322 2988 1363 3037 cst
1391 2982 1508 3038 Sanctus
1526 2998 1603 3048 eum,
1633 2999 1720 3054 quem
1740 2983 1899 3044 vocantia

152 3070 318 3143 «quamsi
342 3071 377 3125 ad
401 3070 601 3141 ampliandam
620 3070 671 3125 Ilei
695 3069 995 3139 gloriam,etenime-
1050 3086 1134 3124 snum
1150 3071 1325 3124 consortium
1339 3069 1418 3124 brevi
1437 3070 1632 3142 adoptaturus.
1661 3072 1694 3127 lit
1721 3071 1748 3126 id
1765 3072 1899 3141 colligere

151 3175 249 3215 «rum
272 3160 395 3215 salntem
418 3159 645 3231 promovendam
670 3166 757 3229 atque
777 3158 994 3229 propagandam

151 3270 165 3297 a
185 3248 378 3303 insumantur.
399 3249 489 3313 Quam
512 3247 694 3303 animalium
710 3246 740 3302 in
757 3247 844 3301 linem
860 3247 888 3302 S.
907 3247 994 3301 llcin-

151 3360 162 3387 a
185 3336 261 3392 ricus
297 3337 445 3390 ecclesiam
474 3351 555 3390 sevam
576 3340 725 3407 tantopere
751 3334 952 3405 locupletavit?
982 3356 993 3384 ι

1051 3163 1095 3212 est
1112 3173 1146 3212 es
1171 3156 1255 3211 variis
1270 3158 1500 3229 apparitionibus
1514 3159 1695 3225 Sanctorum,
1718 3175 1791 3231 quas
1817 3159 1899 3214 refert

1050 3246 1077 3303 S.
1094 3245 1247 3316 Gregorius
1264 3246 1381 3316 blagaus
1393 3248 1424 3301 in
1440 3247 1518 3301 libris
1540 3248 1737 3318 llialogorum.
1760 3245 1807 3302 Sic
1822 3246 1896 3303 Ursi·

1051 3351 1089 3390 no
1111 3335 1277 3406 presbytero
1302 3343 1500 3406 apparuerunt
1527 3336 1573 3391 SS.
1602 3336 1847 3407 Apostolil’etrns
1871 3341 1898 3389 et

53 4892 59 4900 .
150 4854 218 4910 pag.
252 4839 312 4902 llll,
339 4837 432 4892 verbis
451 4835 759 4908 sequentibusrelert:
787 4835 858 4891 Rem
878 4850 996 4904 prorsus

151 3425 288 3481 Pastoreli
314 3425 367 3479 hac
392 3424 540 3496 vigilantia
556 3428 585 3478 et
599 3422 781 3491 liberalitate,
802 3438 924 3477 necnon
951 3423 995 3476 la·
1052 3425 1164 3486 Paulus,
1181 3430 1210 3477 et
1225 3439 1290 3478 evim
1306 3425 1340 3479 ad
1352 3424 1476 3478 coelestie
1488 3429 1650 3478 evocarunt
1708 3468 1710 3473 .

152 3515 252 3569 borum
268 3518 296 3567 et
310 3512 572 3568 contradictionum
586 3512 692 3567 invicta
706 3510 871 3580 tolerantia,
893 3511 996 3565 teuda-
1085 3512 1160 3566 ιιι
1187 3511 1233 3567 Sic
1258 3511 1350 3566 Probo
1379 3513 1514 3584 episcopo
1543 3512 1707 3568 Reatinos.
1738 3511 1896 3578 iuvenalis,

149 3601 276 3657 tissimus
289 3601 336 3657 bic
351 3602 455 3656 Praesul
478 3606 592 3656 tantum
607 3600 712 3665 etiecit,
728 3605 760 3654 nt
787 3599 863 3654 intre
878 3604 995 3669 septen·
1050 3600 1078 3655 S.
1096 3600 1274 3655 Eleutherius
1288 3601 1424 3672 blartyres
1438 3601 1535 3655 obitus
1548 3600 1625 3656 diem
1653 3601 1896 3672 praenuntiarunt

150 3690 241 3760 nium,
270 3691 403 3746 haeretica
432 3690 492 3744 lues
512 3706 545 3745 aa
575 3694 634 3744 tota
658 3690 749 3743 terme
763 3687 879 3743 diaecesi
911 3685 998 3741 luerit
1051 3689 1095 3744 Sic
1109 3688 1258 3760 Arnulplro
1272 3688 1471 3744 suessionensi
1494 3689 1629 3758 episcopo
1644 3688 1672 3744 S.
1702 3689 1822 3745 Michael
1848 3694 1898 3745 Ar·

150 3779 311 3852 profligata,
325 3785 353 3833 et
367 3779 525 3834 orthodoxa
546 3779 616 3833 lldes
631 3778 661 3833 ιιι
676 3794 739 3831 eam
761 3777 893 3842 reducta;
914 3780 943 3829 ct
957 3775 998 3829 sic
1052 3777 1207 3846 changelus
1222 3776 1317 3831 obitus
1333 3777 1409 3832 diem
1438 3777 1579 3848 predixit.
1595 3776 1640 3833 Sic
1663 3777 1898 3844 Aradium,rete·

151 3869 240 3924 multa
263 3868 354 3923 millia
386 3867 537 3923 bominum
575 3882 633 3922 non
658 3867 750 3920 solum
796 3871 865 3921 tunc
902 3864 997 3917 viven-
1052 3871 1132 3920 rente
1152 3865 1181 3921 S.
1209 3865 1346 3936 Gregorio
1379 3865 1547 3932 Turonensi,
1575 3865 1603 3918 S.
1633 3865 1772 3919 blartinus
1800 3864 1899 3920 etalii

149 3958 232 4021 tisim,
251 3956 298 4011 sed
326 3956 413 4012 etiam
439 3960 628 4028 posterorum,
649 3954 684 4009 ab
710 3953 828 4009 interitu
855 3951 998 4008 vindicata
1052 3961 1222 4025 apparentes
1236 3954 1271 4009 ad
1288 3954 1393 4023 gaudie
1409 3955 1558 4009 beatorum
1573 3953 1742 4008 invitarunt.
1766 3955 1815 4009 uae
1830 3959 1900 4008 tanc

150 4047 217 4100 sint.
1052 4043 1190 4112 temporis
1211 4042 1337 4097 historiae
1365 4043 1435 4097 mibi
1463 4043 1661 4097 occurrebant.
1684 4041 1728 4096 Ad
1743 4058 1811 4113 que
1832 4042 1898 4097 ille:

186 4137 229 4188 39.
258 4152 272 4185 ι
297 4132 351 4196 Qui
375 4132 507 4186 Praesens
531 4132 609 4185 zelus
637 4145 723 4200 quam
748 4133 881 4199 acceptus
906 4127 996 4182 luerit
1053 4128 1294 4200 Rectejudicasti.
1314 4131 1409 4185 Dicam
1432 4130 1568 4202 tibiquid
1594 4136 1660 4185 ente
1675 4130 1789 4203 aliquot
1806 4132 1899 4194 boras,

150 4222 177 4275 S.
213 4219 356 4285 llcinrico,
398 4226 427 4273 et
450 4218 526 4287 apud
564 4218 654 4272 Deum
696 4216 804 4285 meriti,
842 4216 938 4286 colligi
962 4232 995 4270 ex
1052 4216 1194 4271 hodierno
1223 4218 1383 4272 etiamnum
1410 4219 1464 4284 die,
1492 4218 1563 4274 mibi
1582 4219 1756 4290 contigerit:
1780 4220 1814 4275 Et
1837 4235 1896 4274 rem

151 4324 185 4363 eo
214 4313 309 4378 potest
335 4308 412 4377 qnod
442 4307 563 4361 caelestis
580 4305 787 4360 Paterfamilias
812 4305 900 4359 lidenr
921 4305 997 4359 bunc
1053 4321 1182 4372 omnem,
1199 4307 1241 4360 uti
1255 4306 1314 4376 jarn
1331 4307 1538 4373 recensuimus,
1552 4323 1606 4377 per
1624 4308 1758 4362 ordinem
1773 4324 1898 4379 expone·

152 4397 182 4450 in
196 4397 279 4451 vinea
294 4396 410 4450 llornini
425 4395 601 4465 operarium,
616 4394 670 4448 sub
689 4394 754 4448 vitae
766 4408 926 4464 vesperem,
945 4409 997 4461 per
1051 4393 1109 4448 bet.
1125 4395 1157 4449 Et
1173 4394 1411 4465 interpretatione
1427 4396 1543 4451 visionis
1553 4396 1589 4450 de
1603 4395 1722 4451 instanti
1741 4401 1836 4451 morte
1851 4412 1902 4451 sna

151 4486 308 4556 ipsummet
331 4484 357 4540 S.
390 4485 606 4555 Imperatorem,
642 4483 762 4554 ejusque
789 4481 996 4536 sanctissimam
1052 4483 1212 4538 luculenter
1240 4484 1390 4555 explicata,
1411 4485 1527 4540 tandem
1551 4484 1674 4555 ipsemet
1693 4484 1900 4557 subjungebat:

151 4574 314 4645 conjugem,
334 4573 369 4628 ad
386 4574 545 4627 mercedem
566 4570 997 4642 aeternamtamegregiilabc·
1053 4572 1142 4628 rtudio
1157 4572 1282 4628 similem
1293 4573 1432 4628 visionem
1461 4572 1587 4628 oblatam
1614 4574 1789 4628 antecessori
1804 4590 1901 4645 quon·

85 4670 87 4676 ’
151 4662 191 4718 ris
206 4660 410 4732 recipiendam,
434 4662 528 4717 levore
561 4659 788 4715 extraordinario
814 4673 915 4713 vocare
953 4658 996 4712 di·
1051 4661 1118 4716 dam
1147 4678 1220 4723 meo.
1246 4663 1384 4733 Wrgando
1421 4662 1557 4717 lledwitio
1588 4662 1655 4732 (tuit
1692 4662 1717 4717 is
1744 4663 1902 4735 Episcopus

152 4754 257 4821 gustus
280 4748 376 4803 luerit.
407 4750 477 4804 Rem
510 4749 593 4803 istam
617 4746 833 4802 memorabilem
855 4746 997 4801 Fornerus
1054 4750 1270 4821 bambergensis
1307 4750 1552 4820 quadragesimus,
1598 4765 1633 4803 eo
1675 4755 1808 4820 tempore
1844 4767 1901 4822 quo

1053 4839 1176 4893 haereses
1190 4843 1280 4892 totam
1296 4838 1477 4893 Germaniam
1494 4838 1720 4908 populabantur3
1732 4839 1783 4909 qui
1795 4838 1901 4894 Luttra·

151 4925 335 4998 stupendam,
351 4925 454 4997 inquit,
473 4924 645 4979 virissimem
655 4928 751 4979 tamen
762 4922 844 4977 vobis
857 4921 996 4989 relaram;
1054 4942 1084 4981 ro
1099 4930 1129 4981 et
1141 4927 1203 4996 ejus
1213 4927 1336 4992 asseclis,
1349 4927 1373 4979 si
1384 4926 1449 4996 quis
1466 4926 1549 4992 alius,
1568 4925 1769 4981 strenuissime
1786 4928 1901 4994 restitit,

152 5016 227 5070 unde
250 5014 373 5087 liquebit
407 5012 471 5086 quis
500 5012 527 5068 ci
566 5013 766 5066 imminentem
795 5026 829 5066 ex
867 5011 919 5064 bac
940 5011 998 5065 vita
1052 5018 1081 5068 et
1096 5013 1157 5085 ejus
1169 5014 1314 5085 paradoxa
1328 5014 1499 5069 ebecclesiae
1515 5015 1602 5084 hujus
1621 5013 1902 5086 ovili,quibuscum·

152 5103 305 5158 transitum
333 5101 514 5157 vaticinando
542 5099 718 5171 signillcerit.
745 5103 827 5154 Anno
867 5115 997 5166 uoxcvur,
1051 5106 1244 5173 quapoterat,
1274 5102 1408 5157 remediis
1437 5103 1625 5173 profligavit).
1642 5104 1669 5158 ls
1695 5120 1783 5173 porro
1801 5104 1903 5159 eodem

154 5192 203 5264 qui
228 5191 255 5246 ei
282 5192 376 5248 letalis
402 5191 465 5256 luit,
490 5205 567 5257 curu,
595 5189 626 5244 in
649 5186 800 5243 testivitate
825 5189 853 5244 S.
875 5187 999 5243 llcinrici
1052 5190 1239 5245 anuceriris
1253 5207 1315 5244 esse
1331 5190 1424 5246 desiit.
1453 5190 1575 5254 Videbis,
1603 5190 1762 5261 inquiebat,
1779 5191 1857 5247 idem
1873 5196 1900 5246 et

153 5281 348 5351 Imperatoris,
375 5296 461 5336 mane
487 5276 646 5350 pontiticali
674 5276 730 5330 ritu
761 5275 849 5331 sacris
863 5282 999 5346 operatus
1053 5277 1125 5334 mibi
1141 5285 1320 5334 eventurum.
1339 5280 1408 5334 Nam
1430 5278 1565 5349 inhujus
1585 5280 1653 5334 anni
1676 5279 1765 5335 fidem
1779 5295 1838 5334 non
1855 5294 1902 5333 aro

153 5374 238 5436 esset,
268 5385 283 5423 a
308 5371 432 5441 prandio
453 5369 541 5425 vitam
560 5366 690 5439 ejusdem
709 5365 816 5431 Sancti,
842 5365 942 5421 sedens
968 5365 999 5421 in
1054 5366 1276 5437 supervicturus.
1303 5366 1385 5432 llirit,
1421 5371 1450 5422 et
1487 5367 1574 5423 verbo
1603 5368 1752 5439 respondit
1779 5374 1899 5423 eventus

154 5458 280 5514 oratorio
295 5474 357 5523 suo,
384 5457 538 5522 lectitabat,
563 5457 701 5512 fenestras
728 5472 743 5508 e
772 5453 887 5524 regione
902 5455 998 5509 calbe·
1054 5455 1140 5525 paulo
1153 5461 1220 5510 ante
1239 5457 1327 5511 linem
1337 5455 1465 5526 ejusdem
1479 5455 1546 5511 enni
1562 5472 1696 5510 urvraauv.
