3878 6112
65 247 108 302 753
541 246 778 305 nicaenorum
798 247 892 304 LIBRI
909 250 963 304 XX.
978 279 1013 289 -
1032 250 1139 307 LIBER
1157 249 1315 315 Quirinus.
1752 256 1806 311 754

68 369 89 424 ei
100 369 128 424 in
140 383 228 440 quem
243 368 364 423 credidit
384 370 536 440 copulator
550 374 578 424 at
597 370 741 441 jungitur.
766 370 834 435 Quae
850 388 901 426 co-
916 373 940 427 A
958 374 1093 428 omnibus
1118 374 1289 429 veneranda.
1307 376 1341 429 Et
1361 374 1435 431 sicut
1448 376 1545 446 potior
1559 382 1602 432 est
1618 377 1727 434 caeteris
1743 396 1749 434 :
1766 379 1806 434 ita

70 457 162 530 palatio
184 460 212 512 et
236 459 402 528 conjunctio
426 475 510 530 aqum
525 467 553 513 et
576 459 635 513 riui
650 459 690 513 sic
719 461 853 514 miscetur
875 460 904 515 in
960 463 1054 534 potius
1069 463 1169 530 excoli,
1186 463 1357 518 etvenerari
1373 464 1469 520 debet.

73 547 140 602 calice
157 545 330 614 Domini‚ut
344 547 509 601 commixtio
526 546 575 601 ilia
590 564 647 602 non
662 549 753 619 possit
766 547 902 618 separari.
959 569 1024 625 ω,
1040 571 1085 624 qq·
1102 600 1135 609 ,
1157 569 1220 636 Dua
1243 574 1343 639 speci„
1363 571 1401 624 ad
1415 573 1503 626 appare
1524 589 1576 627 „072
1593 574 1630 628 ag
1651 576 1806 642 summu.

74 635 164 690 tiamsi
178 634 278 688 riuum
300 638 414 689 tantum
436 635 500 706 quis
524 635 635 705 offerat,
658 637 775 707 sanguis
800 630 905 691 Christi
1009 640 1083 708 dum,
1099 640 1146 695 sed
1161 641 1197 694 ud
1212 641 1419 695 benedictionem
1435 645 1583 712 simplicem
1597 645 1757 713 offerentur.

74 723 155 794 incipit
169 739 230 778 esse
255 724 317 779 sine
341 723 433 778 nobis.
450 723 479 778 Si
494 739 560 778 vero
582 732 656 796 aqua
673 724 709 779 sit
732 726 801 791 sola,
824 726 904 795 plebs
994 728 1050 795 (Ec
1070 744 1165 783 conon.
1192 730 1319 798 apostol,
1346 733 1435 799 cupite
1455 731 1494 801 4.)
1521 731 1622 786 offerri
1645 749 1704 787 nun
1724 732 1808 787 liceat

75 811 154 882 incipit
166 827 227 865 esse
248 811 310 866 sine
324 811 445 866 Christo.
467 812 529 866 Non
548 817 642 881 potest
658 812 735 866 enim
758 813 830 868 calix
846 814 904 867 Do·
959 814 1069 886 aliquid
1093 816 1127 870 ad
1156 815 1244 870 altare
1268 820 1374 886 praeter
1394 831 1484 870 novas
1512 819 1614 888 spicas,
1632 824 1661 873 et
1684 836 1761 883 uvas,
1779 824 1807 874 et

76 900 129 954 nini
144 916 204 955 esse
220 916 295 971 aqua
317 900 378 955 sola
389 900 546 955 autvinum
560 901 663 969 solum,
678 901 733 955 nisi
747 907 904 973 utrumque
959 905 1054 958 oleum
1068 904 1104 959 ad
1119 904 1283 970 luminaria,
1295 908 1323 959 et
1338 904 1426 969 labos,
1442 909 1470 958 et
1484 889 1642 976 thymiama
1656 906 1691 961 ad
1704 907 1807 962 incen-

76 988 115 1043 sihi
125 988 286 1044 misceatur.
957 1008 1031 1056 sum,
1048 997 1177 1064 tempore
1192 1008 1249 1064 quo
1266 997 1364 1047 sancta
1379 992 1540 1048 celebratur
1555 994 1671 1049 oblatio.

75 1113 121 1168 Cir.
137 1114 182 1168 lli.
200 1143 231 1154 -
250 1114 285 1169 Ut
307 1115 337 1168 im
349 1116 483 1183 sacrificio
504 1116 627 1185 puniret
645 1117 739 1172 uinum
756 1131 903 1186 camoque
1183 1080 1248 1136 ΕΗ·
1263 1081 1317 1134 VH·
1333 1110 1368 1121 ”“
1385 1082 1526 1181 Βῗθαάθω
1539 1099 1577 1136 re·
1678 1171 1684 1182 ¹

393 1188 510 1240 mixtum
530 1186 670 1254 offeratur,
993 1170 1047 1241 (Eu
1066 1170 1137 1225 decr.
1155 1171 1251 1225 Melclr.
1265 1185 1344 1239 pop,
1360 1175 1448 1239 cupite
1473 1174 1510 1239 l.)
1528 1171 1595 1226 Haec
1609 1187 1718 1242 species
1735 1188 1818 1252 quas¹

96 1291 144 1361 (Ex
165 1292 260 1346 comp
285 1293 427 1361 cartha&
444 1309 504 1362 cap·
532 1292 589 1360 w
609 1294 644 1348 Ut
666 1292 697 1346 in
718 1292 903 1347 sacramentis
957 1258 1098 1312 nonlicet
1124 1258 1225 1312 offerre
1252 1257 1442 1328 superaltare
1467 1259 1548 1329 juxta
1572 1260 1806 1314 constitutionem

71 1377 182 1448 corporis
196 1383 225 1434 et
238 1379 388 1450 sanguinis
403 1380 516 1434 Domini
540 1380 612 1434 nihil
627 1380 750 1451 amplius
766 1380 903 1434 offeratur
957 1348 1153 1418 ⁸9⁰⁵²⁰¹⁰mm
1177 1362 1336 1418 e⁰rumq¹¹⁸
1354 1358 1559 1447 ⁵¹¹⁰⁰⁰⁸⁸⁰mmff
1575 1349 1611 1403 ad
1627 1349 1746 1447 d⁰mu¹f¹
1761 1366 1806 1403 ⁵³⁸

9 1456 16 1493 ,
69 1481 141 1536 quam
165 1467 243 1536 quod
267 1467 329 1536 ipse
351 1467 487 1521 Dominus
511 1467 591 1532 dici„
617 1467 671 1521 hoc
692 1472 743 1534 est,
768 1467 851 1538 panis
875 1473 904 1522 et
957 1436 1107 1490 cardetum
1133 1435 1309 1502 deierantur,
1334 1441 1394 1489 eia
1416 1435 1609 1490 sacerdotibus
1635 1437 1805 1492 benedican-

65 1554 151 1610 ,qnum
172 1570 249 1626 aqu,
259 1555 401 1609 minum:
418 1571 471 1610 nec
487 1555 611 1626 amplius
634 1556 663 1610 iu
678 1557 815 1626 primitiis
831 1557 901 1611 offe·
957 1529 1014 1592 tur,
1034 1529 1063 1579 et
1077 1525 1200 1596 simplici
1216 1523 1417 1579 benedictione
1432 1524 1581 1578 benedicta
1596 1524 1711 1580 demum
1725 1543 1804 1596 apo-

63 1647 134 1698 „tur
148 1643 289 1699 „mino
304 1649 332 1698 εἰ
347 1644 503 1699 frumento·
918 1650 938 1704 B
956 1613 1033 1683 pulis
1053 1618 1214 1668 sumantur.
1242 1613 1324 1668 Fabia
1343 1617 1455 1667 tantum
1480 1618 1508 1666 et
1524 1629 1595 1678 uvae,
1611 1629 1692 1667 novae
1707 1615 1805 1683 spicae,

958 1709 987 1756 et
1011 1703 1117 1770 oleum,
1141 1707 1169 1757 et
1196 1702 1383 1756 odoramenta
1405 1701 1440 1755 ad
1466 1701 1625 1762 incensum,
1651 1707 1681 1755 et
1705 1707 1806 1756 coetera

59 1768 118 1824 (lll-
136 1768 181 1823 W·
197 1798 232 1808 ·-
247 1769 281 1823 Ul
297 1769 367 1851 ’lidii
390 1770 468 1852 “ilud
482 1771 512 1823 5²¹
533 1771 667 1854 ⁸⁰⁰lt'd02'0
683 1771 825 1841 Wlfflin&
846 1773 902 1826 '¹5⁸²'
957 1807 1022 1863 quos
1036 1790 1160 1862 apostoli
1174 1791 1384 1845 constituerunt
1399 1806 1485 1861 super
1499 1790 1588 1844 altare
1603 1789 1768 1844 offerantur.

245 1854 329 1910 ponis
344 1845 369 1894 ct
382 1855 476 1894 eroum
489 1856 563 1909 oque
578 1846 704 1896 mistum.

85 1946 149 2017 (Ex
162 1947 248 2002 Ml
270 1946 392 2013 African
428 1963 459 2001 ω
504 1948 521 2000 4
609 1948 614 1958 .
810 1948 816 1959 .
892 1980 902 1989 ⁸
957 1899 1022 1954 Cin.
1046 1899 1118 1954 Vlil.
1142 1899 1218 1955 Nibit
1244 1901 1274 1952 in
1298 1898 1434 1982 sacrificio
1455 1902 1554 1966 preter
1577 1898 1650 1967 quod
1676 1899 1805 1953 Dominus

251 1988 257 2001 .
395 1987 414 2014 .,
460 1963 488 2016 p.
525 1949 543 2015 .)
556 1948 591 2002 Ut
605 1963 636 2002 ru
649 1953 832 2003 sacramentis
843 1965 891 2003 cnr
1236 1969 1525 2037 ,patmgoperendm

50 2033 129 2105 poris
152 2038 182 2088 at
209 2034 358 2105 sanguinis
381 2034 493 2089 Domini
519 2034 590 2089 nihil
613 2035 737 2106 amptius
766 2036 902 2093 offeratur
994 2060 1050 2129 (Εω
1073 2074 1167 2114 canon·
1193 2060 1319 2128 apospoqq
1344 2062 1431 2128 cappe
1456 2061 1492 2123 3¹)
1508 2057 1617 2128 siquis
1643 2056 1803 2129 episcopus,

50 2136 140 2223 ‘illm
155 2122 231 2194 ‘1¹¹⁰d
256 2123 317 2222 51³⁵}
334 2123 617 2222 D⁰ffli¹¹1l⁵¹¹sffdldits
637 2123 692 2179 ¹¹⁰⁰
707 2130 759 2190 0⁵tr
776 2126 859 2197 D³⁰i⁸
873 2132 902 2181 θῑ
956 2153 1006 2203 aut
1020 2148 1177 2219 presbyter,
1190 2151 1293 2217 praeter
1307 2147 1516 2202 ordinationem
1530 2145 1643 2200 Domini
1659 2146 1714 2200 alia
1728 2163 1807 2217 quae·

49 2224 152 2266 'mum
168 2227 243 2282 ΨΒ
266 2216 399 2265 mutum·
417 2213 555 2266 Pffifflmae
575 2228 652 2279 *emi
670 2229 721 2267 ⁰⁰¹¹
745 2215 800 2269 mel
816 2219 843 2269 et
860 2217 901 2270 ¹⁸⁰
957 2237 1023 2292 dam
1047 2237 1078 2290 in
1104 2235 1242 2290 sacrificio
1259 2235 1370 2302 ollerat,
1395 2250 1481 2306 super
1508 2236 1608 2301 altare,
1634 2234 1664 2288 id
1680 2238 1731 2304 est,
1757 2239 1806 2289 aut

50 2299 130 2372 ΨΜ
149 2314 209 2354 ⁰¹¹⁰
234 2299 279 2354 (ἦε
304 2299 516 2355 ⁸⁰¹⁰m¹¹i⁵⁵im⁰
543 2300 573 2354 5¹¹
597 2301 740 2356 infantum
764 2303 900 2373 ffll⁵¹0fi⁰
956 2324 1023 2392 mel,
1052 2329 1102 2379 aut
1125 2325 1178 2392 lac,
1210 2327 1259 2377 aut
1282 2339 1335 2394 pro
1363 2323 1430 2377 vino
1450 2323 1579 2390 siceram,
1604 2328 1654 2377 aut
1677 2322 1806 2377 conlecta

49 2386 126 2443 solet
137 2387 245 2456 ouem,
257 2388 387 2459 quamvis
401 2389 701 2457 inaltariolierantur,
713 2407 793 2445 auam
805 2396 901 2447 tamen
956 2413 1101 2485 quamam,
1133 2416 1184 2465 aut
1211 2411 1347 2478 matilia,
1376 2419 1425 2465 aut
1457 2411 1593 2464 animalia
1622 2411 1728 2481 aliqua,
1756 2413 1804 2462 aut

49 2476 180 2532 meam
199 2477 346 2548 Pl⁰Pli³m
368 2475 609 2544 benedictionem,
632 2485 664 2534 Ut
683 2496 700 2533 ἃ
722 2488 900 2537 ³⁸⁰f³¹¹¹⁰¹³2⁰
955 2501 1116 2573 legumina,
1147 2493 1247 2556 contra
1272 2500 1505 2555 constitutionem
1534 2500 1648 2554 Domini
1677 2499 1803 2565 faciens,

49 2565 182 2638 corporis
205 2566 346 2621 Dominici
370 2571 399 2620 et
426 2566 574 2637 sauguinis
600 2566 822 2639 distinguantur,
849 2587 901 2625 nec
955 2590 1126 2661 deponatur,

50 2654 178 2726 amplius
195 2654 226 2709 in
240 2653 377 2726 primitiis
400 2654 545 2725 offeratur,
562 2656 695 2727 quamde
711 2657 773 2711 uvis
797 2664 825 2713 et
840 2659 898 2713 iru-
956 2698 1020 2752 eff·
1038 2698 1079 2752 lx·
1096 2726 1130 2735 -
1157 2700 1190 2752 ω
1213 2696 1365 2765 presbyter,-
1385 2710 1434 2750 „03
1455 2696 1587 2751 mundum
1610 2696 1737 2762 pabeant,
1757 2694 1805 2748 ubi

50 2741 168 2798 ΜΨ·
706 2807 708 2811 .
1061 2783 1157 2837 corpus
1175 2768 1285 2822 Domini
1297 2765 1512 2834 cumdiligentia
1524 2767 1695 2821 recondetur.

51 2849 117 2906 Car.
147 2850 179 2903 V.
211 2880 246 2889 —
270 2852 306 2904 Dc
332 2852 461 2935 possiem
498 2851 608 2935 Domini
638 2856 667 2908 m
704 2855 900 2909 cmrsecrutione
990 2858 1045 2923 (Ec
1061 2856 1155 2910 concil.
1179 2857 1322 2923 iuream,
1340 2858 1429 2924 cupite
1442 2856 1480 2926 4.)
1498 2856 1532 2909 Ut
1545 2855 1640 2909 omnis
1653 2853 1804 2925 presbyter

336 2937 455 2991 ⁶⁰YP⁰D=5
469 2923 615 2978 Miletida·
916 2939 1060 2998 Chabeat
1081 2943 1218 3014 pixidem,
1235 2947 1284 2996 aut
1308 2958 1356 2996 ras
1377 2946 1457 2997 tanto
1478 2948 1656 2997 sacramento
1671 2941 1802 3012 dignum,

88 3029 143 3098 (En
165 3027 237 3082 decr.
262 3029 384 3083 Alcman.
405 3045 472 3098 pop.
500 3046 561 3100 cop.
590 3029 628 3100 5.)
653 3030 684 3084 iu
709 3037 901 3086 sacramento·
956 3031 1005 3085 ubi
1020 3047 1124 3103 corpus
1136 3029 1315 3085 Dominicum
1327 3030 1480 3101 diligenter
1491 3032 1672 3097 recondatur,
1682 3029 1716 3084 ad
1728 3029 1804 3084 viati·

52 3132 118 3172 rum
143 3131 260 3188 quoque
282 3116 485 3187 oblationibus,
510 3134 573 3189 qua
597 3118 673 3172 inter
695 3119 841 3174 Missurum
857 3137 900 3174 so·
955 3135 1019 3174 cum
1035 3119 1387 3174 recedentibusasaeculo.
1402 3120 1471 3185 Ques
1482 3124 1593 3175 tantum
1607 3136 1685 3175 sacra
1696 3119 1802 3174 oblatio

53 3204 162 3260 lemnia
176 3203 299 3259 Domino
323 3205 493 3272 offeruntur,
509 3207 603 3277 passio
619 3207 733 3261 Domini
758 3208 902 3264 miscenda
955 3206 1075 3261 intincta
1091 3207 1176 3262 debet
1200 3223 1261 3260 esse
1277 3205 1308 3260 in
1324 3207 1465 3277 sanguine
1488 3207 1603 3274 Christi,
1619 3212 1651 3261 ut
1666 3205 1804 3261 ueraciter

52 3298 106 3362 est,
132 3297 166 3347 ut
195 3293 267 3364 eius,
299 3295 380 3365 cujus
408 3311 512 3367 corpus
541 3299 569 3350 et
592 3297 708 3366 sanguis
736 3297 899 3364 coniicitur,
955 3296 1105 3366 presbyter
1128 3295 1220 3367 possit
1241 3295 1335 3350 dicere
1360 3294 1488 3362 infirmo,
1510 3312 1614 3366 corpus
1636 3301 1665 3350 ct
1688 3293 1803 3366 sanguis

52 3381 148 3454 passio
164 3382 334 3451 celebretur,
350 3383 390 3438 ita
403 3389 437 3438 ut
450 3383 574 3454 repulsis
599 3385 786 3456 opinionibus
801 3403 900 3457 super·
954 3384 1069 3438 Domini
1092 3384 1222 3454 proficiat
1246 3384 1309 3450 tibi,
1326 3388 1379 3438 etc.
1403 3384 1579 3456 Semperque
1599 3385 1634 3438 sit
1657 3400 1745 3455 super
1758 3383 1803 3438 al-

52 3470 212 3536 stitionum,
236 3471 319 3542 panis
334 3476 446 3526 tautum
469 3477 498 3526 et
512 3472 612 3527 vinum
637 3489 711 3544 aqua
725 3474 899 3544 permixtum
956 3479 1014 3525 tare
1031 3471 1162 3525 obserato
1184 3476 1302 3543 propter
1317 3488 1414 3525 mures
1428 3478 1454 3526 et
1470 3473 1593 3527 nefarios
1617 3472 1759 3538 homines,
1775 3477 1804 3525 et

51 3559 83 3615 in
96 3558 237 3615 sacrificio
254 3559 422 3615 offerantur.
446 3561 508 3615 Non
522 3561 607 3615 debet
624 3562 713 3626 enim,
730 3565 793 3616 uta
812 3563 900 3632 patri·
954 3560 990 3614 de
1007 3559 1129 3629 septimo
1151 3558 1181 3612 in
1203 3559 1359 3629 septimum
1383 3559 1460 3613 diem
1484 3576 1597 3630 semper
1619 3565 1756 3626 mutetur,
1773 3561 1803 3615 id

52 3647 106 3702 bus
127 3648 300 3718 accepimus,
327 3652 356 3702 et
379 3648 441 3718 ipsa
466 3648 540 3703 ratio
564 3649 658 3714 docet,
681 3649 710 3703 in
735 3649 822 3704 calice
847 3650 899 3704 Do·
954 3653 1006 3716 est,
1029 3647 1078 3701 illa
1093 3664 1109 3699 a
1124 3646 1292 3717 presbytero
1312 3651 1453 3713 sumatur,
1478 3654 1505 3703 et
1522 3648 1588 3715 alia,
1612 3664 1677 3719 qum
1701 3648 1801 3703 eodem

53 3735 124 3791 mini
149 3741 199 3790 aut
220 3736 440 3803 uinumsolum,
466 3743 516 3791 aut
539 3753 613 3808 aqua
640 3738 700 3791 sola
724 3737 832 3806 offerri,
850 3738 900 3792 sed
953 3736 999 3790 die.
1028 3741 1191 3789 consecrata
1216 3741 1268 3800 est,
1296 3735 1326 3789 in
1350 3736 1446 3789 locum
1470 3737 1532 3807 ejus
1557 3737 1739 3808 subrogetur,
1766 3752 1801 3790 ne

53 3830 209 3897 utrumque
224 3825 408 3896 permixtum,
426 3825 493 3894 quia
506 3831 663 3896 utrumque
681 3841 713 3879 er
736 3827 824 3880 latere
840 3827 901 3897 ejus
953 3825 1027 3879 lorte
1042 3823 1148 3878 diutius
1164 3828 1314 3889 reservata,
1329 3823 1453 3893 mucida,
1470 3825 1544 3895 quod
1560 3825 1643 3893 absit,
1659 3823 1717 3879 fiat.

54 3912 84 3968 in
97 3929 149 3968 sua
170 3913 299 3985 passione
322 3914 490 3986 profluxisse
504 3914 620 3984 legitur.
648 3915 710 3985 tpsa
724 3930 790 3969 vero
817 3915 899 3968 Veri·
954 3934 1018 3988 eff,
1042 3932 1074 3986 x,
1098 3961 1133 3971 -
1159 3933 1192 3987 Ut
1212 3931 1355 4003 presbyter
1386 3934 1588 3986 Eucbom'stium
1616 3935 1646 3987 iis
1671 3937 1803 4002 promptu

55 4005 96 4055 tas
115 4017 167 4056 nos
189 4001 333 4062 instruxit,
354 4002 471 4057 calicem
490 4005 519 4056 et
540 4017 643 4072 panem
669 4003 698 4056 in
720 4009 899 4058 sacramento
1325 4001 1430 4056 babeat.

55 4089 167 4161 olierre,
182 4090 297 4162 quando
321 4090 362 4145 ait
380 4107 386 4144 :
403 4090 520 4161 Accepit
535 4091 617 4145 lesos
640 4079 744 4161 panem
762 4097 790 4146 et
811 4092 900 4147 bene·
990 4092 1044 4163 (Em
1064 4091 1156 4145 concil.
1179 4092 1328 4157 wormac,
1343 4105 1403 4161 cup.
1420 4091 1458 4161 5.)
1476 4093 1510 4147 Ut
1524 4092 1673 4163 presbyter
1687 4106 1802 4161 semper

55 4176 131 4244 dixit,
154 4177 290 4249 deditque
313 4177 461 4249 discipulis
484 4178 554 4244 suis,
579 4179 676 4233 dicens
698 4196 704 4234 :
724 4179 851 4250 Accipite
871 4183 934 4272 etD
954 4175 1159 4231 Eucharistiam
1187 4174 1291 4229 hebeat
1315 4179 1457 4245 paratam,
1479 4176 1638 4247 utquando
1668 4176 1731 4247 quis
1757 4176 1801 4230 in·

56 4268 235 4335 manducate,
257 4269 312 4322 hoc
335 4272 378 4321 est
401 4282 502 4338 corpus
527 4283 623 4322 meum
645 4267 720 4338 quod
746 4267 900 4338 provehis
954 4265 1084 4320 firmatus
1100 4262 1197 4333 fuerit,
1213 4268 1263 4317 aut
1286 4266 1421 4334 parvulus
1443 4264 1577 4320 infirmus
1603 4265 1689 4321 luerit
1704 4265 1801 4320 statim

57 4355 193 4410 tradetur.
218 4355 366 4422 Similiter,
389 4360 543 4426 postquam
565 4356 696 4422 coenavit,
723 4356 832 4426 accepit
851 4371 901 4409 ca-
955 4367 1021 4406 eum
1065 4351 1267 4417 communicet,
1309 4368 1346 4406 na
1390 4351 1451 4406 sine
1497 4354 1700 4410 communione
1738 4369 1800 4409 mo·

58 4441 147 4509 liceum
173 4442 308 4514 deditque
335 4442 482 4513 discipulis
503 4443 562 4496 sois
583 4443 680 4497 dicens
701 4443 851 4514 :Accipite
874 4449 902 4498 et
955 4440 1055 4494 riatur.

56 4528 141 4586 bibite
168 4547 200 4585 ex
223 4547 257 4584 eo
279 4547 387 4597 omnes,
421 4531 489 4601 quia
512 4532 558 4585 hic
581 4535 623 4584 est
654 4530 725 4585 calix
754 4530 901 4601 sanguinis
956 4547 1020 4603 epp,
1037 4546 1084 4600 xl,
1101 4575 1138 4587 ..
1158 4548 1205 4601 1¹01
1220 4545 1365 4602 oblationes
1385 4554 1449 4616 quoe
1460 4550 1562 4618 popm
1583 4551 1723 4616 sufficiam
1736 4549 1801 4618 offe.

59 4620 121 4686 mei,
145 4619 198 4691 qui
212 4635 265 4690 pro
289 4619 368 4674 vobis
385 4619 548 4674 effundetur
563 4620 592 4674 in
614 4620 813 4674 remissionem
833 4636 900 4690 pec·
1025 4616 1136 4683 sendus,
1147 4620 1256 4672 relictos
1266 4620 1295 4671 iu
1309 4621 1459 4674 crastiuum
1473 4634 1525 4674 mon
1540 4620 1728 4674 reseruandos.

60 4713 193 4762 totorum.
222 4707 350 4763 Crimina
375 4709 452 4762 enim
479 4714 565 4779 atque
589 4715 705 4780 peccata
729 4708 830 4762 oblatis
857 4709 901 4762 his
991 4707 1044 4775 (lin
1057 4707 1136 4774 epist.
1152 4705 1292 4760 Clementis
1304 4721 1365 4774 pm,
1379 4722 1401 4760 c.
1419 4706 1476 4776 28.)
1494 4708 1574 4762 Certe
1590 4711 1670 4761 tanta
1684 4706 1713 4761 in
1729 4706 1801 4762 alta·

61 4794 177 4852 Domino
200 4795 344 4851 sacrificiis
371 4797 513 4851 delentur.
542 4797 648 4852 idcirco
671 4801 700 4851 ct
721 4797 815 4867 passio
840 4798 902 4867 ejus
956 4794 980 4848 ri
994 4794 1157 4848 holocausta
1172 4792 1329 4847 oilerentur
1345 4799 1453 4865 quanta
1470 4795 1578 4864 populo
1603 4794 1733 4849 sufficere
1753 4796 1801 4850 de·

61 4882 155 4940 inhia
179 4885 435 4940 commemoranda
462 4890 515 4954 est,
543 4901 598 4956 qua
624 4884 766 4954 redempti
791 4901 901 4949 sumus,
954 4880 1160 4952 beanttquod
1181 4880 1202 4934 si
1218 4881 1388 4936 remanserit
1409 4881 1439 4936 id
1454 4883 1610 4936 crastinum
1631 4899 1690 4937 non
1713 4899 1802 4937 reser-

12 5018 14 5031 .
61 4974 201 5044 asapius
227 4974 383 5040 recitanda,
408 4978 494 5045 atque
514 4975 575 5028 haec
600 4974 721 5028 Domino
747 4973 900 5029 offerenda.
956 4974 1069 5034 ventur,
1086 4968 1134 5023 sed
1160 4984 1224 5021 cum
1240 4968 1344 5023 timore
1361 4975 1389 5024 ct
1412 4976 1537 5024 tremore
1552 4970 1721 5025 clericorum
1736 4971 1801 5026 dili·
1839 5036 1843 5043 ι

61 5058 169 5118 ‘latibus
200 5061 300 5116 hostiis
329 5062 520 5118 delectabitur
554 5068 580 5117 et
613 5062 772 5133 placabitur
805 5063 901 5117 Domi·
956 5059 1053 5130 gentio
1081 5062 1295 5111 consumantur.
1328 5058 1382 5122 Qui
1410 5063 1505 5113 autem
1533 5059 1646 5113 residua
1674 5059 1801 5130 corporis
1868 5118 1871 5123 ,

12 5172 14 5187 =
61 5161 118 5216 nus,
149 5155 178 5205 et
208 5159 323 5222 peccata
347 5151 472 5207 dimittet
500 5151 636 5223 ingentia.
668 5151 742 5205 Nihil
772 5151 847 5205 enim
873 5151 902 5204 in
957 5145 1081 5210 Domini,
1107 5160 1169 5216 qnae
1194 5144 1223 5198 in
1252 5147 1375 5201 sacrario
1401 5147 1500 5201 relicta
1527 5152 1595 5201 sunt
1617 5152 1800 5216 consumunt,

61 5237 198 5294 ncmflciis
222 5240 316 5310 majus
340 5257 402 5296 essa
426 5245 528 5310 potest,
553 5256 639 5310 quam
668 5255 771 5310 corpus
785 5245 813 5294 et
835 5255 901 5292 san·
956 5250 1014 5288 non
1042 5233 1140 5286 statim
1164 5233 1199 5288 ad
1226 5249 1394 5289 commones
1420 5235 1574 5290 sumendos
1598 5235 1675 5291 cibos
1700 5252 1801 5291 conva-

60 5326 117 5392 ruis
132 5327 245 5396 Christi,
266 5344 319 5383 nec
335 5329 394 5384 ulla
408 5328 515 5382 oblatio
529 5329 583 5381 hac
598 5326 693 5396 potior
709 5334 760 5393 est,
777 5326 827 5381 sed
842 5327 903 5380 haee
957 5322 1048 5387 niani,
1064 5337 1116 5375 nec
1131 5326 1233 5393 putent
1246 5328 1352 5377 sanctie
1368 5323 1494 5393 portioni
1508 5325 1692 5380 commiscere
1705 5325 1800 5380 cibum

58 5425 154 5467 omnes
168 5413 326 5484 praecellit:
342 5429 408 5484 qum
420 5429 493 5483 pura
503 5412 675 5467 conscientia
687 5411 819 5476 Domino,
836 5410 904 5466 ulie·
956 5411 1006 5482 qui
1021 5426 1072 5481 per
1084 5410 1259 5481 aqualiculus
1270 5411 1396 5482 digestus
1411 5412 1441 5465 in
1456 5428 1598 5467 secessum
1611 5414 1761 5469 emittitur.
1773 5414 1802 5470 si

56 5501 145 5556 tenda
161 5505 213 5569 est,
237 5509 267 5557 at
292 5507 482 5573 puramente
506 5500 740 5567 consummanda,
765 5505 852 5572 atque
868 5501 903 5554 ab
956 5499 1046 5570 igitur
1061 5515 1147 5553 mane
1170 5499 1320 5554 Dominica
1342 5500 1511 5573 porrigitur,
1534 5518 1625 5574 usque
1641 5502 1801 5558 adsertam
