3878 6112
87 255 142 312 82l
594 260 832 318 recurrentur
857 262 950 320 LIBRI
969 263 1024 321 XX.
1046 293 1079 304 —
1100 261 1210 321 LIBER
1227 263 1349 322 NONUS.

90 379 215 436 alterius
232 379 373 451 rapuerit,
400 379 516 450 publica
535 381 706 451 poenitentia
729 384 892 448 mulctetur,
917 389 981 443 οιΑ
1209 387 1272 442 Car.
1289 387 1375 444 XLIV.
1392 418 1426 432 -
1440 391 1477 445 De
1490 390 1582 446 eodem
1596 405 1637 447 re.

90 470 159 524 sine
174 485 225 540 spa
242 468 372 541 coniugii
395 474 520 524 maneat.
544 471 577 524 Et
595 471 619 525 ei
636 470 698 542 ipsa
716 472 811 527 eidem
831 473 947 528 crimini
1036 475 1094 541 (Ee
1111 477 1190 545 epist.
1212 476 1335 548 Graeca.)
1354 477 1451 532 Dahis
1478 478 1637 550 acquisitis,
1656 479 1706 551 qui
1724 480 1762 535 ob
1777 496 1844 536 cau.

92 557 280 612 consentiens
297 574 355 612 non
368 557 433 624 luit,
450 558 564 612 licentia
578 560 706 615 nubendi
720 560 769 616 alii
784 577 842 616 non
859 578 946 632 nege·
1000 579 1060 618 sam
1077 563 1189 634 frigidae
1206 570 1315 620 nature
1335 581 1364 621 se
1384 566 1485 621 dicunt
1504 583 1562 622 non
1581 584 1663 638 posse
1678 569 1708 623 iu
1722 568 1846 625 inulcem

92 650 154 700 tur.
170 645 252 710 Quod
266 645 291 699 si
305 650 334 700 et
348 645 404 716 ipsi
419 646 558 717 posthaec
573 663 603 702 se
616 648 790 718 conjungere
806 665 946 719 praesum·
1000 667 1116 722 operam
1132 653 1225 707 carnis
1244 654 1345 710 dantes
1364 655 1544 711 commisceri
1559 673 1566 711 ε
1583 657 1639 712 Iste
1653 672 1720 713 vero
1746 656 1770 711 si
1785 672 1845 712 non

92 735 218 806 peerint,
239 735 355 807 utrIque
371 749 463 806 usque
485 735 522 790 ad
537 736 761 792 satisfactionem
778 738 945 793 anathema·
999 743 1092 810 potest
1106 756 1137 794 ea
1154 741 1196 795 uti
1208 757 1261 812 pro
1278 759 1377 808 uxore,
1393 743 1498 798 lrabeat
1513 744 1595 814 quasi
1610 761 1748 800 sororem.
1765 746 1846 812 Quod

93 825 233 880 meatur.
1000 828 1190 883 retiuaculurn
1224 828 1323 901 jugale
1364 832 1464 887 volunt
1497 834 1671 898 rescindere,
1708 842 1845 890 maneant

282 913 348 969 Car.
363 914 499 969 XXXVIII.
516 945 552 955 -
565 918 602 970 lie
615 916 707 971 eodem
720 932 759 971 re.
998 916 1113 988 utrique
1131 917 1246 989 iunupti
1262 935 1269 972 ε
1287 934 1353 972 narn
1373 919 1396 973 si
1410 920 1477 974 bule
1491 935 1548 974 non
1565 922 1659 991 potuit
1678 923 1848 977 naturaliter

130 1004 190 1070 (b'a
199 1002 310 1056 mabilio
326 1004 574 1073 duciraa0,eopite
589 1004 647 1071 10.)
663 1006 851 1075 Desponsatas
866 1004 946 1075 puel·
999 1006 1181 1072 concordare,
1197 1007 1343 1077 quomodo
1358 1008 1441 1062 alteri
1455 1009 1624 1064 conveniet?
1640 1010 1729 1080 igitur
1753 1011 1777 1065 si
1800 1011 1845 1065 vir

95 1090 151 1158 Ias,
166 1095 196 1146 et
210 1096 275 1162 post
286 1091 323 1145 ab
337 1090 401 1144 aliis
415 1095 521 1162 raptas,
538 1093 646 1163 placuit
659 1094 732 1160 erui,
746 1098 777 1148 et
789 1094 830 1148 eis
853 1093 945 1159 reddi,
997 1094 1084 1148 aliam
1101 1095 1161 1148 vult
1184 1094 1312 1165 achpere
1328 1110 1457 1159 uxorem,
1484 1097 1635 1151 manifesta
1657 1097 1732 1152 ratio
1753 1101 1841 1169 patet,

95 1180 205 1251 quibus
219 1184 286 1234 ante
300 1179 416 1235 luerent
427 1181 615 1251 desponsatae,
631 1181 743 1237 etiamsi
759 1183 799 1238 eis
815 1200 831 1237 a
848 1189 945 1255 rapto·
999 1181 1068 1253 quia
1083 1183 1273 1237 succendente
1289 1182 1403 1237 diabolo
1419 1183 1477 1238 odii
1493 1184 1631 1248 fomitem,
1648 1201 1764 1240 exosam
1782 1202 1845 1241 eam

94 1269 178 1324 ribus
192 1267 234 1324 vis
248 1268 328 1323 illata
341 1268 511 1323 constiterit.
998 1270 1108 1340 babuit,
1124 1270 1272 1326 etidcirco
1294 1271 1375 1325 illam
1386 1271 1531 1327 dimittere
1553 1272 1694 1328 mendacii
1719 1273 1844 1328 falsitate

293 1356 358 1411 Cir.
375 1357 484 1412 XXXIX.
501 1361 586 1413 -De
600 1358 693 1413 eodem
704 1373 742 1413 re.
1001 1359 1125 1413 mollior.
1152 1359 1273 1424 Quodsi
1303 1360 1406 1413 mulier
1432 1366 1576 1430 causatur,
1610 1364 1639 1415 et
1669 1360 1747 1429 dicit,
1773 1362 1842 1416 llolo

131 1444 318 1517 (EoeconciIio
333 1445 474 1511 bleideusi,
490 1449 579 1516 capite
597 1449 653 1518 ib.)
669 1447 808 1502 Siautem
824 1446 945 1502 necdum
1000 1451 1092 1501 mater
1124 1463 1185 1501 esse
1227 1450 1256 1501 et
1283 1447 1356 1502 lilios
1391 1464 1553 1519 procreare,
1592 1456 1712 1520 uterque
1744 1466 1845 1504 eorum

94 1550 147 1591 eas
172 1551 247 1607 ques
276 1540 433 1604 rapuerunt
455 1551 521 1590 cum
550 1536 697 1591 voluntate
725 1540 877 1608 parentum
892 1538 945 1593 sub
998 1535 1120 1607 septima
1152 1551 1239 1590 manu
1280 1537 1508 1608 propinquorum
1538 1539 1620 1593 tactis
1658 1539 1846 1593 sacrosanctis

93 1621 218 1694 prelato
232 1622 442 1694 desponsionis,
458 1624 502 1679 vel
516 1624 638 1680 dotalitii
660 1625 776 1680 nomine
791 1625 822 1681 in
845 1626 944 1697 conju·
960 1664 980 1718 B
999 1623 1138 1695 requuiis,
1159 1625 1349 1696 jurejurando
1369 1623 1444 1679 dicat
1467 1630 1500 1680 ut
1521 1642 1671 1697 nunquam
1696 1643 1747 1696 per
1765 1642 1845 1681 com·

94 1711 580 1784 giumeumptaebabent,quendo
596 1714 771 1769 inomnium
787 1715 945 1769 auresbcec
1000 1713 1164 1768 mistionem
1193 1713 1285 1768 carnis
1314 1713 1459 1784 conjuncti
1493 1729 1551 1767 uua
1567 1729 1634 1768 caro
1655 1712 1749 1769 elleeti
1774 1713 1845 1768 luis·

94 1800 571 1873 fueriteoustItutiopromulgate,
589 1802 946 1874 abearumconjuncuone
1000 1806 1073 1870 sent,
1097 1806 1165 1857 tunc
1189 1801 1302 1856 videtur
1332 1803 1483 1857 mulierem
1508 1802 1646 1858 secundas
1668 1817 1751 1874 posse
1774 1817 1846 1856 cou-

95 1893 279 1962 reparenlur,
294 1893 323 1944 et
336 1890 835 1963 publicaepoeniteatimsangantur.
847 1893 945 1963 Itaptae
1000 1890 1113 1945 trahere
1132 1889 1255 1961 nuptias.
1275 1891 1440 1946 Humanum
1464 1890 1527 1945 dico
1551 1895 1670 1961 propter
1693 1888 1847 1945 iufirmIta·

95 1982 196 2035 mrem
210 1979 380 2050 perentibus
391 1978 522 2050 legaliter
542 1980 745 2037 restituantur.
772 1983 838 2036 Post
852 1987 945 2037 actam
1001 1985 1058 2034 tem
1075 1979 1169 2033 carnis
1188 1993 1298 2033 eorum.
1325 1979 1374 2033 Vir
1397 1985 1494 2033 auteur
1518 1980 1569 2051 qui
1597 1978 1712 2050 Irigidee
1736 1986 1846 2034 nature}

94 2082 164 2123 raro
176 2066 323 2140 publicam
335 2066 544 2139 paenitentiam,
565 2068 588 2122 si
609 2074 677 2124 aetas
693 2073 721 2124 et
739 2068 946 2125 incontiuentia
1000 2071 1051 2134 est,
1068 2072 1182 2122 maneat
1197 2066 1257 2121 sine
1271 2067 1404 2138 conjuge.
1426 2068 1508 2134 Quod
1527 2068 1551 2122 si
1568 2072 1596 2123 et
1621 2069 1670 2123 ille
1695 2067 1782 2122 aliam
1795 2083 1846 2122 co·

96 2154 240 2225 exegerit,
266 2154 394 2226 legitimo
417 2159 446 2209 et
473 2171 507 2209 ex
533 2155 663 2227 utrisque
686 2157 817 2227 partibus
840 2157 945 2227 placito
1001 2157 1098 2228 pularu
1126 2156 1277 2228 acceperit,
1302 2160 1371 2211 tunc
1397 2156 1425 2210 hi
1454 2157 1504 2228 qui
1530 2157 1691 2227 juraverim
1725 2154 1846 2227 perjurii

94 2241 235 2314 cunjugio
248 2242 402 2298 sectentur.
419 2243 490 2297 Nam
505 2243 535 2297 in
558 2243 603 2298 bis
618 2260 677 2298 non
693 2247 822 2315 regulam
840 2244 945 2299 consti·
1000 2244 1120 2300 crimIne
1134 2244 1176 2300 rai
1191 2247 1352 2311 teneantur,
1377 2249 1406 2299 et
1421 2244 1591 2315 poenitentia
1606 2249 1729 2315 peracte,
1746 2243 1845 2316 priora

93 2332 217 2401 tuimur,
238 2331 296 2401 sed,
314 2338 346 2386 nt
368 2331 464 2387 verbis
485 2332 578 2403 liugai
600 2332 704 2388 Leonis
726 2336 852 2395 utamur,
875 2332 946 2404 quid
1000 2339 1140 2404 cogantur
1150 2333 1277 2404 recipere
1292 2333 1446 2388 connubia.

93 2418 133 2475 rit
153 2419 335 2476 tolerabilIus
358 2420 544 2476 aetimamus.
569 2420 689 2487 Quodsi
706 2437 827 2476 nnusex
846 2421 945 2492 couju-
1000 2441 1063 2496 Q„
1093 2441 1168 2495 XLV,
1195 2441 1237 2495 ῃ)
1279 2440 1431 2509 ,mmm
1464 2441 1512 2508 qm·
1536 2440 1845 2509 ,gemmareprnqum

93 2507 172 2581 gatis
193 2507 306 2574 obierit,
318 2508 343 2563 ie
361 2509 412 2581 qui
432 2509 576 2580 publicam
590 2509 788 2581 poenitentiam
801 2510 903 2581 agerii,
918 2513 947 2565 et
1336 2510 1501 2566 derideant.

93 2601 244 2667 superstes
255 2597 406 2663 exstiterIt,
416 2597 520 2652 iterare
529 2598 697 2670 conjugium
708 2614 768 2653 non
778 2603 944 2670 presumat,
1053 2599 1109 2669 (Ea
1121 2598 1202 2654 dictis
1218 2599 1317 2654 basilii
1326 2601 1468 2669 episcopi.)
1478 2597 1507 2654 Si
1522 2597 1656 2670 quisvult
1673 2597 1844 2668 conjugatus

93 2685 153 2740 nisi
175 2685 249 2740 torte
275 2685 427 2757 episeopus
448 2686 613 2758 praeviderit
636 2687 764 2758 aliquam
791 2687 946 2742 concedere
1000 2686 1128 2743 converti
1147 2686 1183 2741 ad
1197 2687 1415 2754 monasterium,
1441 2692 1556 2742 nonest
1578 2685 1771 2759 reeipiendus,
1789 2684 1846 2741 nisi

93 2773 320 2846 indulgentiam,
344 2778 378 2830 ut
402 2775 564 2846 graviorem
582 2776 673 2847 possit
696 2791 827 2831 amovere
853 2776 946 2831 ollan-
1001 2776 1082 2848 prins
1103 2776 1225 2847 conjuge
1249 2777 1447 2831 castimoniam
1474 2776 1626 2847 profitente
1646 2775 1734 2830 luerit
1761 2776 1844 2830 abso·

93 2877 170 2918 nm.
1001 2865 1089 2920 lutus.
1106 2865 1178 2920 Nam
1198 2865 1222 2918 si
1238 2863 1297 2931 illa,
1320 2865 1433 2919 vivente
1455 2863 1513 2929 illo,
1533 2880 1584 2934 per
1604 2862 1844 2919 iucontInentiam

93 2969 164 3025 cn,
181 2967 233 3024 xl,
253 2997 289 3010 -
302 2971 339 3024 Β)
357 2969 400 3024 prs
417 2971 466 3039 qm·
483 2971 514 3024 r„
527 2973 699 3025 mammons,
714 2971 807 3040 juncti
823 2974 897 3037 sunt,
920 2975 946 3026 ρ)
962 2943 983 2999 C
1001 2953 1082 3010 alteri
1097 2953 1237 3023 nupserit,
1253 2954 1350 3024 procul
1366 2953 1455 3008 dubio
1475 2953 1603 3008 adultera
1618 2952 1683 3018 erit,
1703 2968 1756 3007 nec
1773 2951 1844 3007 reci·

329 3040 499 3095 concumbere
511 3057 565 3096 noir
577 3048 700 3112 possunt.
998 3043 1077 3115 pitur
1100 3043 1178 3114 upud
1201 3043 1291 3097 Deum
1322 3041 1464 3111 ejusmodi
1498 3042 1552 3095 viri
1577 3040 1736 3106 conrardo,
1764 3041 1846 3111 cujus

133 3128 192 3197 (Ea
211 3131 291 3198 epist.
314 3129 393 3197 Grau.
423 3130 461 3185 od
486 3133 614 3186 Jooaaem
635 3133 816 3187 Rauennatem
844 3132 946 3200 epieco-
999 3131 1131 3203 seqnitur
1150 3131 1310 3201 conjugalis
1334 3129 1450 3185 loederis
1473 3130 1647 3200 prostitutio.
1671 3130 1752 3184 Tales
1776 3144 1845 3199 ergo

94 3218 189 3287 praa.)
201 3216 283 3282 Quod
294 3223 391 3272 autem
402 3218 632 3288 interrogastide
642 3218 687 3273 his
697 3219 747 3290 qui
761 3218 945 3274 matrimonio
999 3226 1068 3275 tunc
1084 3219 1145 3274 sine
1159 3220 1245 3288 culpa
1269 3223 1428 3289 sequantur
1448 3217 1590 3272 Christum
1612 3216 1710 3272 relicto
1729 3217 1844 3286 seculo,

92 3304 190 3374 juncti
214 3310 292 3372 eunt,
317 3312 346 3360 et
366 3306 474 3361 nubere
495 3323 554 3361 nou
576 3312 706 3379 possunt,
732 3307 755 3360 si
776 3307 824 3362 ille
847 3308 947 3379 alium,
998 3307 1160 3363 sihabeant
1187 3323 1220 3363 ex
1250 3307 1312 3377 pari
1338 3307 1486 3361 voluntate
1502 3306 1640 3360 castitatis
1662 3322 1842 3360 consensum.

95 3393 140 3448 rel
154 3392 206 3447 illa
222 3393 310 3448 elium
331 3392 435 3449 docere
460 3395 560 3465 possit,
586 3394 691 3467 quibus
712 3395 852 3465 scriptum
878 3398 944 3449 est:
999 3414 1169 3471 mptum,
1184 3443 1218 3453 -
1233 3416 1271 3468 p,
1284 3414 1343 3467 „pro
1366 3414 1416 3482 qm·
1438 3427 1550 3466 mrem
1572 3426 1651 3466 ,uam
1674 3412 1764 3466 „epm
1782 3425 1845 3484 pgr.

95 3480 146 3535 llir
165 3484 195 3536 et
213 3479 320 3537 mulier
337 3482 361 3536 si
386 3498 417 3537 se
441 3483 655 3553 conjunxerim,
679 3487 707 3536 et
730 3487 829 3554 postea
842 3482 946 3537 dixerit
1367 3484 1482 3537 miserit.

98 3569 206 3626 mulier
225 3569 261 3625 de
275 3571 347 3639 viro,
363 3570 440 3642 quod
454 3587 512 3626 non
522 3571 613 3642 possit
623 3571 700 3626 coire
714 3587 779 3626 cum
795 3587 841 3638 eo,
857 3571 880 3625 si
895 3587 945 3642 po·
1036 3575 1090 3638 (Ea
1105 3571 1215 3625 concilio
1237 3570 1374 3637 Remmsi,
1392 3571 1481 3638 capite
1494 3568 1534 3638 3.)
1549 3568 1602 3632 Qui
1625 3584 1743 3623 risorem
1763 3585 1845 3624 suam

98 3663 154 3714 test
176 3659 299 3730 probare
317 3675 368 3730 per
387 3661 496 3729 justum
515 3661 658 3731 judicium
681 3658 758 3730 quod
780 3674 880 3714 verum
899 3660 945 3726 eil,
1000 3656 1165 3730 permiserit
1194 3657 1299 3725 velare,
1316 3657 1401 3711 aliam
1425 3671 1484 3711 non
1508 3655 1637 3726 accipiat,
1661 3672 1691 3710 se
1712 3656 1846 3712 similiter

99 3747 222 3819 recipiat
237 3747 325 3802 atium
342 3765 349 3802 :
365 3747 388 3802 si
404 3754 499 3804 anum
520 3749 569 3803 ille
583 3748 669 3803 aliam
691 3747 842 3818 acceperit,
862 3764 947 3820 sepu-
1000 3749 1191 3801 convertatur.

100 3841 212 3892 ”nimi
1002 3853 1065 3909 Car.
1080 3851 1222 3907 XLVll.-
1231 3850 1399 3914 Darentiaca,
1413 3852 1505 3905 sicine
1520 3852 1630 3906 licentio
1639 3852 1695 3905 uiri
1704 3852 1749 3906 eui
1758 3851 1845 3906 uelum

319 3924 384 3981 Cur.
399 3923 470 3981 XLl.
485 3953 521 3966 -
538 3928 574 3980 lle
584 3925 679 3982 eudem
693 3941 731 3980 re.
1308 3921 1362 3975 ribi
1372 3923 1540 3991 imposuerit.

87 4046 92 4057 ·
135 4013 196 4080 (Ex
210 4013 409 4084 coucilioopud
426 4015 592 4070 Vermeriem
615 4014 778 4084 temporibus
799 4015 890 4084 Pipini
907 4028 948 4067 rc·
1037 4015 1089 4082 (Εο
1109 4011 1180 4065 decr.
1195 4009 1272 4080 apud
1294 4010 1495 4080 compendium,
1524 4012 1613 4079 capite
1630 4011 1667 4078 6.)
1692 4010 1801 4078 blulier,
1822 4010 1846 4065 si

101 4104 255 4174 meapte
272 4102 327 4172 Π.)
351 4102 381 4158 si
410 4119 467 4175 qua
490 4102 595 4158 mulier
618 4102 847 4174 proclamaverit,
870 4102 946 4173 quod
1002 4101 1064 4155 siae
1079 4097 1192 4154 licentia
1208 4097 1304 4152 mariti
1320 4098 1365 4152 sui
1380 4098 1476 4152 velum
1499 4098 1529 4152 in
1558 4103 1644 4167 caput
1671 4098 1793 4166 miserit,
1822 4099 1847 4153 ei

99 4191 143 4246 vir
165 4207 236 4245 suus
259 4207 409 4263 nunquam
429 4207 494 4246 cum
517 4206 551 4246 ea
566 4190 679 4256 coisset,
705 4195 806 4246 exeant
821 4190 887 4244 inde
912 4189 945 4245 ad
961 4226 984 4282 D
1003 4191 1064 4244 viro
1078 4185 1228 4259 placuerit,
1250 4187 1371 4257 recipiet
1393 4202 1456 4242 eam
1481 4187 1642 4242 iterumad
1667 4187 1845 4260 conjugium.

100 4294 214 4335 erucem
231 4296 238 4334 :
258 4280 434 4336 etsiverum
451 4281 548 4345 luerit,
564 4285 744 4350 separentur,
761 4285 789 4336 et
800 4279 849 4334 illa
862 4279 948 4335 faciat
1004 4296 1067 4351 eff,
1083 4293 1198 4350 mvn,
1211 4322 1245 4332 -
1258 4295 1360 4347 neve-0
1373 4295 1421 4362 qm·
1431 4295 1489 4348 ,5113
1504 4296 1600 4348 mss
1611 4295 1746 4364 parmasu
1754 4308 1846 4350 mom.

99 4367 261 4441 quodvult.
1240 4366 1337 4419 sticum
1351 4367 1607 4434 uitemeusceperit.

56 4448 60 4453 ’
320 4453 476 4511 Car.XllI.
492 4455 730 4511 -lteeodemre
1039 4455 1093 4519 (En
1109 4467 1166 4518 req.
1193 4451 1273 4519 (ἔνθα.
1302 4451 1340 4506 ed
1367 4451 1489 4506 adrium
1508 4456 1657 4522 notorium,
1689 4453 1847 4524 capitello.)

135 4540 193 4613 (Er
207 4543 320 4599 concilio
340 4543 416 4613 opud
435 4543 639 4614 compendium,
659 4546 748 4614 cupite
766 4542 824 4614 20.)
841 4542 949 4615 siquis
1038 4541 1192 4612 Agathosa,
1213 4540 1297 4594 latrix
1311 4541 1509 4609 praesentium,
1530 4546 1631 4612 questa
1647 4546 1689 4597 est
1711 4542 1848 4597 maritum

99 4631 212 4702 accepit
226 4646 355 4698 uxorem,
371 4637 399 4687 et
413 4632 515 4688 habuit
527 4632 618 4703 ipsam
640 4632 738 4704 aliquo
759 4637 900 4704 tempore,
921 4638 950 4687 et
1003 4645 1087 4685 suum
1101 4632 1201 4683 contra
1215 4628 1392 4683 voluntatem
1405 4644 1485 4682 suam
1503 4629 1533 4682 ln
1559 4629 1733 4686 monasterio
1759 4631 1849 4685 urbici

97 4719 165 4792 ipse
178 4719 287 4775 lemine
301 4719 370 4775 dicit
392 4720 472 4793 quod
496 4737 554 4776 non
580 4720 684 4775 coisset
711 4737 776 4775 cum
793 4736 837 4787 ea,
852 4726 881 4776 et
901 4720 949 4775 ille
1003 4718 1113 4774 abbatis
1132 4733 1193 4773 esse
1207 4732 1386 4772 conversum.
1407 4718 1489 4782 Quod
1511 4718 1579 4789 quia
1593 4718 1630 4773 ad
1653 4719 1781 4789 ejusdem
1798 4719 1848 4774 ab·

102 4808 144 4863 vir
160 4806 230 4864 dicit
248 4807 326 4880 quod
350 4808 391 4863 sic
412 4809 489 4876 tecit,
512 4809 543 4863 in
567 4808 685 4864 veritate
709 4808 763 4862 viri
790 4807 947 4863 consistat.
1003 4807 1077 4863 batis
1090 4808 1205 4878 culpam
1219 4811 1247 4860 et
1261 4805 1399 4860 iuvidiam
1416 4820 1476 4860 non
1490 4811 1534 4859 eet
1548 4806 1668 4861 dubium
1691 4807 1847 4877 pertinere,

101 4894 380 4968 qniarircaputest
396 4897 534 4952 mulieris.
1004 4894 1187 4966 experientiae
1212 4899 1270 4948 tuae
1296 4892 1477 4965 praeprimus
1509 4899 1541 4947 nt
1565 4894 1696 4965 diligenti
1724 4894 1848 4966 inquisi-

305 4985 368 5040 Car.
384 4987 476 5042 XLIII.
496 4989 581 5041 -De
599 4985 692 5041 eodem
706 5001 744 5040 re.
1003 4982 1084 5037 lione
1094 4981 1248 5047 discretiat,
1265 4997 1300 5036 ne
1319 4981 1392 5036 torte
1409 4997 1474 5035 cum
1489 4980 1552 5051 ejus
1564 4982 1710 5036 voluntate
1728 4998 1849 5036 conver·

1793 273 1846 328 822
1919 321 1929 340 ,

138 5074 193 5144 (Be
206 5075 317 5129 coucilia
333 5073 454 5140 rubor..
473 5078 561 5144 capite
578 5075 618 5144 3.)
639 5075 688 5129 Vir
707 5074 730 5127 si
754 5072 867 5128 duxerit
881 5089 950 5128 uxo-

103 5176 165 5216 rem
177 5161 370 5216 concumbere
392 5177 457 5216 cum
479 5178 513 5216 ea
530 5178 589 5216 nou
610 5162 719 5224 salens,
738 5166 767 5215 at
781 5160 870 5215 irater
890 5160 951 5231 ejus

103 5248 233 5304 clanculo
251 5264 315 5304 eam
334 5248 486 5317 vitiaverit,
507 5255 535 5305 et
555 5249 704 5321 gravidam
724 5247 891 5315 reddiderit,
904 5264 950 5302 se·

105 5342 254 5408 parentur.
274 5337 460 5393 Considerata
476 5344 575 5393 autem
603 5337 810 5403 imbecillitate,
839 5337 951 5392 miseri·

105 5425 203 5481 cordia
216 5425 258 5481 eis
271 5425 454 5497 impartiatur
465 5426 501 5482 ad
517 5426 696 5498 conjurginm,
715 5430 827 5481 tanturn
850 5424 881 5479 in
896 5425 951 5480 lio·

107 5524 198 5566 mano.

1005 5087 1052 5125 sus
1074 5069 1119 5137 sit,
1145 5070 1190 5124 vel
1216 5069 1279 5140 ipsa
1302 5086 1332 5123 se
1355 5074 1468 5123 mutare
1490 5069 1666 5140 promiserit.
1693 5068 1774 5124 Etsi
1797 5069 1851 5124 hoc

1005 5158 1155 5230 repererit,
1180 5161 1209 5212 et
1223 5157 1304 5212 illum
1325 5157 1355 5212 in
1376 5158 1549 5212 monasterio
1568 5172 1737 5229 permanere
1756 5157 1849 5229 provi-

1005 5247 1082 5315 deat,
1097 5251 1126 5301 et
1148 5246 1221 5301 banc
1246 5245 1320 5300 sicut
1342 5246 1476 5317 promisit
1497 5251 1610 5301 mutare
1636 5246 1797 5318 compellat.
1822 5245 1851 5301 Si

1006 5352 1073 5391 vero
1097 5335 1170 5390 nihil
1192 5335 1296 5389 horum
1322 5340 1374 5402 est,
1402 5349 1454 5390 nec
1483 5335 1627 5406 quoddam
1656 5335 1851 5391 lomieationis

1006 5423 1116 5480 crirnen
1132 5427 1251 5494 propter
1275 5422 1350 5494 qnod
1370 5423 1429 5476 viro
1445 5422 1510 5478 licet
1536 5439 1652 5478 uxorem
1675 5424 1849 5496 relinquere,

1007 5512 1174 5585 praedictam
1188 5511 1339 5566 mulierem
1356 5510 1533 5565 commisisse
1556 5512 1735 5582 cognoveris,
1762 5526 1799 5566 ne
1816 5510 1850 5565 il·
