3878 6112
97 259 102 265 '
138 251 190 306 379
787 245 816 303 S.
837 245 984 305 fluunlcl
1003 243 1243 304 inuentionis
1842 243 1892 299 ³8⁰

137 373 194 429 nisi
219 373 372 429 advocatus
393 371 519 427 ecclesiae
546 371 582 426 ab
608 371 711 426 abbate
741 376 770 425 et
794 369 930 425 fratribus
954 370 1023 425 inA
1042 369 1141 425 eadem
1156 367 1332 441 proprietate
1347 367 1467 439 ejusque
1480 365 1663 439 pertinentiis
1685 365 1829 439 quidquid
1853 366 1893 420 eis

136 462 316 518 defensorem
332 462 437 516 electus
449 463 478 516 et
491 459 672 531 abepiscopo
694 459 927 524 constitutus;eo
941 457 986 512 ri·
1041 457 1182 529 placuerit
1204 457 1240 511 ad
1268 472 1353 510 usum
1389 454 1517 510 eeclesiae
1559 454 1682 511 faciendi
1708 459 1893 527 potestatem,

136 550 239 606 delicet
250 555 349 604 tenore
365 554 407 614 ut,
433 549 497 620 jure
513 553 661 602 contentus
684 547 987 616 ecclesiae,cumprae·
1042 546 1171 600 omnium
1197 545 1348 600 bominum
1377 544 1460 615 regni
1488 543 1578 598 nostri
1600 543 1830 598 contradictione
1853 559 1894 598 re-

137 635 822 710 ceptoetconsilioabbatisomniafaciatatqne
842 636 985 706 disponat.
1042 639 1128 689 mota.
1152 635 1193 702 ut,
1223 639 1254 688 ut
1287 634 1349 688 haec
1378 637 1485 686 nostrae
1511 632 1697 703 ingenuitatis
1738 632 1895 686 auctoritas

136 725 245 797 Siquis
261 731 356 780 autem
373 727 428 779 boc
455 729 560 778 nostrae
590 724 747 794 imperialis
763 723 987 778 confirmationis
1042 721 1207 777 stabilisse
1235 721 1401 775 inconvulsa
1433 720 1513 774 omni
1548 720 1681 791 posthinc
1724 723 1896 791 permaneat

137 813 262 869 edictum
299 813 402 883 aliqua¹
431 811 657 882 presumptione
699 811 856 882 infringere
897 816 988 865 tenta·
1041 808 1895 882 tempore,bocimperialepraeceptumindeconscriptum

137 901 220 967 verit,
244 905 359 956 centum
388 900 526 954 librarum
541 899 697 954 examinati
716 899 779 954 auri
806 900 842 954 ad
856 905 986 954 nostrum
1042 918 1129 955 manu
1159 899 1276 971 propria
1303 899 1513 961 confirmantes,
1544 897 1631 969 sigilli
1657 898 1749 954 nostri
1772 898 1894 970 impres·

139 991 252 1060 pondus
266 989 472 1059 compositione
488 989 637 1056 maritetur,
664 994 695 1041 ut
710 989 923 1060 quinquaginta
938 1005 976 1042 no
1042 990 1122 1043 sione
1133 988 1272 1060 jussimus
1285 987 1428 1059 insigniri.

138 1182 226 1238 quam
251 1182 321 1220 ausu
338 1166 491 1220 temeraria
509 1165 672 1235 inquietare
687 1165 881 1236 praesumpsit.
899 1166 940 1232 Et,
956 1170 989 1219 ut
1043 1167 1085 1238 (L.
1101 1168 1149 1236 ll.)
1160 1167 1333 1236 imperatoris
1349 1167 1480 1232 Augusti.

137 1256 199 1310 haec
227 1254 409 1309 confirmatio
424 1255 519 1308 verius
542 1254 675 1308 credatur
704 1253 870 1324 stabilisque
896 1258 924 1308 et
944 1253 987 1308 in·
1078 1254 1250 1310 Guntberius
1278 1252 1465 1308 cancellarius
1491 1250 1551 1307 vice
1583 1250 1718 1307 Aribonis
1746 1250 1890 1322 archicap

136 1342 269 1398 convulsa
285 1343 365 1397 omni
393 1348 522 1413 tempore
552 1343 702 1405 habeatur,
731 1342 806 1396 hanc
832 1341 988 1412 imperialis
1041 1342 1151 1414 pellani
1162 1341 1339 1413 recognovit.

137 1432 223 1487 edicti
237 1431 372 1503 paginam
384 1430 451 1484 inde
468 1430 620 1496 conscribi,
638 1436 667 1484 et
680 1445 769 1484 manu
789 1430 908 1501 propria
919 1446 987 1485 con·
1078 1433 1181 1486 Datum
1209 1447 1256 1485 xix
1282 1430 1343 1486 llal.
1374 1429 1469 1500 Febr„
1493 1427 1593 1484 indict.
1617 1443 1749 1494 v1,anno
1765 1427 1890 1483 Domini-

137 1519 296 1586 firmantes,
312 1519 406 1590 sigillo
424 1523 520 1572 nostro
536 1518 666 1589 insigniri
677 1519 826 1588 jussimus.
1043 1536 1082 1575 cae
1107 1519 1312 1573 incarnationis
1341 1520 1428 1586 {0233
1458 1533 1535 1574 anuo
1563 1532 1630 1571 vero
1656 1515 1758 1571 domni
1781 1515 1891 1571 ilenrici

174 1608 287 1676 Signum
323 1606 417 1663 domni
438 1609 548 1662 ilenrici
575 1606 619 1677 (t.
659 1607 706 1673 ll.)
735 1609 913 1662 Romanorum
942 1606 986 1661 iu·
1003 1649 1023 1702 B
1042 1606 1160 1661 secundi
1175 1606 1322 1676 regnantis
1337 1605 1524 1677 xxv,imperii
1535 1610 1631 1660 autem
1644 1605 1758 1676 ejusrx.

137 1699 283 1752 victissimi
295 1698 467 1766 imperatoris
483 1699 507 1750 A
512 1699 616 1766 onusti.
1076 1697 1179 1750 Actum
1194 1695 1418 1750 Paderbrunnon
1430 1695 1560 1750 feliciter.
1575 1694 1678 1750 Amen·

174 1784 347 1840 Guntherius
371 1785 555 1839 cancellarius
571 1785 631 1840 vice
646 1784 788 1856 {Aribouis
816 1785 988 1857 archicapel·
1380 1783 1523 1839 lelllllfll.

140 1873 200 1928 lani
213 1873 390 1944 recognovit.
1186 1873 1327 1927 Decretum
1342 1873 1370 1929 S.
1393 1874 1503 1928 ilenrico·
1515 1874 1544 1928 ff
1565 1872 1751 1942 imperatoris.

174 1962 276 2016 flatum
290 1978 367 2018 xvnr.
385 1961 446 2016 lfal.
471 1961 549 2029 Feb,
564 1960 664 2017 indict.
681 1978 718 2024 vv,
732 1961 816 2017 'anno
832 1960 988 2016 Dominicis
1299 1961 1394 2030 (Anno
1412 1961 1491 2028 1024,
1507 1963 1523 2015 9
1537 1959 1631 2031 ldart.)
1927 1992 1931 2051 l

139 2051 344 2105 incarnationis
361 2052 438 2117 1023,
451 2066 526 2104 anno
541 2066 608 2104 vero
626 2050 724 2104 domni
740 2050 854 2106 ilenrici
870 2050 989 2105 secundi
1166 2047 1289 2120 [Dronln
1306 2048 1369 2105 Cod.
1387 2049 1500 2119 diplom.
1523 2047 1619 2118 msto,
1634 2063 1664 2118 p.
1691 2046 1769 2120 aba]

137 2138 286 2210 regnantia
299 2138 590 2210 x11,imperiiautem
607 2139 668 2210 ejus
682 2155 719 2194 rx.
1077 2138 1110 2192 ln
1135 2139 1253 2194 nomino
1278 2142 1382 2193 sanotae
1404 2143 1433 2194 et
1452 2137 1610 2193 individuos
1632 2136 1795 2203 Trinitatis,
1810 2137 1885 2191 flers·
1928 2130 1931 2139 '

175 2231 279 2282 Actum
295 2227 520 2283 Paderbrmmon
530 2228 658 2283 feliciter.
673 2230 773 2282 Amen.
1041 2241 1118 2280 nicus
1138 2225 1236 2280 divina
1264 2226 1376 2280 lavante
1395 2225 1547 2281 clementia
1572 2226 1771 2281 Romanorum
1803 2224 1885 2296 impe-

497 2316 628 2372 cxxxvi.
1041 2319 1119 2368 rator
1133 2315 1287 2385 Augustus.
1477 2377 1479 2381 ¹

136 2404 165 2461 S.
184 2406 328 2462 Heinricus
349 2405 563 2461 Puderborncnsi
585 2405 711 2459 Ecclesiae
732 2403 838 2474 predio
864 2403 987 2473 qcaeccm
1077 2403 1216 2458 Omnibus
1231 2403 1372 2472 fidelibus,
1388 2407 1448 2458 tam
1472 2402 1662 2475 praesentibus
1677 2418 1765 2474 qnam
1779 2403 1885 2470 futuris,

505 2495 619 2560 confert.
1042 2497 1142 2547 notum
1160 2492 1230 2560 [foro
1258 2492 1390 2563 cupimus
1414 2492 1538 2564 qualiter
1566 2491 1679 2547 assidua
1704 2492 1888 2563 proclamatio
1928 2512 1931 2547 ι

439 2581 533 2652 (Anno
561 2581 685 2649 eodem.)
1042 2585 1153 2634 nostras
1172 2595 1255 2634 aures
1282 2579 1463 2652 inquietabat
1478 2579 1514 2634 ob
1529 2579 1699 2635 innumeras
1714 2588 1745 2634 et
1757 2580 1888 2651 frequen-

458 2669 550 2736 libid,
566 2685 594 2740 p.
613 2667 671 2741 84]
1041 2672 1084 2722 tes
1106 2668 1305 2723 contentiones
1321 2685 1384 2739 quae
1400 2683 1514 2740 semper
1529 2672 1612 2723 erant
1626 2668 1704 2722 inter
1718 2668 1888 2724 vuldensem

172 2755 202 2812 C.
216 2755 379 2812 innomine
394 2761 499 2811 sanctae
515 2761 543 2810 et
558 2757 714 2812 individue
728 2756 885 2826 Trinitatis,
903 2760 987 2814 llarn-
1041 2759 1069 2809 et
1090 2757 1308 2811 llerveldeusem
1323 2755 1473 2824 familiam,
1489 2772 1553 2828 quae
1568 2756 1598 2810 in
1612 2760 1726 2811 tantum
1741 2756 1889 2810 convaluc·
1928 2770 1931 2819 5

137 2844 461 2911 orcus,divinafsvcnto
485 2846 647 2914 clementia,
672 2847 869 2901 Romanorum
901 2846 988 2917 impe·
1041 2849 1109 2898 runt
1121 2849 1153 2898 ut
1168 2843 1254 2899 etiam
1269 2844 1491 2900 innumerabilia
1516 2845 1592 2900 inter
1604 2861 1633 2899 se
1659 2844 1765 2900 fierent
1791 2843 1883 2899 bomi-
1928 2824 1931 2899 i

137 2937 216 2986 rator
231 2936 388 3003 Augustus.
1002 2935 1022 2991 C
1040 2933 1123 3002 cidia,
1136 2937 1165 2987 et
1188 2933 1255 2988 inde
1272 2933 1429 2988 maximum
1445 2933 1649 2988 detrimentum
1671 2937 1799 3005 utreque
1812 2938 1888 3004 pate·
1928 2902 1931 2947 ¹

174 3020 203 3075 Si
229 3021 405 3076 venerabilia
433 3021 623 3076 Ecclesiarum
660 3023 711 3077 Dei
739 3022 801 3078 loca
838 3024 929 3078 ditare
957 3041 990 3080 ao
1043 3026 1124 3076 retur
1139 3022 1272 3076 Ecclesia.
1298 3022 1478 3092 Quapropter
1503 3037 1539 3076 ns
1566 3020 1632 3076 talis
1662 3025 1802 3075 actamae
1822 3035 1889 3092 pre·

77 3173 82 3180 ,
138 3108 294 3164 sublimare
322 3109 525 3178 studuerimus,
552 3110 633 3164 nobis
669 3111 697 3166 id
726 3111 865 3182 regnique
898 3114 989 3168 nostri
1043 3110 1217 3181 sumptionis
1233 3110 1352 3165 audacia
1366 3110 1429 3164 sine
1442 3109 1530 3181 digna
1543 3109 1654 3164 ultione
1666 3109 1888 3180 interutrasque

138 3197 225 3251 statui
249 3197 432 3268 profuturum
460 3213 521 3253 esse
559 3198 680 3253 minime
713 3199 887 3255 dubitamus.
914 3202 989 3266 Qua·
1041 3198 1283 3253 familiasdiutius
1303 3202 1475 3263 remaneret,
1495 3213 1714 3254 cumconsensu
1730 3196 1887 3252 eteonsilio

139 3289 260 3358 propter
272 3286 385 3341 noverit
403 3287 533 3342 omnium
551 3287 657 3343 Christi
672 3287 798 3342 fidelium
809 3294 989 3344 nostrorum·
1042 3292 1232 3358 utrorumque
1261 3286 1408 3352 abbatum,
1434 3286 1568 3341 Richardi
1597 3285 1751 3341 vuldensis
1785 3290 1816 3341 et
1842 3288 1885 3340 Ar·
1928 3358 1931 3365 1

138 3390 196 3446 quc
223 3375 395 3429 universitas
419 3376 544 3446 qualiter
570 3392 633 3440 nos,
659 3392 710 3446 pro
737 3377 864 3431 remedio
887 3379 989 3433 animae
1042 3375 1113 3430 nolti
1128 3375 1337 3443 Hsrveldensis,
1365 3376 1546 3446 aliorumque
1564 3373 1695 3430 fidelium
1715 3379 1884 3439 nostrorum,

138 3467 244 3517 nostrie
267 3462 517 3535 dilectissimaeque
539 3465 669 3535 conjugis
690 3471 795 3520 nostrae
810 3466 988 3536 Cunigundoe
1041 3479 1093 3533 per
1105 3463 1190 3534 hujus
1211 3464 1349 3518 chartulae
1364 3467 1540 3535 preceptum
1554 3464 1611 3519 tale
1629 3463 1834 3519 constituimus
1846 3462 1884 3517 dc·

138 3551 270 3606 videlicet
293 3552 484 3624 imperatricis
509 3555 645 3623 Auguste
669 3558 922 3625 atqueparentum
938 3570 988 3608 uo·
1041 3557 1165 3607 cretum:
1182 3557 1215 3606 ut
1238 3551 1365 3622 primum
1390 3553 1484 3608 omnis
1508 3552 1651 3623 injustitia
1672 3553 1816 3624 quaejam
1841 3564 1882 3621 per

138 3643 274 3707 atrorum,
290 3656 343 3694 nec
357 3656 416 3694 non
434 3656 486 3711 pro
503 3639 654 3694 animabus
668 3639 797 3695 fidelium
824 3645 987 3696 nostrorum
1040 3641 1131 3695 multa
1154 3645 1282 3712 tempora
1304 3657 1338 3695 ex
1362 3646 1483 3713 utraque
1502 3645 1583 3711 parte
1607 3639 1771 3695 incorrecta
1785 3653 1880 3695 remen·

138 3742 263 3798 quorum
288 3727 330 3782 ibi
354 3744 476 3798 corpora
491 3728 684 3799 requiescunt,
712 3729 854 3800 Erpbonis
882 3729 990 3784 scilicet
1041 3732 1125 3795 serat,
1151 3727 1187 3781 ab
1213 3728 1355 3782 advocatis
1370 3732 1400 3783 et
1427 3728 1588 3800 prepositis
1615 3727 1734 3783 illorum
1747 3728 1877 3798 utrimque

137 3815 248 3870 comitis
271 3817 517 3888 atque'Cononiq
547 3816 722 3872 monasterio
745 3822 842 3872 nostro
858 3817 988 3890 Cofunga
1040 3816 1163 3887 pleniter
1185 3816 1359 3886 corrigentem
1377 3821 1406 3871 et
1421 3817 1566 3887 deinceps,
1600 3816 1624 3871 si
1639 3816 1706 3887 quis
1721 3833 1756 3872 ex
1784 3814 1875 3871 familia

138 3904 297 3970 nominato,
321 3905 505 3961 inhonorem
522 3902 805 3961 DominiSalvatoris
825 3911 987 3977 sanctaeque
1040 3904 1327 3976 utriusqueecclesiae
1348 3905 1474 3976 aliquem
1493 3920 1642 3960 servorum
1670 3902 1873 3960 velsanctitc

136 3992 200 4063 ejus
215 3992 375 4059 Genitrieis,
387 4009 439 4048 nec
459 4010 517 4048 non
534 3994 774 4048 victoriosissime
793 3995 884 4049 crucis
900 4000 986 4066 atque
1040 3992 1135 4046 nifacii
1150 3992 1194 4046 vel
1210 3993 1300 4047 sancti
1322 3992 1458 4062 wigberti
1472 3993 1648 4065 insequitur,
1672 3998 1703 4048 et
1716 4009 1788 4048 ausu
1803 3998 1872 4047 tene·
1928 4010 1931 4015 ·

138 4079 215 4134 beati
252 4082 328 4135 Petri
362 4082 555 4152 apostolorum
584 4082 724 4153 principis
752 4086 925 4151 constructo,
951 4083 986 4138 ad
1040 4081 1114 4135 rario
1135 4085 1164 4134 et
1179 4085 1288 4135 armata
1304 4096 1391 4135 manu
1405 4080 1440 4134 ad
1461 4079 1648 4136 occidendum
1663 4080 1708 4134 vel
1724 4080 1760 4135 ad
1780 4081 1871 4151 depre·

137 4182 223 4221 usum
253 4168 513 4223 sanctimonialium
546 4170 653 4225 ibidem
703 4171 760 4224 fleo
788 4169 1166 4264 servientiumndandum
1182 4169 1243 4240 ejus
1264 4174 1374 4224 curtem
1393 4170 1451 4223 sive
1474 4169 1594 4224 domum
1617 4167 1769 4239 infregerit
1784 4175 1868 4223 etcum

138 4253 282 4324 quoddam
292 4255 466 4325 nostrijuris
479 4256 618 4326 prandium
631 4255 851 4328 llardinghuson
865 4258 983 4326 dictum,
1039 4257 1260 4328 impugnaverit,
1289 4261 1318 4311 et
1341 4257 1364 4311 si
1395 4257 1443 4312 ille
1468 4260 1517 4312 aut
1539 4256 1685 4327 aufugerit
1710 4256 1798 4311 antsi
1816 4255 1868 4310 toro

137 4340 225 4396 situm
249 4341 278 4394 in
303 4358 377 4414 pago
399 4385 404 4396 .
428 4380 434 4395 .
458 4384 463 4396 .
487 4343 539 4397 ,in
566 4344 704 4398 comitatu
728 4361 794 4399 vero
818 4387 825 4400 .
852 4388 858 4402 .
882 4388 888 4400 .
912 4390 918 4400 .
942 4363 984 4401 co·
1041 4345 1120 4400 domi
1148 4361 1206 4399 non
1234 4345 1321 4400 fuerit
1341 4345 1384 4399 vel
1409 4345 1614 4417 quoquomodo
1627 4345 1663 4399 ab
1674 4345 1738 4414 ejus
1753 4347 1867 4416 potestate

138 4429 228 4499 mitis,
243 4444 308 4485 cum
337 4429 471 4485 omnibus
499 4431 626 4502 ejusdem
663 4433 763 4503 praedii
792 4435 985 4504 pertinentiis,
1041 4434 1099 4488 sive
1112 4433 1332 4504 impugnatione
1363 4449 1392 4488 se
1405 4433 1581 4501 liberaverit,
1596 4432 1639 4487 illi
1662 4431 1714 4504 qui
1737 4433 1819 4504 hujus
1831 4445 1867 4484 au·

138 4517 223 4572 terris
247 4517 380 4574 videlicet
408 4519 492 4574 cultis
518 4524 546 4574 et
568 4520 692 4584 incultis,
719 4522 876 4589 curtificiis,
902 4524 985 4590 areis,
1041 4522 1130 4577 daciae
1156 4526 1185 4575 et
1210 4520 1367 4576 invasionis
1391 4522 1446 4576 dux
1467 4521 1643 4592 etprinceps
1669 4520 1767 4589 fuerit,
1782 4520 1866 4576 tollan-

137 4606 267 4662 ediliciis
292 4607 986 4682 etmancipiisutriusquesexus,pratis‚pascuis,
1040 4610 1250 4665 turcoriumet
1278 4609 1385 4680 capilli,
1414 4614 1443 4664 et
1457 4609 1575 4680 insuper
1590 4609 1755 4682 inutraque
1776 4604 1867 4664 mauflt

137 4695 226 4763 silvis,
246 4696 457 4758 venationibus,
474 4698 556 4768 aquis
572 4714 772 4768 aquarumque
806 4697 986 4766 decursibus,
1040 4698 1068 4753 fe
1083 4686 1169 4753 ro'ad
1190 4699 1244 4752 hoc
1267 4697 1340 4752 facto
1364 4697 1450 4752 etiam
1475 4698 1608 4752 candenti
1623 4698 1697 4753 bene
1715 4703 1832 4753 cratetur
1848 4695 1868 4745 el

135 4785 354 4858 piscationibus,
379 4787 562 4855 molendinis,
579 4786 631 4839 viis
657 4791 685 4840 et
708 4786 941 4854 inclinantibus
960 4792 988 4842 et
1041 4786 1236 4850 comburatur,
1262 4786 1367 4857 reliqui
1394 4787 1456 4856 ejus
1479 4801 1615 4857 sequaces
1640 4791 1706 4841 cute
1734 4792 1765 4841 et
1781 4780 1868 4855 capillis

135 4873 286 4938 reditibus,
315 4873 442 4944 qumsitis
466 4875 508 4927 vel
535 4873 727 4944 inquirendis,
744 4875 987 4946 caeterisqucom·
1040 4876 1200 4945 priventur.
1229 4875 1258 4930 Si
1282 4880 1380 4929 autem
1405 4874 1444 4929 ibi
1459 4874 1609 4941 occiditur,
1625 4869 1869 4946 omnesqmnujus

135 4961 232 5028 uibus,
247 4977 312 5033 quae
327 4959 601 5032 quomodocumque
615 4960 670 5015 dici
682 4961 739 5015 sive
755 4961 841 5016 scribi
855 4968 985 5032 possunt,
1040 4963 1187 5018 homicidii
1202 4980 1250 5017 seu
1272 4963 1428 5018 invasionis
1455 4962 1607 5034 participes
1630 4968 1697 5018 sunt
1721 4961 1870 5035 supradicte

91 5036 98 5052 ⁶
136 5050 307 5104 utilitatibus
331 5049 367 5104 ad
392 5049 485 5120 ipsum
521 5049 660 5118 praedium
690 5050 907 5120 pertinentibus,
937 5068 988 5123 per
1041 5068 1133 5123 poenm
1153 5051 1328 5121 subjaceant.
1345 5052 1378 5105 Et
1394 5052 1418 5105 si
1433 5067 1465 5106 ex
1483 5067 1540 5106 una
1561 5051 1673 5105 familia
1695 5057 1765 5106 sunt
1778 5043 1872 5118 illeqri

136 5136 211 5192 hanc
223 5142 350 5192 nostram
366 5136 546 5208 imperialem
576 5137 711 5208 paginam
737 5138 921 5193 concedimus
944 5144 985 5194 at·
1042 5139 1181 5193 occiditur
1204 5145 1232 5193 et
1263 5139 1305 5193 illi
1336 5139 1387 5211 qui
1408 5138 1551 5203 occidunt,
1578 5153 1679 5193 omnes
1708 5137 1875 5211 singulariter

136 5239 192 5296 que
205 5225 355 5295 largimur,
369 5230 397 5279 et
411 5226 446 5280 de
461 5229 559 5279 nostro
584 5225 650 5296 jure
674 5241 706 5279 ac
731 5225 859 5280 dominio
877 5226 907 5280 in
926 5227 988 5298 ejus
1041 5228 1233 5299 weregeldum
1252 5227 1337 5281 occisi
1352 5230 1381 5281 et
1394 5242 1479 5281 omno
1509 5226 1647 5294 debiturn,
1669 5225 1877 5282 sicutbaotsnus

49 5328 53 5336 ·
134 5310 181 5382 jus
193 5316 223 5366 et
241 5311 401 5367 dominium
416 5313 534 5367 omnino
551 5313 792 5381 transfundimus;
813 5315 989 5370 eavidelicet
1041 5316 1179 5381 fecerunt,
1195 5315 1320 5385 proprie
1343 5315 1475 5369 Ecclesiae
1490 5314 1661 5386 persolvant.
1684 5314 1715 5370 si
1734 5319 1829 5370 summ
1840 5311 1879 5367 ille

137 5399 248 5454 ratione
273 5404 305 5454 ut
333 5400 421 5471 ipsius
447 5402 571 5455 ecclesiae
592 5401 765 5457 venerabilis
781 5402 923 5458 abbatissa
936 5403 989 5458 Ota
1042 5404 1093 5475 qui
1122 5403 1262 5458 occiditur
1278 5420 1310 5458 ex
1326 5419 1384 5457 una
1407 5403 1516 5458 familia
1529 5408 1576 5467 est
1588 5407 1617 5458 et
1631 5401 1675 5457 illi
1689 5402 1742 5475 qui
1760 5402 1882 5459 occidunt

135 5486 249 5560 sibique
277 5487 408 5559 posthinc
441 5489 624 5545 succedentes
657 5489 777 5545 liberam
806 5491 930 5546 habeant
952 5492 987 5548 de
1041 5491 1153 5560 exalia,
1179 5496 1279 5548 auctor
1302 5491 1453 5548 homicidii
1467 5491 1544 5546 solus
1566 5506 1620 5563 pro
1647 5491 1787 5548 omnibus
1810 5504 1886 5546 svare
