3878 6112
97 245 145 296 ¹55
308 254 312 265 ‘
746 240 774 296 S.
797 240 940 297 llENlllCl
960 239 1198 298 lurenntottts
1802 245 1849 296 ltili

91 363 289 435 antejauuam
310 361 489 430 aeternitatis,
514 366 567 418 etc.
584 363 637 419 llio
657 362 719 434 ipsu
742 367 873 435 tempore
893 379 945 418 see·
962 365 984 419 b
1002 369 1053 428 ret,
1070 364 1181 420 dicebat
1197 364 1374 438 Episcopus:
1390 350 1761 438 nunsuleoquidemdicta
1775 382 1849 421 mea.

91 452 159 524 pius
171 453 208 508 de
222 458 316 508 morte
332 468 393 517 sua,
409 467 497 524 quam
516 451 639 506 vicinam
662 451 816 523 aliquoties
832 451 945 507 dictita·
998 455 1163 524 juramento
1179 454 1296 509 firmare
1310 474 1318 521 3
1334 455 1386 509 hec
1399 458 1496 510 umen
1515 454 1586 523 vice,
1600 455 1769 510 sacerdotali
1788 472 1852 510 mea

91 541 150 608 bat,
174 545 203 596 et
225 540 262 596 de
293 540 479 611 dispositione
510 540 621 595 ultimae
652 539 807 595 voluntatis
831 556 944 595 mecum
1000 543 1056 598 ilde
1075 548 1105 597 et
1127 543 1266 615 dignitato
1290 559 1419 604 asserere
1448 543 1583 615 possibile
1605 560 1677 611 esse,
1711 560 1765 615 per
1802 544 1849 598 llei

91 630 203 702 agebat.
219 630 330 686 Similia
344 635 373 684 et
383 645 538 701 pronuper,
559 628 784 684 Lenckbeminm
808 629 841 684 ad
857 628 944 684 bene·
998 631 1132 703 gratiam,
1147 637 1224 686 caste
1239 631 1334 686 vivere
1359 649 1366 684 ε
1382 631 1490 703 quippe
1509 632 1631 702 ipsemet
1643 648 1708 704 ego,
1723 646 1777 703 per
1787 647 1851 686 um-

92 719 247 774 dictionem
273 719 382 773 domini
401 717 511 773 abbatis
540 718 646 785 eundo,
669 723 698 772 et
722 717 945 785 redeundo,soli
998 717 1166 772 nemvitam
1182 733 1285 781 meam,
1302 732 1452 788 nunquam
1478 717 1732 788 iemiuemettigi;
1757 734 1852 789 neque

91 823 189 863 seeum
216 807 247 862 in
282 823 369 862 curru
407 806 529 874 sedenti,
566 807 643 860 ultro
670 805 845 872 insinuabat,
886 822 945 860 cer·
998 805 1079 861 adid
1100 804 1351 860 stimulumseosi.
1380 805 1516 876 Princeps
1537 804 1852 877 acatholicuspercon-

91 900 154 951 tum
168 895 433 951 asserensoundiu
450 911 479 949 se
497 894 662 960 victurum
686 899 725 960 et,
748 895 778 949 ni
795 899 945 949 maturan—
998 894 1195 950 tensaiebet:
1225 895 1269 948 bn
1296 909 1361 948 vere
1385 895 1425 948 ita
1453 910 1483 948 se
1512 893 1599 950 babet
1620 894 1698 965 quod
1734 893 1852 949 dilectio

91 985 160 1040 dum
175 985 317 1039 essetiter
340 984 560 1049 llatislronense,
580 983 651 1038 nibil
671 983 748 1038 eliud
773 982 944 1038 diebusali-
997 981 1140 1037 restrede
1169 997 1199 1037 se
1227 981 1380 1036 ullirmett
1403 983 1474 1036 Vere
1502 981 1587 1037 ilase
1611 981 1708 1048 babet,
1723 983 1853 1053 reposuit

90 1078 161 1145 quot
183 1073 380 1128 factitaturum
404 1087 492 1143 quam
518 1071 618 1127 domui
644 1087 703 1126 susa
723 1070 942 1141 dispositurum,
998 1070 1390 1142 Episcopus3idquedenuo
1419 1086 1481 1125 mea
1511 1070 1739 1141 episcopalillde
1756 1078 1852 1125 sancte

90 1166 227 1232 tanquam
244 1161 322 1215 brevi
347 1149 531 1223 inuriturum,
549 1159 665 1231 Vesperi
680 1164 745 1213 ante
760 1159 870 1214 abitrum
886 1159 942 1214 lte·
972 1170 1136 1215 ‘assevero
1154 1159 1319 1214 Commotus
1348 1157 1450 1213 intime
1479 1160 1532 1214 boc
1558 1175 1691 1214 sermone
1717 1159 1851 1230 princeps

89 1249 232 1305 lisbonem
248 1264 357 1315 versus,
374 1265 431 1321 quo
460 1248 578 1302 eumad
601 1247 716 1302 comitia
730 1248 850 1303 Caesaris
873 1248 944 1302 obe·
995 1248 1179 1315 acatholicus,
1208 1246 1487 1303 loannisGodelridi
1514 1246 1779 1319 virgineasmanus
1805 1264 1850 1302 re·

89 1337 207 1404 dientia,
223 1343 253 1391 et
266 1337 422 1408 singularis
444 1352 526 1390 amor
545 1341 632 1407 atque
659 1335 837 1390 observantia
859 1352 941 1391 voca·
996 1343 1128 1391 verenter
1140 1336 1320 1398 deosculatus
1345 1335 1409 1403 init,
1438 1352 1496 1391 una
1510 1340 1672 1391 contestans
1691 1336 1776 1390 hasce
1789 1352 1850 1390 ma·

89 1426 148 1491 bat,
168 1442 281 1481 summo
296 1441 380 1479 mane
395 1424 491 1479 itineri
505 1440 536 1478 se
551 1424 679 1490 daturus,
695 1423 767 1478 milri
782 1424 943 1479 valedicens
995 1441 1049 1480 nus
1062 1425 1164 1496 dignas
1179 1440 1239 1478 esse
1249 1440 1314 1495 qum
1326 1423 1496 1479 sucrificium
1512 1424 1642 1478 ullerant.

89 1514 214 1568 dicebat:
232 1512 398 1568 Videbimus
420 1528 471 1566 nus
486 1517 609 1578 mutuu;
635 1511 658 1566 si
674 1529 730 1566 nun
744 1511 801 1581 hic,
825 1513 882 1567 Deo
898 1518 942 1567 ta·
1031 1515 1074 1568 64.
1094 1536 1105 1561 ι
1126 1512 1246 1567 Demum
1260 1511 1652 1583 virginalemcastimuniom,
1665 1514 1852 1583 querulosu-

89 1617 157 1656 men
171 1602 266 1667 dente,
282 1603 312 1654 in
323 1601 411 1655 costis.
958 1644 978 1700 Β
996 1617 1048 1657 nes
1059 1600 1228 1657 Gudeiridus
1243 1600 1296 1656 sub
1324 1600 1459 1656 clientela
1485 1601 1533 1657 SS.
1565 1600 1690 1656 llcinrici
1711 1607 1741 1655 et
1756 1601 1851 1655 Cirne-

124 1692 193 1744 dt.·
212 1690 248 1743 Ex
279 1689 323 1743 his
348 1688 445 1758 colligi
469 1693 563 1760 potest
588 1689 729 1743 loannem
757 1689 942 1745 Godelridum
998 1690 1114 1757 grandis,
1135 1689 1380 1743 inadulesueotire
1407 1696 1436 1743 et
1464 1689 1582 1760 reliquae
1611 1689 1677 1744 vitae
1704 1687 1852 1759 periculis,
1885 1682 1896 1705 ⁶

9 1789 11 1793 ’
90 1778 125 1833 de
143 1777 315 1832 imminente
330 1793 382 1831 sue
401 1783 494 1833 morte
514 1777 559 1830 bis
574 1776 660 1830 luisse
673 1776 784 1831 caelitus
811 1777 940 1833 admoni-
998 1778 1115 1836 evolutio
1129 1777 1225 1832 medio
1239 1778 1365 1832 fornacis
1397 1777 1586 1848 babylonicae,
1612 1775 1854 1831 illusamucsine

89 1865 942 1936 tuni:semelantesusceptumiteritatisbunense,quando
997 1867 1073 1938 ignis
1112 1866 1199 1921 odore
1226 1865 1415 1934 autumnavit,
1446 1865 1658 1931 eamdem,sub
1684 1864 1853 1920 eurumdem

90 1955 183 2010 solum
207 1953 350 2009 intellexit
373 1961 496 2008 mortem
519 1969 600 2008 suam
623 1953 943 2026 essevicinemabsque
997 1955 1165 2010 Sanctorum
1207 1954 1378 2024 patrocinio,
1416 1952 1538 2008 feliciter
1571 1952 1717 2008 aternius
1745 1952 1854 2006 intulit.

89 2048 166 2098 certa
181 2042 319 2112 temporis
342 2041 581 2097 determinatione
602 2059 608 2095 :
626 2042 714 2096 altera
731 2042 789 2096 vice
809 2042 943 2097 Ratisbo·
998 2044 1053 2097 Vos
1068 2043 1156 2113 ipsus,
1171 2042 1267 2114 inquit
1279 2043 1422 2097 Furnerus
1438 2041 1469 2097 in
1495 2043 1635 2097 concione
1650 2040 1765 2097 t'uoebri
1777 2041 1857 2095 llam·

91 2146 148 2196 uoe,
164 2130 213 2185 ubi
242 2131 361 2202 insuper
386 2131 520 2201 cognovit
548 2147 577 2185 su
594 2131 846 2185 movitnrnmente
862 2131 944 2185 nuvi-
997 2131 1095 2203 bergas
1111 2130 1218 2198 habita,
1234 2136 1376 2202 quotquot
1391 2131 1438 2186 liic
1451 2130 1566 2198 adestis,
1584 2134 1671 2185 testes
1686 2129 1799 2194 invoco,
1820 2143 1856 2182 an

90 2219 159 2274 anni
173 2219 308 2273 initium:
324 2218 353 2272 id
370 2218 446 2289 quod
459 2219 557 2273 multis
572 2223 638 2273 aute
653 2219 752 2274 diebus
763 2219 839 2289 apud
851 2219 944 2274 diver·
999 2236 1056 2274 uun
1072 2220 1167 2274 omnis
1185 2219 1247 2289 ejus
1261 2219 1320 2272 vita
1345 2219 1483 2274 eximium
1510 2219 1649 2274 castitatis
1673 2218 1856 2273 sacerdotalis

91 2307 945 2379 sussuepinsallirmavit3jussitqueprotereetestamentum
999 2309 1251 2379 speculumpossit
1271 2308 1445 2379 appellari?
1472 2308 1534 2362 Non
1562 2307 1690 2362 dubitate
1719 2307 1856 2361 eumdem

90 2411 177 2451 suum
189 2396 347 2464 Bamberga
365 2395 551 2450 Retisbunam
567 2396 670 2449 atlerri.
999 2397 1076 2452 huuc
1105 2395 1297 2450 castissimum
1325 2396 1481 2450 Praesulem
1507 2395 1649 2451 illibatum
1683 2394 1856 2465 virginitatis

126 2486 203 2539 δὶα
225 2484 314 2538 Porro
330 2484 403 2538 hanc
428 2483 676 2538 denuntiationem
705 2483 747 2538 illi
769 2485 945 2539 inclamasse
1000 2484 1247 2553 liorem,idquud
1265 2483 1337 2537 mibi
1358 2483 1389 2538 in
1419 2484 1521 2537 ultimo
1536 2482 1629 2537 adbuc
1645 2481 1759 2546 itinere,
1776 2480 1855 2550 quud

91 2571 287 2627 Ratisbonaee
315 2572 361 2627 SS.
381 2571 514 2627 lleinrico
530 2576 558 2627 et
582 2572 761 2642 Cunigunde,
778 2572 902 2628 babetur
916 2573 946 2628 in
999 2590 1065 2628 cunr
1080 2573 1141 2644 ipso
1156 2572 1266 2642 peregi,
1282 2577 1314 2625 ut
1329 2572 1399 2626 alias
1413 2571 1529 2643 saepius,
1554 2569 1741 2633 concredidit,
1755 2583 1856 2622 seeum

92 2661 156 2715 Vite
170 2660 260 2731 ipsius
272 2659 475 2732 manuscripta.
496 2661 594 2732 Neque
622 2661 729 2715 mirum
754 2660 887 2731 cuiquam
905 2659 945 2713 vi·
999 2678 1034 2716 ex
1050 2661 1102 2715 trac
1117 2660 1214 2715 vitain
1231 2661 1352 2715 alteram
1368 2660 1446 2714 illam
1463 2659 1499 2714 ed
1515 2658 1618 2714 Christi
1637 2656 1858 2727 aeternijudicis

93 2748 259 2805 deridebat
283 2749 359 2819 quod
382 2749 478 2805 Sancti
505 2748 536 2803 hi
556 2749 673 2803 Patroni
699 2755 758 2802 tam
774 2749 945 2821 exquisitam
999 2748 1126 2805 tribunal
1143 2749 1220 2803 huub
1245 2749 1332 2803 dubia
1348 2756 1544 2819 asportasse...
1563 2745 1705 2818 Pugnavit
1725 2745 1857 2802 animose

92 2853 190 2892 curem
206 2837 348 2909 gesserint
371 2837 407 2892 de
435 2837 547 2892 clientis
575 2836 619 2891 sui
647 2836 724 2891 ielici
756 2852 790 2890 ex
819 2836 871 2890 bac
888 2836 946 2889 vita
1001 2837 1343 2893 nobilistristiathleta
1371 2842 1401 2891 et
1423 2836 1508 2891 herus
1536 2833 1856 2913 loannesGudeiridus,

91 2926 233 2991 transitu3
248 2926 315 2997 quia
331 2926 379 2980 ille
394 2925 671 2996 specialemillurum
688 2926 814 2979 favorem
826 2922 944 2994 speciali
959 2931 980 2986 c
999 2931 1027 2981 et
1041 2926 1164 2997 gloriose
1179 2925 1378 2995 triumphavit,
1396 2930 1425 2979 et
1447 2925 1620 2996 virginitatis
1642 2921 1802 2986 aureolam,
1819 2921 1859 2975 in·

92 3013 186 3068 studio
201 3013 350 3084 virginalis
365 3012 553 3079 castimoniae,
577 3018 727 3083 tantopere
752 3012 788 3066 ab
812 3012 870 3066 illis
885 3011 948 3066 ada·
1001 3020 1080 3083 tegre
1094 3029 1179 3066 carne
1194 3020 1222 3067 et
1235 3013 1382 3080 membris,
1400 3017 1432 3067 nt
1446 3013 1576 3084 loquitur
1601 3011 1629 3067 S.
1646 3012 1853 3082 Hieronymus.

93 3106 189 3165 melia,
208 3101 386 3172 promeritus
399 3099 464 3155 luit.
482 3101 559 3154 Hanc
573 3099 650 3154 enim
667 3115 725 3154 uon
741 3103 835 3154 solum
850 3100 881 3153 in
896 3116 946 3154 sua
1000 3100 1164 3170 reportavit.
1657 3104 1660 3111 ⁴

93 3188 296 3255 adolescentia,
321 3193 354 3243 ut
381 3204 469 3257 snpra
497 3188 620 3243 relatum
643 3188 707 3255 init,
735 3188 783 3242 sed
808 3188 894 3242 etiam
916 3186 946 3241 in
1049 3191 1123 3243 ab·
1150 3187 1228 3242 Obiit
1264 3187 1474 3243 laudatissimus
1515 3187 1652 3259 Princeps
1692 3184 1857 3240 ttetishoae

93 3278 180 3333 totius
204 3278 270 3331 vilre
293 3293 352 3331 suae
381 3277 503 3331 decurso
532 3282 631 3331 contra
652 3275 767 3347 quasvis
797 3274 891 3331 corruis
918 3280 947 3329 et
1000 3292 1063 3330 xxix
1083 3276 1215 3331 Decemb.
1233 3292 1309 3330 anno
1335 3292 1457 3343 uuuxrrr,
1475 3276 1536 3348 qui,
1563 3274 1709 3340 uti‚aSS.
1729 3274 1856 3343 impera·

93 3370 202 3422 utana
229 3366 404 3421 tentationes
433 3364 536 3419 invicte
560 3368 669 3420 tutatus
693 3370 744 3419 est.
765 3363 840 3429 Quin
865 3368 894 3418 et
916 3361 947 3417 il·
1000 3365 1110 3419 turibus
1130 3364 1262 3419 lleinrico
1277 3370 1306 3419 et
1330 3364 1505 3436 cunegunde
1527 3361 1763 3419 extraordinariis
1776 3362 1855 3417 iaru-

93 3454 232 3510 lustribus
251 3452 574 3521 castissimsevitresuue
595 3451 745 3522 exemplis,
775 3451 946 3522 quibusdam
1000 3452 1207 3512 ribus.invita
1229 3458 1363 3507 utmurte
1392 3458 1512 3508 ornatus
1533 3452 1588 3507 luit
1603 3452 1643 3506 ita
1659 3449 1856 3515 veneratione,

94 3557 111 3596 e
141 3542 256 3598 Lutberi
281 3548 358 3597 secte
382 3541 523 3612 persuasit
548 3540 605 3596 lide
633 3540 751 3612 dignum
781 3555 842 3594 esse
870 3540 946 3611 quod
1000 3540 1220 3611 temporalitas,
1238 3541 1344 3595 sanctis
1368 3541 1499 3612 petronis
1523 3540 1855 3596 exhibitanoncunten·

94 3631 342 3687 SS.lleinricucet
367 3629 549 3701 tluueguodis
576 3628 606 3684 in
635 3628 768 3700 conjugio
796 3628 858 3700 pari
880 3644 946 3683 cun·
1000 3634 1057 3694 tus,
1077 3628 1167 3683 voluit
1185 3629 1270 3683 etiam
1291 3629 1378 3683 innrrs
1405 3645 1489 3683 suum
1505 3635 1617 3684 exstare
1637 3644 1696 3683 suae
1710 3626 1858 3696 ergaillos

93 3731 180 3775 sensu
195 3719 365 3790 virginalem
394 3717 599 3774 continentiam
621 3717 804 3783 servaverint,
826 3716 854 3771 id
870 3716 947 3787 quud
999 3717 1167 3774 reverentiae
1184 3722 1416 3772 monumentum.
1440 3718 1511 3772 Nem
1526 3716 1709 3773 humillimus
1722 3716 1858 3786 Princeps

93 3807 225 3863 homines
251 3810 457 3862 ultracarnem
485 3806 526 3861 nil
553 3805 946 3878 snpientestauquemiabu·
1000 3806 1144 3862 estimans
1161 3823 1190 3862 se
1219 3806 1372 3877 iudignum
1405 3806 1554 3861 communi
1583 3820 1649 3860 curn
1673 3803 1784 3860 Sanctis
1802 3802 1859 3858 illis

94 3894 185 3952 lusum
205 3896 383 3966 rejiciebant,
408 3896 601 3950 adscribentes
627 3900 739 3949 natrrree
763 3893 907 3949 sterilitati
919 3899 948 3947 et
1000 3893 1157 3966 sepultura,
1178 3893 1265 3964 jussit
1286 3894 1402 3965 quidem
1419 3909 1522 3965 corpus
1537 3909 1620 3948 suum
1635 3891 1750 3948 humari
1765 3892 1858 3947 ince-

93 3985 275 4057 impotentiae
289 3983 366 4056 quod
383 3984 480 4039 virtuti
500 3988 530 4038 et
547 3983 647 4053 gratius
673 3982 859 4037 tribuendum
874 3988 945 4036 eret.
1000 3983 1123 4039 thedrali
1151 3983 1367 4054 bambergensi,
1393 3988 1562 4038 nontamen
1586 3983 1617 4036 in
1644 3982 1708 4052 ipsa
1728 3980 1856 4041 ecelesia,

93 4073 243 4131 lactabant
255 4073 383 4144 insuper,
399 4071 566 4143 nequidem
582 4070 753 4138 sacerdotes,
780 4071 871 4126 multu
890 4069 947 4124 mi·
1000 4071 1051 4126 ubi
1067 4070 1162 4126 Sancti
1188 4071 1384 4143 quiescebant,
1413 4071 1461 4127 sed
1477 4072 1578 4126 subtus
1603 4086 1677 4136 eam,
1693 4070 1724 4124 in
1735 4069 1858 4124 obseura

94 4177 149 4216 nus
158 4161 294 4231 conjuges
310 4175 393 4230 posse
407 4175 468 4214 esse
482 4159 673 4214 continentes.
960 4213 982 4266 D
1000 4164 1099 4230 crypta
1128 4174 1192 4230 quse
1208 4165 1251 4214 est
1275 4160 1327 4214 snb
1355 4160 1444 4214 churu
1468 4160 1495 4215 S.
1522 4158 1636 4229 Georgii
1664 4157 1805 4229 martyris,
1821 4156 1855 4212 ad

132 4251 176 4304 63.
191 4267 205 4300 ι
219 4249 251 4303 Ιιι
265 4247 339 4303 hauc
351 4263 413 4302 rem
424 4246 612 4302 memorabile
631 4245 701 4317 qnid
716 4245 803 4301 relerl
823 4247 946 4301 loannes
1001 4262 1087 4319 quem
1103 4247 1218 4313 deinde,
1238 4263 1314 4302 anuo
1327 4264 1462 4316 rounam,
1478 4249 1649 4304 Sanctorum
1661 4245 1779 4301 illorum
1794 4261 1856 4300 ossa

93 4333 185 4390 Seller
198 4333 262 4389 soc.
286 4334 351 4388 lesu
371 4333 556 4388 concionatur
577 4331 747 4387 cathedralis
772 4333 945 4402 llatisbonsu,
999 4337 1136 4392 translata
1147 4335 1274 4391 inerunt.
1290 4337 1343 4393 Sed
1367 4339 1441 4393 lteris
1467 4337 1607 4393 humilem
1632 4351 1747 4390 serrum
1771 4350 1855 4388 suum

94 4421 124 4476 in
140 4421 278 4476 concione
290 4421 405 4476 funebri
425 4437 512 4492 quam
528 4421 634 4476 ibidem
665 4420 765 4476 habuit
789 4422 824 4476 de
836 4421 946 4477 luanne
1001 4422 1124 4479 vicissim
1140 4423 1171 4479 iu
1191 4424 1314 4480 exanimi
1328 4426 1391 4498 ejus
1406 4442 1527 4498 corpore
1554 4426 1695 4480 bonorare
1721 4423 1856 4495 dignatus

93 4510 258 4570 Gudeiridu.
283 4516 414 4579 tempure
438 4509 633 4576 comitiorum,
654 4526 692 4565 xii
720 4510 849 4577 ianuar,
872 4526 946 4565 annu
1000 4518 1052 4568 est.

88 4611 224 4653 ‘aocxxru
241 4598 311 4654 Cum
329 4599 463 4669 Princeps
483 4599 601 4670 quidam
627 4598 804 4654 acatholicus
818 4603 948 4653 cerneret
1036 4605 1084 4659 66.
1103 4604 1202 4657 «Nam
1219 4618 1283 4657 cum
1306 4602 1378 4657 illud
1396 4620 1430 4658 xv
1451 4602 1554 4657 diebus
1580 4604 1646 4673 post
1660 4603 1794 4663 mortem,
1813 4599 1855 4654 ni·

93 4687 504 4759 quodlolraunesGodeiridus
530 4686 752 4743 abominabilem
778 4687 946 4742 clericorum
1001 4690 1108 4760 mirum
1123 4708 1160 4746 ιιι
1175 4691 1302 4747 tannarii
1329 4691 1397 4746 enni
1414 4707 1533 4746 uucxxur
1561 4691 1628 4762 (quo
1653 4689 1700 4743 die
1723 4689 1856 4742 solennes

92 4774 327 4842 concubinatum,
346 4775 565 4847 libidinoseque
595 4777 661 4831 viter
691 4775 835 4831 licentiam
852 4775 881 4830 in
897 4792 948 4831 sue
1001 4778 1078 4834 illios
1094 4780 1248 4850 exsequia,
1262 4780 1457 4850 inpraesentia
1485 4795 1637 4850 procerum
1655 4776 1780 4847 lmperii,
1798 4777 1856 4832 lla·

86 4864 207 4920 'dioecesi
223 4863 444 4934 implacabiliter
472 4863 672 4932 insectaretur,
697 4870 726 4919 et
739 4864 948 4935 incorrigibiles
1000 4867 1122 4923 tishunae
1152 4867 1182 4923 in
1209 4867 1462 4940 capellaCaesarea
1488 4866 1638 4922 celebrata
1665 4865 1740 4933 sunt)
1756 4865 1856 4920 habita

91 4952 235 5024 parochiis
250 4958 278 5008 et
302 4951 448 5008 beuellciis
476 4953 671 5024 privaret,ete
693 4952 947 5008 dioecesidimitte-
1000 4956 1154 5028 episcopali
1168 4956 1312 5020 indutum,
1342 4955 1620 5020 intumbaelcvata,
1641 4954 1774 5009 omnium
1788 4968 1857 5008 cun·

92 5046 147 5105 ret,
164 5041 192 5095 in
207 5040 341 5096 familiari
356 5057 421 5096 cum
446 5040 586 5112 Episcopo
615 5057 769 5112 congressu
793 5040 947 5096 contende·
999 5044 1111 5114 spectari
1122 5051 1325 5115 exponeretur,
1341 5043 1427 5099 iacies
1452 5044 1588 5115 ejustuta
1611 5042 1707 5097 vivida
1724 5044 1753 5096 et
1777 5041 1857 5095 rubi·

92 5127 143 5183 bat
157 5129 350 5184 sacerdotibus
372 5129 599 5202 permittendum
628 5145 690 5184 esse
710 5129 890 5201 conjugium,
914 5145 947 5184 eo
1000 5131 1094 5186 cunda
1110 5133 1255 5204 apparuit,
1270 5149 1329 5188 nun
1355 5149 1436 5188 secus
1451 5149 1484 5188 ac
1503 5133 1526 5187 si
1547 5132 1640 5187 adbuc
1662 5135 1724 5185 tum
1739 5129 1856 5184 viveret.

92 5215 169 5287 quod
200 5216 256 5271 illis
281 5217 458 5289 impossibile
482 5221 555 5272 esset
587 5233 701 5272 serrare
728 5218 946 5283 continentiam,
1002 5221 1045 5275 lta
1060 5225 1181 5275 testatur
1214 5222 1406 5292 protocollum
1435 5221 1605 5276 historicum
1633 5218 1711 5273 urbis
1726 5217 1857 5273 Ratisbo·

87 5303 250 5374 Episcopus
265 5310 380 5360 econtra
395 5304 486 5361 firmis
513 5305 674 5361 rationibus
688 5305 865 5370 ostendebat,
881 5320 947 5361 cum
1002 5310 1098 5364 nausis
1113 5310 1148 5365 de
1160 5326 1237 5365 anno
1262 5327 1372 5366 vocxxu
1400 5315 1428 5366 et
1454 5327 1586 5366 uouxxur.
1606 5311 1638 5363 Et
1664 5323 1730 5363 cum
1752 5307 1857 5363 deinde

84 5389 192 5446 v(livine
219 5391 311 5461 gratie
338 5392 365 5448 id
389 5395 609 5465 essepossibile.
640 5394 694 5450 Sed
720 5410 785 5449 cum
814 5395 948 5465 princeps
1002 5414 1048 5454 sex
1065 5398 1114 5453 alii
1137 5398 1199 5453 dies
1221 5399 1438 5454 insumerentur
1461 5398 1574 5470 corpori
1590 5395 1857 5467 ejosBambargam

97 5479 283 5535 acatholicus·
299 5481 378 5535 utillo
393 5482 422 5536 id
438 5482 492 5538 sibi
514 5490 684 5552 argumento
699 5483 866 5555 persuaderi
876 5483 949 5538 sine·
995 5486 1179 5554 devehendo,
1197 5487 1247 5542 ubi
1266 5488 1381 5542 demum
1396 5488 1443 5543 die
1457 5503 1500 5541 xrx
1521 5487 1659 5551 ianuarii,
1673 5489 1759 5540 terrra
1774 5500 1857 5540 man·
