3878 6112
419 247 504 305 VITA
523 251 552 305 S.
572 248 802 318 cuneandum,
823 250 881 307 unt
902 250 947 307 DE
968 251 995 307 S.
1017 250 1183 310 uenulae.
1630 252 1684 308 ilo

70 373 162 431 imum
192 373 309 445 pungit,
331 388 363 427 ac
390 373 422 428 in
449 372 782 439 mentemvanit,ritam
801 377 853 429 A»
875 374 919 429 ieie
948 376 1041 430 suiuus
1062 377 1115 429 erit
1140 375 1248 444 (blattis.
1280 390 1310 441 x,
1335 377 1393 440 22.)
1416 378 1510 446 Atque
1536 375 1630 431 bonus
1652 376 1684 430 in

70 462 125 519 adae
152 461 273 534 virginis
299 467 407 517 nostrae
443 461 629 532 cunegundis
656 462 783 517 breviter
842 467 1026 533 »conspectu
1041 462 1127 516 etiarn
1143 461 1194 517 Dei
1209 462 1345 532 placitum
1362 479 1423 517 esse
1438 463 1563 529 cernitis,
1589 465 1684 520 sinon

72 592 82 621 ,
102 556 132 607 et
145 550 293 605 memoria
326 549 432 621 scripto
456 550 674 616 commendare3
694 556 726 605 ut
746 551 782 605 ad
839 570 853 600 s
873 551 967 605 solum
981 566 1034 621 pro
1054 550 1172 621 illisqui
1191 549 1222 605 in
1236 549 1289 604 hac
1304 550 1362 605 vita
1387 551 1473 622 positi
1487 551 1580 605 multa
1605 551 1685 606 robis

70 639 168 711 majus
182 639 335 703 intuentes,
353 654 532 709 quaecunque
548 638 684 708 virgines,
701 655 781 709 qure-
840 659 852 688 ι
873 638 958 705 boba,
978 639 1027 693 sed
1043 655 1094 709 pro
1113 638 1170 692 illis
1184 639 1271 692 etiam
1287 639 1337 710 qui
1360 639 1441 694 nulla
1455 639 1596 707 lecerunt,
1620 656 1684 694 ora·

70 742 133 783 vere
162 727 268 791 vidue,
293 727 426 798 perfectae
451 726 517 780 ritae
544 742 676 781 normam
706 726 781 780 arbi·
837 726 979 781 iveritis.
1005 726 1127 782 Obsecro
1152 742 1221 797 ergo
1243 732 1353 781 utenrn
1384 744 1401 781 a
1427 726 1562 781 cordibus
1584 728 1684 782 restris

70 814 405 871 onrersatiouemillius.
425 813 578 884 indignum
595 813 673 867 enim
690 813 781 878 nohis,
836 830 1020 886 »nunquam
1048 814 1203 885 abjiciatisf,
1230 815 1279 885 qui
1308 832 1357 868 vos
1386 820 1524 886 tanquam
1552 816 1682 887 proprias

70 903 213 974 ,deoperte
229 903 353 974 pretium
369 901 514 966 duximus,
531 909 563 955 nt
589 900 632 954 ilii
653 900 781 954 officium
838 924 849 950 ι
871 903 987 965 amavit,
1003 907 1090 973 atque
1106 903 1182 956 hunc
1206 906 1299 956 locum
1316 909 1408 957 vestra
1429 904 1565 959 servitute
1581 904 1684 959 llorere

70 993 215 1047 trahamus
240 991 308 1057 oris,
337 993 418 1061 eujus
444 989 625 1058 providentia
652 989 780 1060 quotidie
836 1013 850 1040 »
871 991 972 1046 voluit.
993 993 1088 1046 Estote
1103 1007 1219 1063 quoqne
1240 1008 1311 1045 mare
1338 993 1513 1046 necessitatis
1529 1009 1682 1060 memores,

83 1079 261 1151 percipimus
279 1077 419 1149 corporis.
836 1101 850 1128 »
871 1095 985 1150 semper
1016 1080 1045 1133 in
1073 1080 1217 1133 hilaritate
1245 1080 1337 1135 cordis
1349 1081 1555 1148 misericordes,
1587 1099 1685 1137 secun-

70 1169 153 1224 'reteto
184 1169 294 1233 morito,
335 1169 391 1236 piis
415 1166 540 1236 operibus
578 1166 683 1218 insistit
715 1179 778 1219 sarr-
838 1166 939 1222 »dum
968 1166 1039 1222 illud
1075 1166 1201 1237 Apostoli
1230 1184 1236 1221 :
1270 1169 1382 1223 Dilectio
1412 1171 1471 1223 sine
1511 1171 1686 1225 simulatione

70 1256 188 1327 madia.
224 1258 293 1325 Ejus
322 1255 446 1324 epistota.
474 1283 509 1293 -
539 1252 659 1307 Herrrico
682 1251 780 1322 itaque
836 1255 1025 1326 r(ltom.xrr,
1042 1254 1078 1324 a).
1101 1255 1214 1309 Necnon
1231 1261 1330 1309 reslrce
1359 1260 1468 1310 mentes
1482 1256 1512 1310 in
1530 1258 1683 1328 quamdam

70 1368 73 1397 t
100 1344 237 1399 castitatis
264 1341 476 1413 patientissimo
503 1355 618 1410 semper
649 1339 780 1406 custode,
838 1347 980 1397 ·muruae
994 1343 1139 1397 charitatis
1161 1342 1336 1396 soliditatem
1351 1345 1442 1414 magis
1462 1360 1494 1398 ac
1511 1345 1603 1414 magis
1617 1362 1684 1400 con-

70 1449 77 1488 ι
111 1432 171 1486 suis
198 1431 350 1502 virginem,
378 1428 421 1483 uti
448 1428 615 1482 traduxerat
640 1427 669 1480 in
698 1426 779 1482 Chri·
838 1436 1007 1496 nocuerant,
1027 1436 1168 1501 quatenus
1190 1431 1221 1485 in
1248 1431 1293 1485 dic
1318 1431 1512 1486 tribulationis
1530 1433 1684 1488 clamorem

72 1519 176 1575 ultimo
214 1518 317 1591 spiritu
344 1517 516 1571 constitutus
563 1514 718 1585 resignavit
746 1513 779 1567 ad
834 1542 847 1567 a
870 1525 995 1573 vestrum
1020 1518 1110 1589 ipsius
1136 1535 1220 1572 aures
1243 1519 1407 1582 exaudiant,
1438 1519 1489 1590 qui
1512 1520 1581 1574 dicit
1607 1536 1613 1574 :
1635 1523 1686 1576 uer

94 1621 159 1678 quse
193 1604 302 1676 jugiter
328 1603 500 1674 suspirabat,
541 1601 646 1674 gaudia
685 1606 779 1655 trans·
836 1627 849 1656 o
870 1607 923 1662 duo
935 1610 1041 1662 veltres
1064 1609 1222 1673 congregati
1233 1609 1340 1674 menet
1367 1609 1397 1662 irr
1424 1611 1530 1663 aomina
1556 1623 1623 1674 meo,
1656 1611 1686 1663 in

70 1735 74 1750 .
106 1711 137 1749 se
175 1695 210 1749 ad
252 1693 417 1754 Dominum,
460 1697 493 1746 ut
522 1708 646 1762 semper,
687 1695 777 1745 totum
833 1717 848 1745 a
868 1695 957 1750 medio
975 1710 1066 1749 eorum
1091 1709 1152 1749 sum
1167 1695 1275 1761 (blattis.
1297 1710 1335 1761 xr,
1358 1695 1418 1766 20).
1437 1695 1517 1760 Quod
1534 1712 1582 1750 vos
1605 1697 1685 1750 omni

70 1801 72 1840 ;
101 1779 184 1834 illum
223 1795 281 1833 soce
316 1777 448 1843 castitati,
488 1778 660 1844 necessitati,
693 1778 779 1832 saluti
832 1783 953 1837 amodo
976 1783 1137 1853 promereri
1167 1782 1275 1844 hortor,
1303 1784 1403 1838 eodem
1437 1788 1603 1855 praetante,
1633 1785 1684 1856 qui

70 1867 211 1924 llumsuis
233 1866 371 1932 ecclesiis;
400 1865 481 1920 illum
499 1865 576 1934 liliis,
605 1882 677 1937 quos
706 1866 778 1920 elin
832 1887 932 1926 scum
952 1872 1036 1926 Patre
1057 1874 1086 1925 el
1102 1870 1210 1941 Spiritu
1235 1875 1333 1925 sancto
1357 1871 1427 1925 vivit
1453 1875 1481 1926 et
1512 1875 1614 1942 regnat
1633 1886 1686 1942 per

71 1959 287 2029 aggregaverat,
314 1959 487 2025 presentem
512 1954 620 2021 adfore,
640 1953 778 2008 advocare
834 1981 845 2007 ι
867 1957 965 2013 omnia
979 1958 1084 2013 saecula
1099 1959 1281 2013 saeculorum.
1302 1962 1403 2014 Amen.
1418 1981 1433 2007 »

75 2043 253 2100 orationibus
281 2044 398 2108 instare,
447 2042 494 2097 die
525 2043 678 2114 practicam
713 2058 778 2097 cum
865 2053 892 2102 7.
909 2049 1088 2102 Monosticem
1108 2051 1206 2107 uestem
1216 2047 1317 2101 induit.
1334 2049 1385 2102 ria
1403 2048 1460 2115 eius
1485 2049 1625 2102 exercitio.
1650 2078 1685 2087 -

82 2137 170 2188 noctu
192 2132 444 2202 contemplativam
473 2147 538 2186 cum
576 2132 664 2187 blaria
691 2133 779 2186 vitam
832 2135 961 2208 Denique
975 2135 1106 2192 Conrado
1126 2133 1180 2188 sihi
1197 2136 1365 2190 succedente
1380 2135 1410 2188 in
1426 2150 1514 2205 regno
1530 2135 1596 2206 (72),
1623 2135 1685 2206 ipsa

70 2236 104 2277 on
133 2221 268 2276 cessabat.
296 2220 406 2285 Quanta
433 2235 501 2274 vero
531 2221 779 2292 eleemosynarum
831 2224 908 2276 curis
935 2222 1128 2286 saecularibus,
1160 2222 1304 2293 sicutjam
1326 2222 1374 2276 diu
1396 2222 1618 2289 desideraverat,
1634 2238 1685 2277 er-

70 2314 197 2383 ,quanta
211 2307 348 2363 orationis
371 2308 517 2368 instantia,
534 2324 586 2378 pro
610 2308 686 2362 beati
708 2314 778 2362 con·
832 2315 960 2376 onerata,
987 2310 1017 2365 in
1043 2310 1105 2380 ipso
1130 2308 1325 2363 anniversario
1355 2308 1401 2363 die
1420 2309 1559 2364 transitus
1594 2309 1683 2363 sancti

70 2397 147 2453 uncti
176 2397 273 2451 anima
295 2396 488 2458 desudaverit,
509 2397 538 2450 in
553 2397 712 2468 subscripta
732 2413 780 2467 pa·
833 2397 1186 2470 Henriciarchiepiscopos
1207 2413 1272 2451 cum
1299 2397 1440 2468 episcopis
1466 2397 1501 2452 ad
1529 2396 1683 2452 dedicatio·

70 2484 188 2554 amipsa
214 2499 267 2554 per
293 2499 323 2536 se
345 2482 425 2552 (uam
453 2482 627 2551 litterarum,
656 2483 729 2537 sicut
752 2487 782 2537 et
832 2502 900 2541 nem
916 2485 1115 2558 Confugiensis
1129 2484 1254 2539 ecclesiae
1269 2490 1426 2539 convocat:
1457 2485 1595 2540 ubiinter
1611 2486 1685 2539 mis-

70 2572 186 2637 artinm,
211 2571 387 2642 distinguere
400 2586 471 2624 auro
492 2571 672 2642 gemmisque
688 2586 780 2624 sacras
833 2589 930 2628 sarum
945 2572 1097 2640 solemnia,
1114 2571 1258 2641 imperiali
1282 2572 1482 2627 decentissime
1498 2574 1577 2628 omni
1600 2574 1681 2628 cultu

70 2660 105 2715 rit
130 2658 313 2732 peritissima)
343 2657 504 2728 composuit
530 2659 576 2730 let
600 2657 779 2728 conscripsit,
835 2665 946 2726 ornata,
981 2664 1046 2714 ante
1076 2659 1232 2730 principale
1270 2660 1360 2714 altare
1388 2661 1467 2731 virgo
1498 2662 1555 2716 Deo
1579 2661 1683 2716 devota

71 2764 108 2804 ue
124 2749 195 2803 scire
211 2746 334 2801 voluerit
343 2762 514 2817 cognoscere
527 2746 671 2817 poterit«
692 2745 782 2800 Cune—
833 2748 984 2820 processit,
1007 2747 1107 2818 ibique
1134 2747 1303 2801 thesaurum
1320 2748 1585 2820 incomparabilem.
1612 2750 1684 2819 ligni

70 2872 83 2905 ·,
102 2836 199 2892 divim
217 2835 506 2906 dispensationesolo
525 2834 781 2904 nomincimpera-
835 2835 979 2892 Dominici
1003 2851 1126 2900 crucem,
1143 2836 1391 2907 parvamquidem
1416 2837 1446 2890 in
1476 2837 1605 2904 materia,
1635 2838 1684 2893 sed

70 2923 208 2980 »daliter
226 2923 338 2979 dilectae
352 2922 570 2994 congregationi
589 2923 618 2976 in
634 2921 783 2993 Coniugia,
798 2927 819 2982 c
838 2924 993 2980 maximam
1009 2924 1039 2977 in
1053 2922 1167 2988 virtute,
1186 2924 1243 2977 ileo
1256 2923 1371 2979 obtulit.
1383 2927 1419 2979 At
1433 2925 1484 2979 nbi
1498 2925 1581 2980 lectio
1597 2941 1684 2981 eran·

70 3011 110 3067 rid
122 3012 207 3082 justae
220 3010 354 3066 convenit
365 3009 520 3065 dilectioni.
538 3009 667 3080 Proprie
681 3009 780 3064 adver·
834 3013 914 3085 getii,
930 3012 960 3066 in
977 3027 1035 3083 qua
1047 3027 1132 3080 supra
1151 3011 1283 3065 arborem
1299 3011 1391 3065 erucis
1412 3013 1569 3068 ascendens
1589 3013 1684 3084 suspi-

73 3101 224 3167 sarcinam,
241 3099 328 3154 veluti
343 3098 465 3161 estimo,
489 3097 600 3153 facilius
616 3099 780 3167 tolerarem,
834 3102 959 3156 cientem
980 3101 1118 3154 scissum
1134 3098 1289 3169 suscipere,
1306 3103 1335 3153 et
1347 3099 1383 3154 ab
1398 3115 1433 3154 eo
1453 3100 1683 3155 benedictionem

70 3205 117 3244 ras
136 3205 180 3243 res
206 3188 297 3242 salvas
324 3187 541 3257 incolumesque
557 3185 677 3241 existere
697 3185 777 3240 vide·
834 3189 957 3261 pusillus
977 3186 1085 3242 meruit
1098 3187 1237 3257 accipere,
1259 3188 1331 3241 lecta
1344 3186 1409 3254 fuit,
1426 3189 1553 3258 regalem
1568 3204 1681 3259 purpu-

75 3276 211 3342 ΟΜΝ*
240 3275 317 3330 (inim
345 3290 427 3329 mens
455 3274 619 3345 pr⁰00110³i⁵
646 3290 780 3328 Clitarum
835 3298 897 3336 ram
912 3295 1029 3345 exuens,
1055 3278 1182 3333 tunicam
1197 3278 1362 3346 fusciorem,
1375 3295 1463 3350 quam
1478 3279 1541 3349 ipsa
1556 3279 1611 3334 sibi
1625 3280 1684 3334 suis

70 3380 105 3420 us
120 3363 249 3435 undique
274 3362 431 3436 quatiatur,
459 3368 560 3417 vesltae
574 3366 671 3417 lamen
684 3378 780 3417 recor·
835 3368 969 3424 manibus
981 3371 1099 3439 'operata
1111 3366 1215 3434 fuerat,
1238 3371 1344 3422 vestem
1368 3367 1525 3439 religionis,
1551 3367 1617 3422 data
1644 3385 1684 3422 sa·

70 3453 94 3508 is
108 3453 234 3507 anchora
248 3467 265 3506 a
278 3450 371 3506 cordis
385 3450 581 3521 profunditate
597 3466 656 3505 non
683 3450 782 3505 evelli·
835 3451 972 3509 cerdotali
983 3450 1193 3519 benedictione,
1213 3450 1316 3505 induit.
1334 3451 1377 3518 Et,
1393 3452 1491 3505 multis
1511 3467 1564 3522 pro
1577 3467 1607 3506 se
1618 3452 1684 3523 qoi-

70 3538 528 3612 :lieetlongeremotceaboeulis
552 3538 782 3604 sitis,abanimo
835 3542 901 3597 dem
918 3539 1128 3611 flentibus‚pro
1144 3539 1301 3593 illaantem
1314 3539 1516 3609 gaudentibus,
1532 3555 1597 3611 que
1622 3540 1684 3610 jam

80 3645 224 3701 nusquam
247 3627 390 3683 receditis.
423 3626 493 3691 eris
519 3643 572 3680 nos
598 3627 782 3697 separabile
837 3629 974 3684 seculum
995 3627 1158 3682 damnasset
1171 3626 1201 3680 in
1235 3627 1370 3691 vestibus,
1399 3626 1520 3697 capillis,
1550 3626 1600 3698 qui
1627 3628 1685 3682 huc

70 3721 108 3774 tle
134 3717 257 3774 Christi?
285 3732 367 3771 casus
393 3714 512 3782 doloris,
526 3731 562 3769 an
588 3715 784 3786 longinquitas
838 3715 981 3788 usquein
1005 3715 1106 3770 eodem
1143 3715 1318 3768 monasterio
1340 3730 1393 3785 pro
1416 3715 1507 3785 ipsius
1536 3719 1685 3769 serrantur

70 3806 160 3863 ionis?
175 3805 249 3871 Quin
272 3806 357 3860 etiam
386 3804 409 3858 si
432 3804 545 3858 amissae
559 3803 701 3858 facultatis
716 3819 784 3857 rastis
838 3805 957 3871 honore,
980 3801 1118 3874 precisis,
1144 3801 1280 3872 imposito
1302 3801 1355 3856 sibi
1385 3803 1421 3855 uh
1441 3802 1583 3873 episeopis
1609 3803 1683 3869 velo,

70 3897 184 3962 leretur,
214 3894 346 3949 voluntas
386 3892 448 3946 haec
474 3892 569 3963 operis
607 3891 784 3946 exhibitione
839 3893 945 3948 annulo
968 3889 1036 3945 fidei
1064 3888 1242 3957 subarrhata,
1269 3888 1479 3959 gratulabunda
1508 3889 1647 3944 succinuit
1677 3907 1684 3944 ε

70 3982 218 4039 obaretur.
248 3983 345 4053 lpsum
377 3984 474 4035 temen
506 3980 665 4046 modicum,
707 3978 785 4052 quod
839 3981 1059 4046 Posurtsiprtum
1073 3980 1102 4031 in
1121 3978 1220 4044 sociem
1233 3992 1330 4042 meam,
1346 3982 1371 4031 ct
1395 3978 1498 4032 annulo
1514 3993 1563 4033 suo
1587 3978 1685 4032 subar-

70 4112 76 4139 ,
104 4071 162 4126 Deo
189 4070 310 4135 volente,
339 4069 483 4140 reliquum
504 4072 646 4133 tenemus,
683 4072 785 4121 vestras
839 4070 985 4126 rboeitme
1008 4068 1136 4122 Dominus
1164 4080 1237 4119 maes
1252 4067 1328 4120 lesus
1352 4066 1493 4120 Christus.
1519 4066 1686 4121 ltaChristo

70 4157 189 4215 unitioni
199 4157 325 4212 alienum
340 4171 401 4211 csse
417 4156 563 4223 nolumus,
580 4159 613 4210 ut
627 4154 783 4225 participe·
841 4156 1021 4230 sponsoipsa
1039 4169 1145 4224 sponsa
1172 4158 1346 4217 consecrata,
1375 4153 1443 4208 dum
1470 4153 1595 4208 tiliarum
1619 4169 1685 4208 sua-

81 4246 232 4319 parvitatis
254 4246 395 4299 relevetur
414 4243 584 4314 magnitudo
611 4242 779 4297 devotionis.
839 4262 903 4301 ram
919 4261 948 4300 se
964 4242 1143 4299 sanctissimo
1164 4240 1352 4296 contubernio
1364 4241 1558 4312 applicuisset,
1575 4258 1632 4297 non
1655 4248 1688 4296 ut

70 4347 192 4403 namque
207 4332 232 4386 si
249 4347 352 4402 parum
366 4330 510 4393 habuerit,
531 4345 633 4402 parum
653 4330 719 4384 tiliis
734 4329 782 4384 tri·
835 4337 928 4386 mater
941 4329 1055 4385 iiiiabns
1065 4344 1095 4382 se
1109 4327 1294 4398 praelerebal3
1318 4328 1426 4382 sedin
1453 4329 1587 4383 omnibus
1602 4329 1689 4383 servi.

77 4420 147 4476 acca
170 4421 231 4475 hcec
259 4418 366 4474 modici
394 4423 525 4490 sumptos
547 4419 718 4473 munuscula
747 4417 781 4472 ad
836 4421 883 4475 tiis
897 4419 1029 4475 servilem
1049 4431 1246 4488 sepersonam
1262 4415 1446 4483 ostendebat3
1460 4417 1500 4472 ita
1519 4421 1617 4472 tamen
1643 4424 1686 4485 ut,

70 4507 167 4564 ionem
190 4508 269 4562 vohis
294 4507 450 4561 mittuntur
474 4507 577 4571 carnis,
601 4511 635 4560 ut
657 4507 782 4560 animam
837 4526 902 4564 cum
920 4507 1019 4564 omnia
1043 4506 1159 4574 faceret,
1180 4505 1400 4559 ostentationem
1428 4505 1688 4577 lugeretsinguio-

70 4598 193 4654 al’atris
212 4597 298 4652 vestri
323 4596 460 4651 continua
482 4595 621 4650 orationis
646 4595 783 4650 alimonia
838 4614 915 4667 rum,
944 4595 1033 4650 nain
1057 4594 1194 4666 praesenti
1225 4594 1330 4648 saeeulo
1360 4593 1499 4664 reciperet
1525 4596 1687 4650 mercedem

70 4687 118 4753 hu
136 4686 274 4756 quoniam
293 4690 336 4740 tot
350 4685 496 4756 justorum
513 4699 613 4755 preces
627 4684 785 4739 umanimi-
839 4700 931 4738 suam.
949 4683 1127 4754 operabatur
1140 4680 1273 4736 manibus
1288 4681 1434 4751 suistnulli
1449 4682 1525 4737 anim
1541 4682 1571 4737 in
1586 4684 1688 4738 distin·

70 4774 207 4830 atinuatcc
220 4774 296 4844 apud
317 4774 406 4828 Deum
423 4773 546 4826 multum
562 4777 684 4842 possunt
697 4772 785 4843 profi·
839 4771 961 4844 guendis
976 4785 1046 4825 auro
1058 4769 1237 4841 gemmisque
1252 4769 1376 4824 restibus
1399 4769 1569 4840 plurimum,
1596 4776 1645 4824 aut
1658 4770 1689 4824 in

75 4861 165 4919 Jacob
178 4865 351 4916 attestante:
378 4861 498 4916 Multum
531 4861 604 4914 ortet
632 4860 787 4929 deprecatio
840 4860 919 4916 stolis
936 4862 986 4913 aut
999 4858 1030 4912 in
1056 4857 1180 4927 cingulis
1200 4855 1399 4913 estimabatur
1426 4857 1569 4927 interior),
1597 4857 1689 4912 sciens

70 4949 256 5021 miduuiloe.
285 4966 313 5017 v,
327 4949 381 5018 ld).
404 4946 455 5003 lile
473 4946 558 5001 etiam
585 4951 671 5017 atque
699 4945 786 5000 etiem
841 4948 981 5019 scriptum
1008 4961 1069 5000 esse
1099 4961 1106 4998 ε
1131 4943 1187 5010 Qui
1213 4959 1267 4999 aare
1300 4950 1439 5015 operatur,
1471 4960 1524 4998 aon
1546 4945 1689 5000 munducat

94 5039 243 5107 Dominus,
260 5037 311 5108 qui
331 5034 458 5107 justitias
481 5034 591 5099 dilexit,
620 5034 787 5106 equitatem
842 5033 887 5104 (ΙΙ
900 5032 995 5086 Thess.
1013 5045 1055 5094 ru,
1074 5028 1125 5094 10).
1154 5027 1330 5099 Sponsoaut
1356 5028 1690 5099 oransloquebaturaut

70 5125 191 5184 rationis
218 5123 354 5179 exaudire
382 5139 441 5177 non
467 5122 594 5193 respuit:
625 5122 672 5176 sed
707 5121 788 5176 vobis
842 5119 978 5193 psallens.
990 5116 1031 5171 Ad
1046 5115 1172 5170 ecclesiae
1192 5116 1293 5171 limina
1306 5133 1381 5186 pene
1397 5116 1489 5170 inrisa
1506 5116 1688 5186 properabat.

70 5213 123 5270 reis
137 5211 395 5268 intercessionibus
408 5209 566 5281 supradicti
585 5209 664 5263 chari
681 5225 789 5263 memo·
844 5206 919 5263 Nihil
940 5202 1088 5259 severitate
1112 5202 1191 5256 illius
1211 5203 1377 5274 jucundius,
1398 5202 1468 5256 nihil
1510 5202 1690 5274 jucunditate

70 5301 232 5359 scientibus
247 5300 348 5355 salutis
364 5298 619 5370 dahitpraemium.
638 5298 714 5369 quod
730 5297 790 5368 ipse
844 5293 979 5350 severine.
995 5291 1094 5347 Tristis
1118 5291 1147 5345 in
1163 5291 1233 5356 risu,
1262 5291 1292 5345 in
1321 5289 1438 5344 tristitia
1466 5291 1569 5345 strevis.
1603 5291 1690 5346 breve

70 5390 242 5449 idicens:
266 5391 321 5454 Qui
334 5389 545 5458 perseveraverit
569 5388 791 5456 memineram
845 5384 912 5438 vitae
930 5379 1054 5452 spatium
1066 5385 1172 5435 eterna
1196 5378 1336 5434 memoria
1363 5380 1578 5449 compensabat.
1609 5380 1690 5434 Idem

70 5512 131 5554 nno
146 5496 213 5566 ipso
226 5495 305 5572 tilii,
321 5509 379 5565 quo
390 5493 483 5547 inerat
494 5492 646 5547 defunctus
661 5490 809 5545 iicnricus.
