3878 6112
58 227 112 278 2l'l
557 221 638 279 Vtra
656 222 685 277 S.
705 220 934 288 cuunuuquS,
955 220 1014 277 t'ul
1034 219 1079 276 DE
1098 219 1128 276 S.
1149 219 1316 277 uuuutcu.
1760 225 1814 279 2¹⁸

58 343 212 416 Philippus
227 343 282 415 (81)
297 358 348 399 rex
362 347 480 415 propter
489 342 533 398 sni
548 341 809 411 confirmationem,
833 340 909 398 iute-
928 342 1008 400 hiel
1023 341 1109 398 verba
1123 342 1256 409 fundens,
1274 340 1371 397 cibum
1399 347 1452 397 aut
1464 347 1566 414 potum
1588 343 1633 398 rix
1658 343 1813 416 aliquando

57 432 118 487 rim
132 448 210 499 vero,
238 431 315 503 quod
333 431 425 502 magis
440 430 566 485 favorem
594 431 648 485 sibi
663 436 799 502 praestare
812 430 910 485 crede·
965 447 1091 498 sumens,
1115 436 1310 502 permaneret.
1338 430 1497 501 siquando
1511 431 1554 484 illi
1577 430 1704 485 dormire
1724 431 1812 486 conti·

58 521 120 586 bat,
146 525 265 592 propter
294 519 512 575 translationem
542 520 631 574 beatae
655 519 774 591 virginis
795 518 912 574 comitia
965 520 1061 591 gisset,
1078 519 1392 590 solocullapsusmodo
1414 523 1501 590 caput
1520 524 1636 586 terram,
1664 519 1814 574 modocoe·

57 609 217 664 indixerat:
235 614 331 663 mutus
353 608 470 679 quidam
498 608 625 662 servulus
641 607 671 662 in
693 607 832 663 comitatu
846 624 911 680 pro·
964 609 1026 663 lum
1041 610 1154 680 pulsare
1178 610 1302 678 videres3
1320 616 1348 664 et
1373 611 1449 682 quod
1464 610 1625 665 miserabile
1640 610 1727 677 dictu,
1744 611 1824 679 dum¹

58 697 202 752 babiliurn
229 696 356 751 virorum
383 696 419 751 de
447 697 543 767 Pogen
572 701 754 762 convenerat,
787 711 911 767 quorum
965 698 1000 752 ab
1029 697 1177 767 omnibus,
1205 700 1450 770 proptereaquod
1474 698 1620 753 horribilis
1644 699 1705 753 risu
1728 697 1812 766 foret,

58 802 139 852 vasa,
156 784 225 856 quia
235 790 263 839 et
278 784 333 856 ipsi
344 784 515 855 poenitentes
530 788 622 852 erant,
642 785 784 855 portabat.
802 784 912 854 Regina
966 786 1125 855 fugeretur,
1154 802 1170 840 a
1200 785 1319 858 singulis
1353 786 1445 841 videri
1475 787 1638 858 optabatur.
1667 788 1721 842 lste
1749 790 1815 841 aute

58 875 97 928 ad
113 874 263 928 ecclesiam
276 888 455 944 processura,
477 888 543 926 cum
558 871 592 926 de
614 887 694 926 more
713 871 881 926 solemniter
896 888 913 926 a
965 872 1042 927 fama
1056 889 1143 945 qnam
1156 879 1274 944 aspectu
1288 878 1381 935 notus,
1412 876 1481 930 duru
1496 875 1533 929 ad
1550 891 1602 929 nos
1627 873 1814 945 pervenisset,

58 965 139 1018 clero
153 962 318 1033 suscipitur,
333 962 468 1017 confusus
483 961 600 1015 interim
618 961 792 1031 populorum
806 961 913 1014 clamor
965 961 1068 1030 stipem
1083 961 1159 1016 inter
1173 961 1275 1017 domos
1300 963 1454 1035 accipiens,
1486 963 1655 1033 aliquandiu
1669 968 1812 1017 siastenla·

58 1051 202 1117 exoritur,
227 1066 286 1105 uon
300 1050 405 1104 frustra
425 1049 565 1104 morituro
577 1048 703 1120 denique
727 1047 849 1116 homiui,
862 1048 912 1102 sed
966 1052 1013 1102 tus
1034 1053 1084 1103 est.
1109 1050 1190 1104 Hunc
1211 1050 1454 1121 archisynagogus
1478 1050 1593 1105 videns:
1627 1073 1637 1100 ι
1664 1051 1693 1105 Si
1722 1055 1814 1105 restra

57 1138 236 1193 laudescnm
253 1138 364 1194 Christo
390 1154 443 1194 suu
455 1137 516 1208 jam
539 1136 643 1191 viventi
659 1135 910 1192 conclamantium.
967 1135 1151 1207 Cuneguudis
1172 1136 1207 1191 ad
1222 1137 1396 1193 Christianos
1417 1139 1469 1206 ait,
1491 1137 1578 1192 istum
1593 1137 1746 1201 curaverit,
1768 1153 1814 1191 rue

57 1229 165 1282 Testor
193 1226 336 1281 Christum
357 1228 386 1280 et
412 1225 474 1296 ejus
501 1226 656 1295 apostolos,
677 1225 730 1279 isle
758 1224 808 1296 qui
831 1225 912 1296 prius
967 1223 1078 1279 Christo
1105 1240 1137 1279 ac
1171 1225 1238 1280 tldei
1267 1231 1367 1281 vestrm
1397 1226 1540 1296 applicare
1569 1225 1683 1296 poterit.
1707 1246 1718 1273 ι
1749 1223 1813 1290 Sed,

59 1314 185 1381 nullam,
210 1318 309 1384 utpote
337 1319 444 1378 mutus,
474 1313 602 1384 linguam
633 1320 762 1380 noverat,
790 1313 913 1385 singulis
967 1312 1045 1382 quod
1069 1312 1138 1368 dicit
1165 1312 1320 1383 Apostolus
1345 1314 1369 1384 (l
1391 1314 1451 1370 Gor.
1478 1331 1495 1377 r,
1522 1313 1584 1383 ab:
1613 1313 1702 1369 ludaei
1733 1314 1816 1383 ripun

57 1403 98 1456 ad
130 1403 307 1474 interrogata
341 1401 460 1474 propria
497 1402 600 1474 lingua
636 1402 759 1457 disertus
798 1418 913 1473 respon·
967 1406 1102 1469 quarunt,
1129 1400 1160 1454 in
1184 1402 1238 1455 boc
1263 1400 1362 1455 lvrdaso
1375 1406 1521 1456 ostensum
1537 1407 1589 1455 cst.
1614 1403 1685 1455 Nam
1703 1399 1818 1471 patiens

58 1490 160 1545 debat.
966 1489 1050 1543 tertia
1078 1487 1231 1543 dominicae
1268 1488 1485 1549 resurrectionis
1513 1489 1594 1556 feria,
1629 1489 1698 1543 dirrn
1730 1501 1817 1557 super

95 1581 143 1632 20.
163 1579 252 1648 lupus
266 1579 350 1633 mitia
376 1606 411 1619 -
434 1576 506 1642 Quid
532 1577 655 1632 referam
683 1579 717 1634 de
742 1579 826 1634 bruto
850 1579 912 1633 ani·
967 1576 1262 1646 sepulcrosalutiferae
1276 1575 1395 1647 virginis
1410 1575 1518 1630 salubri
1532 1580 1711 1646 premeretur
1734 1589 1817 1644 sopo-

58 1666 143 1730 mali,
171 1666 252 1737 cujus
277 1666 374 1720 innata
400 1665 454 1720 sibi
477 1666 640 1738 rapacitatis
666 1666 819 1738 ingluvies,
843 1667 912 1722 dum
967 1680 1008 1726 re,
1037 1680 1125 1718 manu
1150 1663 1287 1719 invisibili
1316 1663 1441 1735 quadam
1467 1668 1570 1730 tactus,
1594 1663 1662 1717 inde
1688 1666 1816 1728 sanatus,

58 1754 193 1826 praedam
213 1754 319 1825 rapuit,
344 1754 427 1825 qnasi
442 1770 547 1809 numen
570 1756 753 1827 Cunegundis
768 1762 869 1811 contra
884 1772 913 1810 se
968 1770 1033 1808 curn
1059 1769 1172 1821 summa
1187 1753 1318 1807 omnium
1338 1752 1529 1807 admiratione
1553 1767 1586 1806 ac
1604 1751 1687 1807 laude
1703 1751 1817 1806 absces-

58 1842 227 1896 invucatum
256 1842 400 1910 sensisset,
428 1859 445 1897 a
473 1859 524 1897 suo
556 1843 652 1899 furore
686 1844 813 1916 quievit?
842 1845 914 1899 Nam
968 1839 1363 1897 sitludaeusveroiufelixa
1382 1840 1817 1911 perfidiasuaaeternospassu·

59 1930 151 2001 lupus
174 1929 332 1985 dumcirca
360 1930 454 1984 caulas
475 1931 572 1986 orium
602 1931 781 2002 vespertinus
804 1937 914 1986 naturae
969 1947 1017 1985 rus
1027 1931 1108 2002 ignes
1124 1946 1183 1984 non
1195 1929 1322 1984 recessit.

60 2035 121 2073 sure
137 2018 257 2090 ingenio
283 2022 423 2086 versatur,
449 2020 600 2090 parvulum
616 2024 683 2074 ante
711 2021 788 2075 fores
803 2020 915 2074 incaute

61 2108 197 2162 relictum
214 2107 309 2162 lustris
322 2107 380 2161 suis
403 2107 511 2161 intulit.
530 2107 660 2163 Aliorum
675 2113 783 2177 autem,
799 2109 849 2181 qui
861 2114 914 2163 ter·

62 2193 239 2249 ritifuerant
261 2209 314 2263 per
328 2193 439 2265 lupum,
456 2199 548 2249 mater
564 2195 646 2265 pueri
670 2197 793 2250 clamore
807 2196 914 2250 excita·

62 2288 101 2350 ta,
131 2298 234 2336 omnes
261 2283 337 2337 cives
360 2298 427 2336 suos
450 2283 585 2337 manibus
610 2284 762 2355 complosis
798 2289 915 2354 pectora

63 2372 202 2438 tundens,
235 2372 335 2425 multis
362 2371 514 2443 ejulatibus
540 2372 570 2425 in
590 2371 720 2427 dolorem
751 2372 913 2427 commovit.

64 2459 205 2515 Omnibus
219 2459 338 2514 bestiam
353 2460 478 2531 insequi,
498 2461 637 2532 quianon
662 2460 796 2527 instabat,
822 2461 916 2515 incas·

1003 2065 1049 2116 22.
1064 2064 1089 2117 A
1104 2077 1180 2131 papo
1193 2062 1391 2131 approbantur.
1408 2091 1442 2101 -
1462 2061 1533 2116 lllud
1547 2066 1644 2116 autern
1658 2061 1688 2116 in
1703 2060 1817 2127 ultimo,

970 2149 1046 2220 quod
1058 2155 1154 2203 lamen
1173 2149 1319 2220 signoruni
1344 2149 1422 2203 illius
1437 2166 1495 2203 nun
1511 2150 1645 2203 ultimum
1660 2150 1724 2215 fuit,
1750 2149 1818 2204 sub·

969 2243 1092 2292 nectam.
1108 2238 1249 2303 Quoniam
1265 2242 1342 2292 terra
1351 2238 1425 2292 circa
1440 2238 1604 2308 sepulcrum
1619 2238 1681 2309 ejus
1694 2254 1711 2291 a
1725 2237 1818 2292 fideli·

969 2328 1024 2382 bus
1048 2328 1176 2394 collecta,
1212 2327 1241 2381 in
1277 2326 1400 2397 speciem
1429 2325 1597 2380 lucidissimi
1636 2325 1739 2392 thuris,
1769 2328 1819 2379 aul

969 2415 1057 2470 etiam
1072 2414 1253 2469 mundissimi
1267 2416 1350 2486 grani
1364 2415 1419 2469 fuit
1441 2415 1608 2485 frequenter
1620 2413 1746 2467 redacta.
1766 2412 1819 2467 Su·

970 2521 1022 2575 per
1035 2505 1089 2559 boc
1104 2505 1287 2559 lunoceutius
1305 2521 1380 2575 papa
1392 2505 1422 2558 in
1434 2519 1566 2558 sermone
1580 2503 1614 2558 ad
1632 2503 1772 2574 populum
1787 2501 1819 2556 in

971 2593 1153 2648 Lateranensi
1186 2592 1291 2664 palatio
1323 2592 1431 2656 habito,
1466 2591 1532 2646 vitae
1556 2592 1633 2645 illius
1660 2590 1764 2645 merita
1791 2592 1821 2643 et

969 2682 1175 2736 miraculorum
1200 2680 1333 2752 iusignia
1365 2678 1620 2734 commemorando
1645 2677 1815 2733 subintulit:

971 2789 985 2822 a
1010 2771 1105 2838 Recte,
1135 2770 1236 2823 fratres
1259 2768 1429 2836 charissimi,
1459 2767 1552 2839 pulvis
1573 2767 1630 2833 ille,
1658 2782 1715 2838 quo
1738 2765 1822 2837 gleba

971 2858 1057 2930 hujus
1069 2857 1255 2913 sanctissimae
1277 2856 1397 2928 virginis
1411 2857 1507 2912 debito
1520 2855 1709 2911 humanitatis
1724 2853 1818 2926 sepul·

971 2950 1001 3001 ta
1012 2946 1128 3017 tegitur,
1144 2945 1174 2999 in
1195 2946 1262 2999 thus
1275 2950 1360 3017 atque
1379 2959 1503 3012 granum
1524 2943 1674 3014 redigitur,
1699 2958 1764 3014 quae
1788 2956 1819 2997 se

970 3034 1022 3090 sub
1051 3050 1120 3089 sexu
1140 3033 1246 3105 fragili,
1271 3034 1341 3088 dnm
1364 3033 1481 3101 viveret,
1502 3048 1520 3086 a
1546 3032 1631 3087 licitis
1653 3030 1816 3098 continens,

970 3124 1006 3179 ab
1019 3122 1124 3178 illicitis
1146 3121 1301 3190 abstinens,
1322 3121 1464 3176 illibatum
1481 3120 1602 3176 Domino
1619 3121 1818 3174 holocaustum

63 2563 127 2602 sum
154 2546 363 2617 judicantibus,
387 2554 479 2602 mater
501 2547 537 2602 ad
561 2546 711 2602 ecclesiam
734 2547 914 2618 confugiens,

63 2635 155 2707 siguis
169 2636 247 2690 velut
265 2640 380 2691 mortuo
399 2635 482 2690 tertio
508 2636 705 2708 compulsatis,
734 2652 786 2708 pro
801 2652 915 2690 conser-

64 2725 177 2778 vatione
191 2723 244 2779 filii
257 2740 341 2780 aures
351 2723 471 2795 virginis
492 2723 550 2779 illic
563 2740 670 2796 pernox
689 2724 836 2796 appellare
857 2740 915 2779 non

63 2812 224 2868 desinebat.
238 2813 319 2868 blane
334 2812 419 2881 facto,
433 2812 570 2868 nutritius
595 2813 644 2867 ille
661 2812 733 2867 silva
748 2829 914 2884 erumpens,

63 2901 218 2972 parvulum
244 2916 332 2973 quem
358 2905 502 2972 rapuerat,
532 2900 656 2956 illaesum
676 2906 812 2972 reportat,
843 2901 953 2957 etiuC

63 2989 141 3043 sulcu
167 2988 218 3043 nbi
249 2989 336 3044 bores
355 2988 448 3060 pridie
471 2994 631 3056 araverunt,
658 2989 688 3044 iu
706 2990 841 3060 pellicula
864 3007 915 3045 sua

64 3074 222 3148 diligenter
243 3075 406 3132 insolutum
419 3078 553 3145 collocat;
579 3077 640 3149 ipse
668 3083 787 3149 propter
815 3079 915 3134 sedens

63 3162 209 3218 custodias
235 3164 375 3219 observat.
401 3163 454 3220 Ubi
485 3181 551 3220 vero
580 3166 718 3221 ruricolas
742 3171 771 3222 et
785 3183 917 3223 vomeres

61 3251 122 3322 jam
159 3252 392 3324 appropinquare
424 3253 479 3308 sibi
510 3253 597 3321 ridet,
627 3255 709 3326 quasi
739 3255 775 3310 de
805 3257 917 3327 parvuli

64 3340 165 3412 quiete
191 3357 320 3408 securus,
345 3348 512 3397 mansuetus
540 3343 668 3398 discedit.
692 3342 783 3407 Quem
805 3345 857 3411 illi,
885 3349 918 3400 ut

65 3446 129 3486 mos
156 3435 214 3496 est,
243 3430 368 3485 clamore
389 3437 606 3502 persequentes,
632 3447 729 3487 servus
752 3431 803 3503 qui
830 3432 918 3488 boves

64 3518 241 3586 'ammi'
261 3518 350 3590 &¹¹⁰³
373 3518 528 3590 aspiciens:
547 3537 561 3570 ⁸
579 3520 658 3587 EQ
685 3519 735 3588 ω’
751 3524 919 3592 “gumem
972 3563 1037 3618 duit
1049 3563 1169 3618 imitari.
1194 3563 1346 3617 deflectam
1369 3561 1468 3633 itaque
1492 3561 1605 3616 anobis
1619 3559 1820 3630 conscriptam,

64 3623 150 3679 pum
162 3621 250 3679 quem
271 3607 357 3678 ’Πρω
385 3611 490 3678 “plui
517 3627 532 3659 ¹⁹
559 3610 746 3663 mumma
770 3608 917 3663 dmum
972 3667 1037 3705 cum
1053 3650 1148 3705 officio
1171 3651 1365 3705 totiusmissua
1380 3649 1447 3704 hnic
1468 3656 1566 3703 nostro
1581 3647 1707 3703 sermoni
1731 3662 1821 3718 appo·

65 3696 124 3747 tm
139 3692 292 3764 mulum
304 3693 457 3761 intacmm'
469 3693 742 3764 vuwplffldidum
758 3694 917 3764 ”perium’
973 3740 1093 3807 suimus,
1114 3743 1144 3794 et
1167 3739 1323 3810 apostolica
1346 3738 1515 3793 auctoritate
1539 3737 1675 3791 omnibus
1696 3733 1822 3790 ecclesiis

973 3828 1004 3882 in
1019 3828 1129 3881 honore
1143 3831 1230 3881 tantm
1244 3826 1365 3898 virginis
1379 3825 1525 3881 decantari
1540 3824 1707 3879 direximus.
1724 3845 1735 3871 ο

971 3212 1087 3279 obtulit;
1114 3215 1143 3266 et
1171 3211 1250 3266 dives
1282 3210 1406 3278 Christo,
1434 3225 1544 3281 pauper
1581 3208 1645 3275 sibi,
1680 3223 1822 3280 pauperes

971 3300 1076 3355 Christi
1090 3301 1143 3356 sub
1167 3299 1271 3355 diversi
1286 3299 1396 3354 ordinis
1427 3304 1513 3370 atque
1537 3314 1620 3352 sexus
1644 3296 1821 3370 professione

971 3387 1098 3461 quotidie
1113 3389 1213 3459 pascit.
1239 3386 1337 3442 llerito
1358 3402 1427 3458 ergo
1451 3387 1482 3441 in
1505 3387 1636 3457 catalogo
1658 3389 1820 3439 sanctorum

972 3476 1027 3531 erit
1050 3476 1228 3542 ascribenda,
1247 3490 1311 3546 quae
1334 3476 1422 3529 vitam
1447 3478 1611 3529 sanctorum
1633 3489 1747 3545 semper
1761 3476 1821 3527 stu-

65 3785 93 3836 st
108 3795 170 3836 uun
189 3780 252 3835 sine
276 3780 368 3836 multa
396 3780 586 3836 admiratione
611 3781 674 3836 huc
694 3781 917 3849 considerantes,

65 3869 176 3923 civibus
201 3874 230 3923 et
263 3868 349 3923 matri
373 3868 516 3925 nuntiant.
541 3869 595 3924 llla
618 3869 768 3937 advolans,
796 3876 824 3925 et
855 3887 917 3942 pras

66 3955 172 4028 pudic
190 3954 220 4011 iu
249 3955 383 4011 lacrimas
406 3971 609 4028 prorumpens,
640 3956 690 4011 ubi
718 3963 747 4011 et
773 3960 919 4028 quomodo
1007 3959 1053 4013 23.
1067 3958 1195 4012 Auctoris
1213 3956 1344 4026 epilogus.
1369 3954 1483 4009 -llaec
1495 3952 1668 4024 paucissima
1683 3952 1717 4007 de
1732 3951 1822 4006 virtu·

66 4045 179 4112 fuisset,
192 4044 321 4116 inquirit.
338 4045 388 4099 Ille
399 4045 485 4115 juxta
498 4049 614 4100 aetatem
638 4045 821 4116 simpliciter:
840 4049 919 4103 «Ca-
973 4045 1050 4100 tibus
1077 4049 1107 4100 et
1138 4045 1227 4117 signi·
1254 4042 1438 4115 cunegundis
1467 4041 1651 4097 sanctissima
1691 4040 1822 4111 virginis,

67 4133 122 4200 nis,
145 4133 197 4202 ait,
220 4132 269 4188 ille
288 4133 340 4204 qui
367 4148 414 4187 rue
429 4133 596 4203 asportavit,
623 4133 728 4189 blande
751 4149 797 4189 me
812 4136 919 4206 perlin-
934 4178 956 4232 D
973 4133 1204 4206 prudentissima
1225 4131 1356 4187 charitati
1383 4137 1484 4187 vestrm
1508 4131 1584 4185 inter
1600 4127 1824 4184 innumerabilia

66 4237 138 4293 gens
156 4222 189 4276 iu
216 4220 283 4276 sinu
306 4236 359 4276 sno
376 4222 570 4293 compositum
597 4226 658 4276 tota
686 4225 769 4277 nocte
791 4222 918 4280 dormire
975 4224 1080 4279 dixisse
1094 4222 1312 4293 sufficiamque
1335 4221 1359 4274 si
1384 4219 1448 4291 quis
1472 4220 1584 4274 evolute
1607 4217 1823 4289 perstringeret,

66 4309 145 4365 iecit.
163 4330 178 4359 s
971 4312 1053 4385 prius
1076 4311 1136 4382 ipsa
1161 4310 1269 4381 pagina
1283 4324 1371 4381 quam
1402 4309 1523 4363 materia
1544 4307 1686 4362 deficeret.
1715 4305 1737 4360 0
1760 4305 1825 4360 bea·

100 4401 149 4453 2¹.
164 4397 305 4453 Miroculu
320 4399 430 4453 omisso.
451 4427 485 4439 -
506 4398 563 4453 lsta
586 4413 651 4470 quae
674 4397 759 4453 modo
776 4398 918 4454 succincte
973 4404 1044 4465 taur,
1060 4397 1311 4469 opraedicandarn,
1328 4411 1393 4468 quae
1412 4412 1533 4466 regnum
1551 4394 1650 4449 mundi
1667 4397 1824 4448 etoruuem

67 4484 209 4540 miracula
235 4484 369 4552 diximus,
385 4490 414 4540 et
432 4483 489 4540 alia
503 4485 587 4556 plura
601 4501 667 4557 quse
680 4485 749 4540 vitio
770 4486 918 4555 prolirita·
973 4490 1107 4541 ornatum
1126 4486 1222 4540 saeculi
1238 4501 1291 4555 pro
1317 4485 1438 4539 coelestis
1462 4487 1565 4538 ornatu
1580 4481 1724 4553 desperit!
1746 4479 1828 4537 Chri·

67 4574 104 4628 tis
118 4571 288 4637 transimus,
304 4589 341 4627 ne
355 4589 434 4628 more
444 4572 589 4628 hirudinis
599 4574 745 4640 lectorem,
762 4590 848 4645 quern
864 4575 920 4629 huc
974 4580 1049 4628 stum
1064 4573 1118 4628 sibi
1131 4590 1267 4645 sponsum
1283 4573 1364 4644 regio
1384 4588 1490 4643 sponso
1513 4571 1645 4642 legaliter
1660 4587 1717 4625 non
1729 4586 1827 4624 carna·

67 4675 160 4732 uque
187 4660 347 4715 studiosum
372 4661 530 4725 tenuimus,
563 4661 707 4717 effluendo
740 4661 920 4727 fastidiosum
974 4663 1040 4717 liter
1066 4663 1198 4735 copulata
1214 4659 1335 4732 delegitl
1361 4676 1425 4732 qum
1440 4660 1636 4732 virginitatem
1652 4675 1732 4714 susm
1752 4658 1828 4712 inter

67 4748 243 4815 recidamus,
263 4748 377 4820 signum
392 4748 551 4803 inservulo
584 4748 666 4820 qnasi
681 4765 823 4804 annorum
839 4751 920 4805 sede·
976 4751 1085 4822 regales
1099 4751 1242 4805 thalamos
1267 4748 1425 4820 probando,
1441 4748 1614 4804 utinfamiee
1637 4747 1746 4802 malum
1773 4743 1827 4798 sibi

67 4837 123 4890 cim
135 4835 235 4890 dirim
248 4835 415 4908 operatione
430 4837 536 4891 factum
561 4852 747 4909 exponamus.
772 4837 826 4902 Oui
840 4843 922 4891 caete·
974 4838 1011 4893 ab
1035 4839 1140 4894 invidis
1155 4839 1299 4909 objectum
1314 4841 1496 4908 expurgaret,
1514 4836 1595 4908 ignes
1614 4831 1745 4889 calcavit!
1762 4847 1827 4902 quus

68 4925 107 4980 ris
124 4923 263 4979 membris
280 4925 439 4979 secundum
458 4924 589 4979 ordinem
605 4929 716 4980 naturae
731 4925 804 4980 bens
821 4926 921 4997 dispo·
975 4926 1045 4981 dum
1059 4926 1170 4998 prolem
1186 4926 1357 4981 morituram
1385 4940 1443 4980 non
1459 4922 1642 4996 exspectavit,
1667 4920 1729 4991 ejus
1749 4922 1828 4972 casta

68 5013 141 5079 sitis,
166 5012 200 5066 in
222 5010 385 5084 principali,
411 5012 490 5084 quod
505 5017 659 5084 estcapnt,
685 5018 766 5068 tanta
789 5013 921 5085 passione
975 5015 1122 5086 generatio
1142 5029 1293 5085 nunquam
1308 5029 1427 5084 passura
1455 5009 1641 5066 successionis
1667 5005 1823 5061 detrimen-

67 5101 245 5171 agitabatur,
261 5103 293 5153 ut
320 5099 382 5155 sine
401 5099 615 5164 intermissione
643 5101 758 5173 parieti,
775 5101 799 5155 si
821 5101 922 5172 proxi·
975 5108 1039 5158 tum
1052 5104 1150 5171 durat;
1165 5101 1280 5173 quando
1310 5101 1433 5157 Ecclesia
1456 5099 1486 5154 in
1512 5097 1579 5153 filiis
1600 5095 1657 5149 suis
1684 5109 1737 5166 per
1750 5094 1825 5149 elee-

68 5204 132 5244 mus
146 5192 236 5255 esset,
259 5187 441 5243 allideretur:
462 5192 562 5260 pectus
577 5194 673 5244 mento
698 5191 842 5258 tunderet,
865 5206 924 5244 sca·
976 5206 1109 5262 musyuas
1132 5190 1223 5261 ipsius
1251 5189 1354 5245 divinas
1375 5187 1465 5242 laudis
1489 5199 1603 5254 semper
1626 5182 1729 5252 accipit
1741 5182 1829 5237 incre·

67 5278 149 5347 pulas
163 5276 696 5350 temporererberaret,nuuqusmin
719 5279 921 5344 eodemstalu,
977 5284 1122 5333 mentum:
1149 5294 1315 5350 quamcum
1339 5277 1450 5333 Christo
1468 5290 1530 5341 suo,
1562 5269 1827 5343 quemamavit,in

104 5386 160 5453 (st)
185 5381 370 5437 lsFriderico
401 5382 563 5439 AEuobardo
582 5388 667 5439 natus
696 5383 817 5439 llenrlco
841 5384 923 5439 fratri
978 5383 1064 5438 nullis
1088 5383 1137 5454 qui
1163 5384 1295 5439 Ottonem
1318 5383 1477 5451 elegerunt.
1504 5378 1637 5450 Philippo
1654 5394 1729 5433 anno
1760 5378 1828 5432 ¹209

67 5471 118 5510 suo
134 5453 285 5519 successit,
314 5454 421 5508 electus
435 5468 512 5508 anno
530 5456 607 5519 1198,
624 5454 835 5526 refragantibus
848 5471 922 5509 non·
977 5455 1084 5522 occiso,
1095 5469 1216 5525 regnum
1229 5469 1317 5526 penes
1332 5452 1466 5508 Ottonem
1477 5451 1628 5505 remansit.
