3878 6112
87 189 139 241 aaa
447 166 454 176 '
627 188 830 244 eunonium
853 189 1119 246 urouuaurnnsrs
1139 189 1305 246 nrrsoorr.
1767 195 1802 246 m
1859 273 1862 279 Α

88 312 120 364 Et
144 308 212 365 ilem
229 327 235 364 :
250 310 390 366 Clericnm
411 311 562 382 fugitivum
587 326 639 367 suo
662 312 794 384 episeopo
816 312 859 366 vel
885 312 970 366 dod
991 313 1032 367 vel
1047 311 1299 379 excommunicari,
1315 326 1373 366 una
1387 310 1522 365 cumillis
1541 308 1593 382 qui
1607 311 1635 364 ei
1646 313 1803 366 communica-
1836 286 1859 333 '⁹

86 399 166 452 mino
188 415 239 453 suo
267 398 447 454 deceruimus
463 399 620 470 apostolica
644 400 787 455 sententia
809 400 933 469 restituI,
989 401 1091 456 verint.

763 539 851 580 ulnis
873 540 963 580 LIBRI
987 540 1157 580 unnncrnr.

465 804 613 878 INDEX
641 804 985 879 CAPITULORUM
1012 804 1139 878 LIBRI
1171 799 1454 876 DUODECIMI.

87 987 151 1040 Cur.
180 988 203 1039 l.
220 985 254 1038 lll
265 972 439 1054 multiplicia
461 1000 568 1054 genera
580 984 812 1054 juramentorum
833 986 933 1039 exstir-
1024 984 1068 1037 vel
1084 982 1140 1037 alio
1156 981 1242 1036 modo
1265 979 1445 1051 blasphemia
1469 982 1571 1033 eontra
1585 977 1677 1031 Deum
1692 975 1812 1030 immorta-
1856 1005 1862 1013 ·

122 1078 235 1144 pentur.
1025 1073 1082 1126 lem
1097 1076 1227 1125 utuntur.

86 1164 112 1214 2.
135 1161 173 1213 lle
186 1159 243 1212 illis
259 1158 432 1229 quiuomen
450 1159 500 1213 Ilei
517 1159 546 1212 in
563 1175 666 1213 vanum
683 1166 809 1216 sumunt.
992 1163 1033 1215 15.
1056 1161 1095 1215 ue
1108 1161 1272 1230 juramento
1287 1156 1414 1212 Herodis.

87 1251 112 1303 3.
135 1249 174 1302 De
201 1246 259 1300 illis
287 1247 338 1318 qui
366 1263 419 1318 per
456 1247 644 1319 cupiditatem
673 1249 834 1322 perjurium
860 1249 934 1303 lece·
992 1251 1032 1304 m.
1057 1249 1096 1302 Ite
1113 1247 1169 1302 illis
1192 1245 1243 1318 qui
1263 1245 1365 1300 odium
1386 1243 1597 1315 sempiternum
1619 1243 1699 1296 inter
1721 1242 1817 1312 sejnra·

122 1337 190 1390 rint.
1024 1342 1122 1390 mento
1139 1333 1327 1389 firmaverint.

84 1426 112 1480 4.
133 1423 245 1479 Deillis
268 1424 318 1496 qui
344 1424 513 1495 jubentibus
536 1425 660 1480 dominis
688 1426 747 1481 suis
771 1425 931 1498 perjurIum
991 1428 1032 1478 ll.
1055 1425 1094 1478 lle
1109 1423 1167 1478 illis
1182 1422 1232 1495 qui
1247 1422 1360 1476 incaute
1373 1419 1544 1493 juraverint.

122 1512 252 1567 feceriut.
991 1515 1033 1567 lu.
1056 1511 1182 1576 Qualiter
1196 1503 1356 1565 sacerdotes
1366 1511 1464 1581 jurare
1476 1508 1611 1569 debeant.

87 1599 112 1652 s.
136 1599 175 1651 lte
190 1597 247 1651 illis
272 1596 323 1668 qui
338 1597 468 1667 peJerant
491 1613 521 1652 se
536 1596 566 1652 iu
581 1614 669 1652 manu
690 1597 826 1669 episcopi,
842 1603 892 1653 eut
905 1597 935 1653 in
992 1603 1033 1655 19.
1055 1601 1116 1664 Ouo
1130 1605 1263 1670 tempore
1274 1600 1373 1670 jurare
1388 1598 1483 1653 liceat.

123 1701 205 1739 cruce
221 1689 394 1752 consecrata,
409 1689 533 1740 autnon
549 1690 721 1740 consecrata.
950 1722 970 1776 B
989 1691 1033 1744 20.
1056 1690 1094 1744 lle
1110 1689 1166 1743 illis
1180 1688 1231 1760 qui
1245 1692 1455 1743 sacramentum
1470 1684 1546 1758 regis
1561 1682 1682 1739 violant.

87 1775 112 1828 6.
135 1774 174 1827 Da
199 1771 328 1843 illisqui
350 1774 476 1843 pruritu
497 1773 663 1830 redimenda
681 1774 841 1846 perjurium
863 1774 937 1829 lece·
992 1778 1035 1829 21.
1058 1777 1097 1829 lle
1114 1775 1213 1831 eadem
1227 1791 1268 1830 re.

123 1860 191 1914 rint.
993 1866 1037 1919 22.
1059 1865 1098 1919 Ile
1113 1864 1164 1919 illo
1185 1864 1236 1935 qui
1257 1863 1380 1919 audierit
1394 1878 1491 1917 vocem
1506 1858 1679 1933 pejerantis,
1694 1862 1722 1914 at
1743 1875 1828 1913 essen·
1860 1874 1862 1879 ·

88 1953 115 2003 7.
136 1944 179 2002 Ile
208 1947 264 2001 illis
297 1945 347 2018 qui
377 1945 481 2017 injusta
516 1954 582 2004 rota
611 1949 777 2021 juramento
811 1951 938 2007 firmate·
1028 1950 1222 2022 sumpraebet.
1857 1938 1862 1947 ⁵

124 2040 202 2090 rltnl·
991 2042 1036 2094 23.
1060 2041 1097 2094 lle
1112 2040 1167 2094 hoe
1189 2040 1266 2111 quod
1279 2039 1432 2111 Apostolus
1446 2036 1588 2110 Spiritum
1609 2039 1742 2092 sanctum
1761 2035 1826 2090 testi·

89 2126 116 2179 8.
137 2126 176 2179 Ile
192 2125 289 2179 eadem
307 2140 349 2179 re.
1027 2128 1127 2183 ficalus
1141 2132 1192 2182 est.

89 2214 115 2267 9.
136 2212 218 2276 Quod
246 2213 319 2266 [teus
347 2211 387 2266 sic
397 2212 563 2282 juramenta
582 2216 753 2285 perceperit,
771 2220 802 2271 ut
828 2215 875 2271 illa
891 2216 938 2271 eui
991 2217 1036 2272 24.
1058 2217 1097 2271 De
1110 2217 1210 2271 eadem
1227 2232 1267 2270 re.

120 2300 217 2371 jurata
231 2300 347 2355 luerint.
992 2308 1037 2361 25.
1059 2305 1139 2370 Quod
1154 2305 1284 2360 definitio
1298 2304 1405 2376 injusta
1419 2303 1555 2358 solvenda
1572 2302 1618 2358 sit.

92 2390 134 2443 ru.
156 2390 195 2442 lte
210 2388 266 2443 illis
281 2389 331 2458 qui
342 2405 372 2443 se
384 2390 507 2444 scienter
520 2391 724 2463 pejeraverint.
992 2397 1036 2449 au.
1059 2396 1098 2449 lle
1113 2396 1214 2449 eadem
1230 2410 1270 2448 re.

92 2478 133 2530 tl.
155 2476 236 2540 Quod
252 2477 448 2549 unusquisque
463 2479 579 2550 jejunus
590 2480 688 2550 jurare
702 2479 811 2536 debeat.
993 2486 1038 2536 tl.
1060 2484 1099 2536 [te
1115 2483 1215 2536 eadem
1229 2498 1270 2535 ra.

92 2561 133 2613 li.
156 2561 195 2614 Do
210 2562 311 2615 eadem
328 2578 368 2616 re.
992 2570 1036 2622 28.
1059 2569 1094 2622 Ut
1108 2568 1242 2622 omnibus
1258 2567 1352 2622 modis
1368 2567 1526 2622 cavendum
1542 2565 1580 2622 sit
1595 2566 1784 2621 mendacium.

92 2651 134 2703 13.
155 2648 274 2713 Qualem
289 2650 488 2720 poeniteutiam
499 2651 610 2722 perjuri
625 2654 753 2722 accipere
768 2651 899 2708 debeant.
992 2659 1037 2711 29.
1056 2657 1127 2711 ltem
1143 2657 1178 2711 de
1192 2657 1366 2728 juramento.

92 2737 134 2791 ll.
155 2738 195 2792 De
217 2737 274 2792 illis
288 2738 338 2809 qui
354 2755 406 2808 per
420 2740 556 2809 capillum
581 2740 641 2803 Ilei,
667 2745 717 2794 aut
731 2745 817 2811 eaput
828 2742 937 2812 jurant,
1224 2745 1326 2799 Indicis
1340 2742 1522 2815 capitulorum
1535 2746 1610 2813 finis.

761 3025 1183 3132 BURCHARDI

588 3228 791 3284 ECCLESIAE
815 3228 1135 3285 wunnnclnnsls
1159 3229 1346 3286 EPISCOPI

94 3411 769 3563 nnunnnonuu
838 3413 1132 3558 uranu
1204 3409 1826 3559 nuonnmuus

826 3692 876 3757 nn
900 3692 1105 3760 nantuato.

336 4021 576 4079 ARGUMENTUR
596 4021 701 4078 LIBRI.
959 4020 979 4074 C
999 4020 1063 4074 Cur.
1086 4019 1121 4075 ll.
1144 4050 1179 4060 -
1193 4022 1230 4076 De
1243 4021 1301 4076 illis
1323 4023 1371 4090 qui
1383 4035 1480 4076 uomere
1495 4022 1548 4076 Dei
1560 4023 1590 4076 in
1603 4037 1705 4077 uenum
1723 4024 1828 4077 sumunt.

131 4104 215 4172 Libro
238 4115 292 4169 hoc
312 4114 346 4167 de
362 4113 528 4182 juramento
552 4114 581 4165 et
607 4108 743 4180 perjurio,
770 4107 805 4164 dc
823 4107 942 4179 jurandi

95 4204 228 4259 facilitate
259 4202 378 4271 ejusque
415 4196 554 4270 periculo,
587 4197 679 4268 deque
703 4194 841 4266 improbis
861 4195 945 4265 jura·

95 4291 200 4346 mentis
215 4288 405 4358 inlrIngendis
420 4285 524 4355 agitur.

97 4381 160 4433 Car.
204 4378 225 4431 l.
260 4404 294 4418 -
336 4377 369 4430 Ut
401 4373 566 4441 multiplicia
599 4388 698 4439 periero
725 4372 943 4442 juramentorum

427 4446 610 4512 extirpentur.

132 4536 191 4603 (Ea
218 4535 329 4590 concilio
358 4532 499 4598 lleldeusi,
528 4534 617 4601 cupite
646 4534 702 4598 tlt.)
729 4531 764 4585 Ut
792 4530 943 4601 multiplex

92 4625 335 4696 juramentorum,
352 4626 380 4676 et
401 4619 598 4691 perjuriorum
623 4618 764 4684 conlusIo,
789 4634 841 4688 por
856 4634 943 4688 quam

96 4715 193 4768 multra
214 4712 345 4767 fidelium
369 4708 517 4765 animaein
541 4711 602 4763 tuto
630 4707 684 4762 huc
705 4721 796 4778 regno
824 4707 944 4777 perditae

95 4820 154 4859 esso
177 4806 343 4868 noscuntur,
368 4815 455 4871 quam
480 4797 516 4852 sit
538 4796 705 4852 detestanda
725 4800 753 4850 et
770 4797 827 4849 [teo
852 4795 943 4850 odibi·

94 4893 139 4960 lis,
156 4894 282 4946 attentus
306 4887 440 4943 omnibus
456 4886 654 4942 annuntietur.
679 4885 802 4939 Tantum
817 4899 943 4955 namque

95 4982 150 5036 hoc
165 4980 274 5034 malum
293 4981 345 5042 est,
363 4981 394 5030 ut
410 4974 446 5028 ad
463 4974 625 5030 sanctuaria
649 4978 810 5045 martyrum
834 4972 882 5027 ubi
897 4973 944 5028 di·
998 4977 1061 5032 Car.
1079 4978 1127 5033 lll.
1151 5008 1186 5017 —-
1212 4980 1249 5033 Ile
1271 4980 1327 5034 illis
1352 4981 1402 5047 qui
1417 4994 1468 5047 per
1491 4979 1671 5049 cupiditatem
1692 4978 1826 5051 perjuria!

95 5083 243 5123 versurum
272 5063 458 5137 aegritudines
486 5067 635 5129 sanantur,
661 5062 702 5116 ibi
731 5061 850 5133 perjuri,
879 5061 944 5116 licet
1360 5051 1483 5116 fecerim·

96 5157 246 5211 manifeste
268 5153 412 5208 interdum
427 5151 525 5206 vexari
548 5167 608 5205 nun
622 5151 784 5218 videantur,
797 5151 877 5221 justo
892 5149 944 5205 nei
1034 5152 1088 5222 (Ee
1110 5154 1292 5223 poenitmtioli
1308 5155 1450 5222 Romano.)
1466 5154 1573 5226 siquis
1589 5171 1641 5227 per
1662 5155 1826 5228 cupidiuuu

94 5244 201 5315 judicio
223 5259 240 5296 a
262 5241 442 5296 daemonibus
468 5239 652 5310 arripiantur.
677 5241 711 5293 Et
731 5239 806 5294 sicut
829 5244 943 5293 sauctus
997 5242 1177 5312 peJerareril,
1209 5259 1310 5297 omues
1324 5257 1371 5297 res
1395 5259 1461 5297 suas
1484 5243 1599 5312 vendat,
1622 5239 1828 5316 pauperibusel

96 5331 166 5388 dicit
180 5329 342 5400 Gregorius,
364 5329 400 5383 ad
416 5327 521 5383 horum
542 5342 661 5399 corpora
685 5328 755 5397 aegri
783 5327 902 5382 veniunt
916 5333 944 5381 et
997 5329 1160 5396 distribuat,
1181 5333 1210 5385 et
1225 5330 1431 5386 monasterium
1449 5330 1606 5403 ingressus,
1626 5333 1694 5405 jugi
1707 5332 1828 5406 poeniten·

95 5423 244 5487 curantur,
259 5422 288 5472 ot
302 5417 438 5488 perjurio
453 5415 598 5472 demonio
615 5422 762 5470 vorantur.
997 5417 1044 5472 tiae
1061 5434 1090 5472 se
1106 5416 1218 5474 subdat.

1033 4146 1089 4212 (Eu
1111 4145 1192 4200 dictis
1216 4146 1386 4214 Hieronym.)
1415 4145 1558 4200 Habemus
1585 4145 1616 4200 iu
1643 4146 1706 4215 lega
1731 4141 1829 4200 Domini

996 4233 1134 4304 seriptum
1149 4249 1155 4287 :
1172 4235 1234 4288 Non
1257 4233 1399 4305 pejerabis
1412 4234 1443 4289 in
1465 4234 1582 4289 nomine
1608 4250 1686 4300 meu,
1709 4251 1760 4290 nec
1780 4233 1828 4305 pol·

998 4321 1059 4376 lues
1084 4337 1189 4376 nomen
1214 4322 1328 4377 Domini
1353 4323 1405 4376 Dei
1420 4323 1473 4388 tui,
1491 4328 1519 4377 et
1537 4339 1573 4377 ne
1597 4339 1727 4378 assumes
1741 4334 1828 4378 nomeu

998 4409 1048 4463 Dei
1064 4409 1105 4464 tui
1119 4410 1149 4464 in
1174 4426 1289 4465 renum.
1317 4411 1384 4465 ldeu
1402 4384 1576 4465 ad‘monendi
1597 4416 1666 4465 sunl
1689 4411 1827 4479 omnes,ul

997 4497 1149 4568 diligenter
1174 4505 1293 4554 careant
1314 4499 1485 4571 perjurium,
1510 4515 1570 4553 non
1589 4501 1685 4555 solum
1700 4500 1730 4555 in
1752 4496 1825 4563 altari,

997 4602 1049 4640 seu
1064 4591 1229 4641 sanctorum
1244 4587 1385 4659 reliquiis,
1402 4588 1450 4642 sed
1468 4591 1496 4642 et
1508 4587 1539 4642 in
1553 4589 1703 4644 communi
1721 4586 1824 4660 loquela

997 4675 1067 4729 Item
1091 4675 1250 4730 cavendum
1268 4681 1319 4743 est,
1342 4693 1379 4730 ne
1394 4675 1499 4747 aliquis
1513 4677 1578 4748 plus
1601 4693 1705 4733 eurum
1726 4674 1826 4733 honoret

997 4779 1084 4833 quam
1108 4765 1208 4832 altare,
1233 4782 1269 4820 ne
1285 4764 1311 4819 ei
1328 4764 1466 4819 [lominus
1483 4765 1558 4820 dicat
1573 4765 1697 4835 :Stulte,
1714 4766 1778 4839 qnid
1797 4764 1826 4817 est

997 4852 1101 4923 majus,
1117 4869 1219 4907 aurum
1235 4870 1271 4908 an
1284 4855 1373 4908 altare
1387 4854 1463 4924 quod
1480 4855 1637 4909 sanctificat
1652 4872 1762 4911 aurum.
