3878 6112
595 285 793 345 utvtetttta
810 287 1085 348 ncctnsttsttce.
1665 304 1717 360 366

70 403 236 466 selandiae,
260 402 478 475 piscationibus,
506 402 588 471 casis,
621 402 814 474 dominicatis,
833 408 857 461 Α
872 423 934 463 ram
947 407 1120 480 hahuerunt,
1135 410 1276 468 libertatis
1287 413 1373 469 debet
1385 414 1473 486 potiri
1492 415 1614 491 insigne.
1628 423 1719 494 Igitur

70 508 97 563 a,
112 492 199 562 villis,
230 496 259 547 et
283 492 411 564 capellis,
431 490 521 547 servis
547 497 575 547 et
589 492 710 562 ancillis,
733 509 815 549 men·
869 495 1021 565 prefatum
1036 496 1200 553 cenobium
1215 501 1382 571 paternitati
1399 507 1456 559 tue
1471 509 1716 577 commendamus,

77 586 110 638 et
131 581 315 654 planitiebus,
349 580 467 649 hasulis,
496 580 648 649 frascariis,
679 582 763 637 cultis
788 587 816 638 et
868 586 901 638 ut
915 583 992 639 illius
1007 592 1209 657 cooperatores
1231 589 1384 659 exsistatis,
1413 593 1496 663 etlab
1525 598 1659 654 omnihus
1673 600 1720 654 in·

70 687 89 740 i,
117 671 202 727 rebus
226 670 383 725 mobilibus
410 674 438 725 et
456 669 664 739 immobilibus,
694 670 816 727 aldionis
868 670 1067 729 festationibus
1082 674 1255 746 defendatis,
1279 694 1337 732 non
1360 684 1391 734 ut
1418 683 1626 753 exterminetis,
1642 689 1720 743 salve

70 760 158 828 ebus,
196 760 363 816 commeatis
386 775 545 832 eorumque
578 759 815 831 supellectilibus,
869 775 902 814 eo
915 761 992 832 qued
1005 763 1041 817 ad
1054 767 1185 818 nostrum
1200 763 1355 836 imperium
1382 773 1499 840 spectet.
1531 772 1720 832 concedimus

70 848 180 904 nnibus
194 848 362 921 adjacentiis
386 849 510 903 adhaec
534 848 622 903 etiam
636 848 816 904 nominatam
869 848 956 904 etiam
980 849 1034 905 tibi
1046 850 1160 924 tuisque
1180 855 1390 911 successoribus
1409 861 1654 919 consecrationem
1669 865 1719 921 ah-

70 953 116 993 xm
143 938 172 993 S.
196 937 312 1009 sophie
325 952 392 992 rere
406 940 435 991 et
462 935 592 1008 legitime
605 936 817 1007 pertinentibus
868 936 944 992 batis
967 937 1139 1003 Gasinensis,
1164 945 1193 995 et
1216 941 1252 996 de
1266 943 1395 1013 ejusdem
1423 947 1477 1002 loci
1505 951 1674 1020 redditibus,
1689 952 1721 1009 in

70 1024 252 1098 pietantihus,
279 1024 402 1097 integre,
427 1028 487 1080 tam
515 1025 591 1079 intra
614 1024 745 1080 Italicum
772 1041 817 1080 re·
870 1026 1384 1100 eundoetredeundeBeneveutem
1409 1039 1440 1089 ut
1458 1053 1549 1092 unum
1566 1040 1720 1110 prandium

70 1114 256 1187 qnametiam
274 1113 306 1168 iu
324 1113 435 1184 Apuliae
450 1113 591 1184 partibus.
616 1113 818 1186 Precipientes
870 1114 1034 1185 apostolice
1063 1116 1138 1171 sedis
1166 1118 1297 1188 pontifici
1317 1129 1481 1192 preparent
1508 1127 1719 1198 constituimus,

87 1202 226 1274 jubemus
253 1207 284 1258 ut
302 1204 399 1258 nullus
424 1202 557 1269 marchio,
587 1202 656 1271 dux,
671 1203 816 1275 princeps,
870 1203 1038 1276 nullamque
1053 1204 1140 1259 aliam
1166 1211 1336 1277 potestatem
1353 1211 1397 1265 vel
1411 1211 1575 1269 dominium
1590 1216 1625 1272 de
1640 1218 1720 1273 Casi-

70 1291 210 1364 piscopus,
237 1291 398 1364 episcopus,
428 1308 533 1360 comes,
563 1308 614 1347 seu
640 1292 818 1348 ullushomo
870 1292 954 1347 neusi
965 1293 1094 1348 cenobio
1104 1293 1267 1350 Romanum
1282 1298 1447 1368 pontificem
1460 1301 1566 1358 babere
1578 1306 1720 1375 volumus,

70 1396 90 1435 u
106 1379 166 1435 sive
190 1396 295 1452 parvm
307 1379 343 1434 de
369 1380 505 1435 omnibus
530 1395 595 1452 que
621 1379 769 1451 pertinent
783 1378 819 1433 ad
871 1380 923 1436 ssd
946 1381 1018 1436 sicut
1032 1397 1146 1454 semper
1161 1383 1345 1455 singulariter
1360 1391 1388 1442 et
1414 1390 1576 1460 specialiter
1599 1394 1651 1449 sub
1666 1395 1721 1451 im-

70 1482 118 1523 am
133 1466 342 1522 monasterium
366 1471 394 1522 et
416 1466 564 1538 pertinere
585 1466 731 1534 videntur,
759 1470 818 1520 tam
871 1467 1013 1538 peratoris
1025 1468 1122 1540 jurae
1142 1486 1201 1524 sue
1216 1472 1435 1528 constructionis
1465 1477 1571 1532 mansit
1593 1481 1720 1551 exordio,

70 1571 118 1612 em
142 1556 269 1624 familie,
295 1572 325 1612 se
347 1555 553 1625 intromittere,
569 1555 744 1610 calumniare
768 1558 820 1609 aut
871 1557 911 1612 ita
925 1557 1006 1612 illam
1031 1557 1197 1628 perenniter
1221 1575 1339 1616 manere
1358 1562 1498 1619 velemus.
1524 1565 1652 1623 0beunte
1669 1586 1723 1624 au-

70 1660 123 1701 are
143 1650 298 1717 presumat
308 1645 370 1716 jam
399 1644 508 1700 dictum
532 1644 701 1716 Gregoriem
728 1643 818 1699 abba·
833 1685 855 1741 B
872 1648 932 1700 tem
966 1643 1112 1700 (lesinensi
1140 1644 1252 1714 abbate,
1277 1645 1360 1717 juxta
1398 1653 1529 1704 tenorem
1558 1651 1666 1721 regule
1694 1656 1723 1705 et

70 1737 100 1791 xt
128 1749 195 1788 sues
221 1747 406 1788 successores.
433 1732 462 1788 Si
483 1731 547 1805 quis
566 1747 633 1787 vero
662 1731 716 1787 hec
740 1747 818 1803 pre·
873 1736 1039 1788 sauctorum
1053 1749 1197 1788 canonum
1221 1740 1410 1807 preceptum,
1430 1735 1518 1791 abbas
1538 1737 1604 1793 vite
1619 1737 1723 1794 merite

70 1819 132 1878 ain
145 1821 241 1895 aliquo
256 1820 414 1888 violaverit,
434 1820 506 1876 sciat
533 1837 562 1875 se
590 1819 819 1892 compositurum
873 1826 903 1878 et
917 1821 1046 1877 doctrina
1073 1821 1199 1887 scientie
1216 1838 1250 1878 ex
1273 1823 1408 1879 omuibus
1422 1824 1555 1896 eligatur,
1578 1831 1607 1881 et
1624 1827 1722 1882 cathe-

70 1915 133 1969 bras
155 1915 269 1967 centurn
276 1949 345 1968 ......
362 1925 398 1966 ex
411 1926 482 1965 aure
504 1909 670 1982 purissimo,
685 1908 820 1964 medieta-
873 1910 937 1976 tice,
953 1926 1011 1966 nen
1030 1910 1185 1966 simoniace
1198 1910 1359 1981 ordinetur,
1391 1928 1515 1985 moxque
1530 1913 1615 1968 nobis
1638 1912 1723 1968 inne-

70 2016 167 2057 nnere
185 2005 301 2068 nostre,
317 2002 345 2054 et
359 1998 543 2054 medietatem
571 1997 709 2068 predicte
723 1996 820 2053 abbati
873 2000 972 2066 tescat,
996 1997 1109 2070 ipsique
1135 2014 1187 2069 per
1213 1999 1397 2069 pragmatica
1421 2000 1576 2056 sanctionis
1597 2002 1723 2057 edictum

70 2086 137 2144 stris
144 2087 260 2158 suisque
270 2084 489 2141 successorihus.
501 2085 582 2150 Quod
594 2088 625 2140 et
635 2090 746 2140 certum
759 2098 820 2139 esse
875 2103 1024 2143 assensum
1037 2087 1194 2158 prebeant,
1211 2087 1308 2159 sicque
1332 2089 1450 2143 demum
1473 2089 1602 2145 Romano
1626 2091 1724 2162 penti-

70 2191 114 2243 nr,
129 2179 159 2230 et
186 2175 222 2230 ab
239 2173 373 2230 omnibus
389 2176 567 2243 observetur,
596 2174 670 2228 hane
683 2172 821 2246 paginam
874 2175 922 2231 ilci
935 2175 1042 2248 absque
1057 2175 1135 2230 omni
1151 2175 1302 2230 venalitate
1317 2176 1528 2233 consecrandus
1544 2178 1722 2234 exhibeatur.

71 2265 416 2338 propriaeerroberantes
430 2263 551 2336 sigillari
566 2263 766 2336 precepimus.
875 2263 993 2330 Quodsi
1007 2263 1091 2319 aliter
1120 2269 1213 2318 actum
1247 2263 1344 2331 feerit,
1376 2265 1548 2336 prohibeant
1570 2283 1725 2337 pravorum

70 2354 202 2411 odoricm
216 2353 402 2409 cancellarius
434 2354 495 2409 vice
522 2351 638 2409 Ethardi
651 2369 734 2425 pape
753 2353 821 2408 Bre-
875 2353 970 2409 valere
989 2367 1171 2421 consensum,
1188 2358 1217 2407 et
1230 2351 1261 2407 in
1285 2352 1414 2424 ejusdem
1430 2353 1484 2409 leci
1498 2353 1640 2426 regimine
1667 2355 1726 2410 im·

70 2460 77 2499 t
110 2443 240 2498 Ecclesie
266 2440 392 2515 episcopi
413 2445 441 2496 et
470 2439 689 2512 archicapellani
712 2438 819 2494 notavi.
874 2447 1001 2514 perator,
1018 2441 1069 2512 qei
1083 2457 1137 2512 pre
1159 2442 1399 2513 temporefeerit‚
1413 2458 1478 2497 cum
1493 2443 1630 2499 iratribus
1646 2444 1725 2514 ejus-

70 2548 123 2588 ιη
140 2532 180 2587 td.
198 2533 290 2598 liert,
306 2546 382 2585 anno
408 2531 487 2597 tota,
502 2529 564 2585 lnd.
585 2545 631 2600 xv,
647 2544 723 2584 anno
739 2528 820 2599 regni
875 2530 942 2587 dem
973 2528 1095 2585 coenebii
1134 2530 1254 2599 dignum
1280 2530 1418 2601 preficiat
1452 2530 1583 2586 abbatem
1611 2519 1726 2603 qualem

70 2621 90 2677 ti
105 2619 220 2677 flenrici
234 2623 278 2686 ta,
295 2619 527 2691 impertiverat.
876 2620 1026 2675 meliorem
1041 2623 1069 2673 et
1092 2617 1254 2690 digniorem
1268 2619 1454 2691 Romanoque
1474 2619 1597 2690 imperio
1612 2619 1727 2675 tidelem

70 2726 113 2766 rm
128 2708 283 2764 Beneventi
297 2708 429 2764 feliciter.
875 2707 1027 2775 invenerit,
1048 2708 1157 2778 absque
1179 2706 1333 2778 cujuslibet
1356 2707 1555 2778 inquietudine
1570 2725 1602 2763 ac
1616 2714 1729 2765 centra·

343 2813 454 2872 mag,
877 2798 1012 2854 dictione.
1035 2796 1065 2852 Si
1089 2801 1186 2852 autem
1206 2796 1352 2868 quispiam
1375 2796 1443 2851 huic
1461 2802 1567 2852 nostre
1591 2798 1728 2853 coustitu-

70 2920 113 2960 vre
126 2903 158 2958 di
185 2904 290 2972 Asa-iao
305 2887 389 2957 'sento
412 2900 572 2956 iudiciuae
585 2915 661 2970 papa
680 2898 824 2957 Benedeuo
876 2887 951 2942 honi
977 2884 1083 2941 violare
1106 2885 1333 2957 presumpserit,
1361 2885 1431 2940 sciat
1452 2902 1482 2941 se
1500 2886 1729 2957 compositurum

115 2991 134 3030 e
147 2972 460 3041 (eeoredettobeda'adi
473 2972 681 3029 Monte-Gestae.
840 2970 943 3031 Cauri
969 2973 1117 3046 purissimi
1148 2974 1235 3029 libras
1272 2973 1361 3040 mille,
1391 2973 1576 3030 medietatem
1607 2991 1729 3032 camere

302 3065 395 3130 (Anne
407 3060 497 3133 tout.)
878 3068 995 3132 nostre,
1006 3066 1036 3118 et
1050 3063 1233 3118 medietatem
1258 3061 1396 3133 predicto
1417 3062 1602 3134 monasterie,
1617 3068 1647 3119 et
1668 3063 1730 3119 haec

70 3194 76 3219 ,
101 3151 195 3209 Sterte
213 3151 286 3207 delle
313 3151 395 3206 bodie
418 3151 450 3206 di
462 3149 678 3215 Monte-Gestae,
703 3149 726 3216 t,
750 3147 825 3219 25³]
880 3150 1026 3208 concessio
1043 3151 1129 3206 tirma
1146 3156 1314 3223 permaneat
1335 3166 1458 3223 semper.
1475 3151 1555 3217 Quod
1569 3151 1611 3223 {ut
1636 3152 1730 3207 verius

69 3240 177 3296 lemine
196 3243 300 3295 sancte
324 3243 353 3294 et
380 3237 536 3294 individue
554 3235 711 3305 Trinitatis,
729 3236 827 3291 tinear-
881 3241 1022 3307 credatur,
1047 3255 1137 3295 mene
1164 3244 1263 3295 nostra
1288 3239 1436 3308 roborare,
1460 3245 1488 3295 et
1515 3240 1618 3301 annuli
1638 3240 1732 3296 nostri

70 3328 142 3384 ‚rina
165 3326 279 3382 favente
306 3326 459 3382 clementia
484 3326 643 3397 imperator
669 3327 826 3396 Augustus,
880 3327 1070 3400 impressione
1086 3328 1185 3383 subter
1199 3327 1279 3382 illam
1296 3327 1436 3398 insignire
1452 3327 1639 3383 decrevimus.

70 3433 132 3473 acro
159 3415 238 3470 erbis
258 3415 358 3471 Reme
376 3414 557 3470 sanctissimo
586 3430 681 3486 pape,
707 3414 827 3485 ejusque
916 3414 1031 3482 Signum
1052 3413 1146 3467 domat
1171 3415 1283 3468 tierrici
1305 3416 1473 3469 rectissimi
1486 3417 1668 3471 Romanorum
1682 3416 1731 3470 tm-

70 3504 187 3561 seribus
215 3502 351 3559 canonice
379 3502 410 3559 in
439 3501 628 3575 apostoticam
649 3501 746 3558 sedem
759 3501 827 3556 snb·
879 3502 1015 3574 pectoris
1029 3502 1163 3569 Augusti.

70 3594 130 3652 edis
143 3593 174 3648 in
189 3596 373 3665 perpetuum.
917 3591 976 3662 Ego
1000 3589 1167 3646 chonradus
1187 3588 1243 3645 dex
1271 3588 1371 3646 domni
1387 3590 1570 3662 imperatoris
1583 3589 1731 3647 consebri-

70 3681 192 3740 Romani
201 3680 317 3753 imperii
330 3695 429 3735 curam
442 3678 545 3735 attinet
555 3695 606 3751 per
620 3682 712 3734 totum
728 3678 829 3733 orbem
882 3694 938 3733 nus
967 3676 1133 3748 subscripsi.
1171 3706 1207 3718 —
1238 3676 1430 3732 Theodericus
1458 3679 1644 3733 cancellarius
1671 3678 1732 3734 vice

70 3786 178 3827 nerum
197 3767 359 3824 constitutis
380 3767 505 3823 ecclesiis
530 3766 674 3839 imperiali
688 3770 829 3838 potestate
883 3764 988 3822 Edonis
1011 3763 1255 3836 Papendegrensis
1283 3765 1410 3836 episcopi
1432 3771 1460 3820 et
1489 3765 1733 3821 archicancellarii

70 3857 153 3915 ienis
168 3857 275 3914 auxilia
298 3855 472 3924 ministrare,
487 3859 519 3911 ut
544 3856 606 3927 ejus
630 3853 778 3927 juvamine
794 3853 830 3909 ab
883 3853 1057 3926 recognovit.
1077 3856 1161 3908 Anno
1181 3852 1217 3906 ab
1239 3853 1438 3908 incarnatione
1464 3852 1581 3908 Domini
1599 3856 1675 3921 1022,
1691 3853 1733 3909 in-

70 3962 131 4003 tem
148 3945 309 4000 infidelium
325 3961 375 4000 seu
399 3959 554 4016 pravorum
574 3948 689 3998 tueatur
707 3943 829 4014 impetu.
885 3942 1011 3999 dictione
1034 3942 1145 4013 quinta,
1172 3957 1246 3996 anne
1263 3957 1329 3996 vero
1349 3941 1448 3997 domni
1467 3941 1581 3996 Henrici
1596 3943 1735 3998 excellen-

70 4034 104 4092 de
131 4033 281 4091 Casineusi
303 4033 434 4088 Ecclesia
460 4031 650 4104 providentes,
681 4031 833 4087 Benedicta
885 4029 990 4086 tissimi
1003 4045 1035 4085 ac
1047 4028 1227 4085 invictissimi
1252 4031 1447 4085 Romanorum
1473 4030 1655 4103 imperatoris
1680 4046 1734 4085 ae·

70 4121 238 4195 apostohce
259 4121 400 4193 pontifex,
415 4136 481 4193 que
493 4119 646 4191 specialius
672 4119 708 4174 ad
731 4120 834 4175 Itoma-
886 4118 972 4191 gesti,
983 4118 1067 4189 regni
1081 4121 1126 4186 22,
1142 4117 1312 4189 imperantis
1322 4125 1418 4173 antem
1433 4134 1519 4174 none.

78 4215 194 4285 xpectat
212 4209 377 4281 imperium,
407 4214 436 4264 et
459 4209 701 4280 predecessorem
715 4214 831 4264 nostro·
851 4251 874 4306 D
922 4210 1025 4263 Actum
1035 4206 1067 4262 in
1080 4211 1178 4262 mente
1192 4206 1293 4262 Casino
1303 4206 1432 4262 feliciter.
1446 4210 1548 4263 Amen.

70 4314 179 4357 semera
199 4298 235 4353 ab
262 4298 325 4370 ipse
340 4313 400 4353 see
418 4297 638 4352 constructionis
650 4297 769 4352 exordio
784 4313 834 4352 ex·
1249 4313 1371 4368 cxxvn,

79 4402 208 4463 queque
224 4386 259 4442 ab
284 4385 415 4441 omnium
430 4385 597 4441 mortalium
610 4384 762 4440 dominatu
777 4384 835 4440 im-
887 4404 916 4461 g·
955 4402 1088 4457 gemm
1126 4402 1164 4455 11
1189 4402 1255 4471 amp,
1285 4402 1412 4456 &cm
1445 4399 1636 4468 mamm,
1654 4401 1739 4456 ,pomp

70 4473 256 4549 vpermansit
270 4480 299 4530 et
321 4475 430 4542 libera,
447 4473 579 4530 eamdam
606 4472 760 4528 Ecclesiam
789 4472 834 4528 di·
920 4472 1056 4544 predium
1095 4473 1247 4528 normaaze
1284 4475 1313 4526 iu
1349 4471 1534 4526 archidiecest
1576 4473 1737 4540 Treuireusr',

70 4569 114 4622 mv
150 4563 296 4636 imperiali
332 4562 547 4630 manuascae
581 4560 747 4633 paternitati
778 4566 835 4617 tuae
924 4542 998 4613 quoe
1012 4558 1030 4597 α
1045 4544 1170 4613 Poenae
1184 4543 1389 4613 archiepiscopo
1404 4546 1552 4612 acceperat.

70 4652 223 4711 tendamus
248 4667 286 4708 ne
314 4668 372 4724 qua
404 4652 432 4707 vi
458 4652 664 4723 cuiuscumque
688 4649 836 4722 potestatis
1138 4631 1230 4703 (Ᾱῦὓο
1254 4633 1335 4700 ¹⁰²².
1360 4634 1387 4685 Η
1411 4632 1491 4698 ΝΜ»)

70 4743 128 4799 bet
139 4740 427 4813 injustumpatiatur,
442 4740 520 4795 salvo
535 4756 569 4795 eo
585 4739 663 4811 qued
676 4739 838 4811 specialiter
980 4717 1173 4794 [H002h0iffl32
1192 4721 1264 4776 ΗΜ·
1291 4722 1395 4775 Timr·
1412 4719 1524 4789 diPl‘lm·
1536 4719 1559 4788 Ῑ,
1575 4717 1651 4791 357·]

70 4829 214 4904 gntariter
239 4845 300 4899 pre
315 4829 426 4885 ceteris
451 4829 516 4884 aliis
531 4828 662 4883 Ecclesiis
677 4829 714 4883 ad
733 4830 837 4884 tiema-
926 4826 1091 4882 innomine
1116 4832 1221 4881 sancte
1236 4831 1265 4880 et
1288 4824 1443 4880 individue
1464 4823 1620 4888 Trinitatis,
1633 4823 1742 4895 {Hanni-

73 4918 237 4991 imperium
261 4921 390 4988 spectare
408 4917 530 4973 videtur.
559 4917 632 4972 Nam
656 4932 721 4972 cum
746 4916 839 4972 omnis
892 4931 940 4971 cns
956 4914 1006 4969 [lei
1020 4914 1133 4970 favente
1146 4914 1298 4970 clementia
1314 4915 1396 4969 Rom.
1418 4912 1576 4984 imperator
1587 4915 1741 4982 Augustus.

70 5006 110 5064 iia
133 5005 170 5061 ab
199 5005 280 5061 omni
303 5004 491 5061 conditionali
512 5021 563 5060 seu
593 5005 690 5061 servili
714 5022 790 5061 nexu
804 5006 840 5061 sit
928 5003 1079 5071 Quoniam,
1115 5002 1317 5075 temporalium
1342 5002 1496 5057 amissione
1516 4997 1743 5065 bonerum,sinc
1807 5001 1811 5013 “

70 5094 256 5167 ,specialius
279 5099 376 5150 autem
391 5098 457 5165 pest
470 5094 695 5150 sedisttomane
715 5095 841 5165 dignita·
893 5092 952 5149 tlne
967 5090 1147 5147 manentium
1173 5091 1311 5147 debemus
1331 5105 1445 5160 sperare
1465 5086 1743 5157 remunerationem,

70 5184 164 5241 libera
189 5183 349 5239 Casinensis
386 5183 520 5250 Ecclesia,
549 5197 615 5254 que
648 5185 760 5252 patrem
787 5179 841 5232 Be·
894 5185 997 5236 notum
1012 5179 1049 5234 sit
1071 5180 1204 5234 omnibus
1228 5178 1360 5234 fidelibus
1374 5175 1478 5231 nestris
1501 5174 1625 5246 qualiter
1639 5180 1666 5229 et
1680 5190 1744 5246 nos,

70 5276 139 5329 tem
172 5271 246 5343 legis
273 5270 439 5326 monastice
472 5269 667 5342 principatum
701 5272 789 5336 tenet,
814 5270 843 5321 et
895 5285 949 5342 pro
976 5267 1103 5323 remedie
1131 5265 1235 5322 anime
1258 5270 1364 5320 nostre
1378 5268 1602 5335 nostrorumque
1617 5268 1745 5319 anteces-

70 5362 128 5417 iem
154 5374 256 5415 omnes
284 5359 377 5414 nostri
403 5359 628 5430 predecessores
643 5357 843 5428 imperatores,
897 5371 1008 5422 sorem,
1034 5371 1088 5410 nee
1112 5370 1171 5409 non
1200 5371 1251 5427 pre
1277 5355 1369 5408 astrue
1400 5349 1593 5406 dilectissime
1617 5353 1747 5424 conjugis

70 5452 123 5505 cet
148 5446 279 5518 Pipinus,
306 5447 434 5513 Carolus,
475 5445 644 5511 Ludevieus,
682 5444 842 5512 hetherius,
897 5448 1003 5500 nostre
1026 5443 1056 5498 C.
1078 5442 1186 5498 seilicet
1208 5439 1397 5512 imperatricis
1421 5442 1570 5512 Auguste,
1595 5442 1652 5496 tale
1670 5456 1747 5512 pre·

76 5551 117 5594 ec
141 5534 249 5608 reliqui
272 5534 460 5608 imperatores
475 5548 558 5590 anem
572 5531 726 5606 specialem
745 5546 844 5588 came·
898 5530 981 5590 diem
997 5531 1082 5604 quale
1096 5532 1196 5603 Poppe
1218 5528 1392 5587 trevirensis
1410 5528 1643 5602 archiepiscopus
1664 5528 1749 5584 nobie
