3878 6112
88 252 136 305 etl
629 245 831 303 absuntam
853 244 1117 302 woutlnctttltsts
1136 242 1301 300 evlscurt.
1346 276 1351 281 -

88 368 234 425 dexteram
259 369 315 424 illis
336 368 504 434 cantaverit,
529 369 595 423 inde
621 383 650 422 se
688 373 803 438 sperant
832 367 974 421 baberet
993 367 1039 434 tis,
1057 371 1085 422 et
1105 366 1176 422 illud
1202 365 1262 420 loco
1289 366 1476 420 verendorum
1500 369 1630 430 tuorum,
1646 364 1742 419 autel

88 474 258 532 prosperum
284 459 349 513 iter.
378 457 412 512 Et
434 455 597 512 dumanxii
622 455 731 511 luerint
760 455 889 528 hospitii,
914 455 936 509 si
992 471 1058 510 cum
1073 454 1218 526 aliquibus
1239 453 1371 524 ligaturis
1389 453 1549 524 colligares,
1566 460 1596 507 et
1619 452 1742 507 fornicat

89 555 157 604 tunc
171 549 231 603 avis
245 548 305 614 illa,
321 563 384 619 quae
399 546 541 618 muriceps
558 550 684 614 vocatur,
699 561 732 599 eo
747 545 826 616 quod
840 561 937 599 mitres
991 544 1098 599 iaceres
1117 560 1182 598 curn
1212 545 1275 597 aliis
1300 543 1487 608 mulierculis,
1513 542 1556 596 vel
1576 542 1641 596 aliae
1671 540 1742 597 code

88 638 191 709 capiat,
205 644 234 692 et
252 637 320 692 inde
336 640 468 706 pascatur
491 635 650 702 nominata,
672 632 747 687 viam
776 648 827 704 per
849 649 937 705 quam
992 637 1167 699 strumento,
1184 632 1242 685 sive
1254 632 1318 700 alio,
1336 631 1454 686 tecum?
1469 630 1497 686 Si
1508 631 1612 697 fecisti,
1639 630 1742 702 quinqv

89 727 196 782 vadunt
230 730 296 781 ante
319 741 349 779 se
376 723 602 790 transvolaverit,
632 739 662 778 se
688 723 730 777 illi
760 723 882 793 augurio
910 728 939 776 et
991 719 1528 792 nosperlegitimasferiespoenitcas.

88 814 177 870 omini
200 814 293 883 magis
317 812 503 867 committunt
526 827 612 883 quam
630 812 699 866 ileo.
724 810 753 866 Si
768 809 871 880 iecisti,
889 815 938 865 aut
1027 809 1129 864 Fecisti
1144 809 1220 879 quod
1239 809 1369 880 quaedam
1394 808 1530 863 mulieres
1557 809 1651 863 lacere
1682 807 1742 863 sole

88 905 143 958 ista
155 901 309 966 credidisti,
328 901 456 973 quinque
485 900 546 955 dies
570 900 688 972 inpane
704 905 733 954 et
747 915 823 970 aqua
848 898 936 954 debes
989 897 1050 968 jam
1065 896 1230 968 supradicto
1246 896 1407 964 molimine,
1431 897 1475 950 vel
1492 896 1546 950 alio
1575 896 1674 967 aliquo
1696 912 1742 950 ma

89 991 239 1064 poenitere.
911 1053 913 1059 Ι
993 990 1100 1050 mento,
1118 991 1147 1040 tu
1170 985 1231 1056 ipsa
1259 985 1288 1039 iu
1313 991 1341 1040 tc
1356 986 1447 1040 solam
1470 984 1577 1039 iaceres
1600 984 1742 1040 fornicati

124 1079 363 1148 Credidistiquod
389 1076 505 1148 quidam
521 1075 637 1130 credere
660 1075 768 1129 solenti
785 1076 857 1129 Dum
885 1090 936 1128 ne·
992 1073 1137 1140 Sifecisti,
1160 1089 1251 1128 unum
1275 1089 1384 1128 annum
1412 1090 1465 1144 per
1486 1073 1630 1144 legitimas
1653 1073 1742 1129 leriae

89 1185 165 1223 cesse
180 1169 288 1223 babent
303 1171 370 1221 ante
385 1167 478 1221 lucem
489 1165 628 1219 aliorsum
644 1164 731 1232 exire,
746 1178 805 1218 non
819 1162 936 1229 audent,
993 1167 1062 1219 teas.

90 1257 215 1312 dicentes
238 1255 315 1327 quod
342 1259 490 1325 posterum
515 1253 560 1320 sit,
577 1258 605 1307 et
630 1258 696 1308 ante
719 1251 788 1323 galli
820 1256 937 1307 cantum
1029 1250 1128 1305 Fecisti
1155 1251 1233 1322 quod
1272 1251 1405 1323 quaedam
1441 1249 1576 1305 mulieres
1609 1250 1711 1305 facere

90 1343 368 1413 egredinonliceat,
399 1348 427 1397 et
441 1342 633 1412 periculorum
649 1340 686 1395 sit
712 1356 747 1395 co
778 1339 853 1411 quod
882 1338 937 1394 im·
994 1339 1109 1410 quando
1127 1338 1276 1394 libidinem
1306 1339 1337 1392 se
1360 1343 1510 1393 vexantem
1538 1338 1742 1409 extinguere=

90 1431 191 1488 mundi
210 1431 326 1504 spiritus
342 1435 408 1485 ante
431 1429 599 1500 gallicinum
624 1429 689 1499 plus
712 1428 749 1482 ad
776 1427 937 1483 nocendum
994 1443 1098 1498 quaese
1117 1426 1392 1498 conjungnutquasi
1414 1427 1489 1481 coire
1505 1427 1630 1482 debeant
1655 1432 1688 1483 et
1715 1443 1742 1500 pv

89 1519 473 1592 potcstatishebent,quam
496 1521 568 1588 post,
601 1522 630 1571 et
656 1516 749 1587 gallus
777 1531 829 1569 suo
853 1521 936 1569 cantu
994 1522 1022 1570 et
1037 1517 1217 1588 conjungunt
1231 1516 1261 1571 in
1277 1516 1401 1570 invicem
1425 1516 1577 1587 puerperia
1589 1532 1652 1585 sue,
1670 1521 1742 1570 ets

90 1608 155 1679 plus
170 1608 262 1661 valeat
281 1623 329 1660 eos
344 1606 484 1676 repellere
499 1609 527 1659 el
546 1604 656 1670 sedare,
673 1620 760 1675 quam
775 1603 823 1658 ille
842 1603 975 1696 divinaB
994 1604 1121 1658 fricando
1144 1605 1287 1675 pruritum
1314 1603 1431 1658 illarum
1459 1604 1628 1674 extinguere
1659 1603 1742 1659 desid

91 1711 252 1766 mensquae
270 1694 357 1749 estin
380 1693 497 1748 homine
521 1710 570 1747 sua
594 1692 650 1747 lide
673 1697 702 1746 ct
724 1691 816 1747 crucis
840 1691 937 1763 signa·
993 1692 1021 1748 Si
1057 1691 1155 1758 iecisti,
1185 1697 1243 1746 tres
1273 1693 1472 1764 quadragenas
1502 1707 1553 1763 per
1581 1690 1733 1764 legitimas

91 1770 175 1840 crrlo‘l
189 1784 218 1839 Si
233 1783 324 1838 fecisti
340 1788 389 1836 aut
404 1781 560 1848 credidisti,
576 1781 674 1836 decem
699 1782 759 1836 dies
774 1780 804 1836 in
821 1797 896 1853 pane
910 1788 939 1836 et
993 1781 1079 1835 debes
1093 1779 1242 1851 poenitere.

93 1889 166 1944 aqua
181 1872 267 1927 debes
280 1871 431 1943 poenitere.
1029 1870 1131 1923 Fecisti
1147 1870 1223 1941 quod
1239 1868 1372 1940 quaedam
1402 1869 1538 1923 mulieres
1565 1868 1662 1924 iacere
1688 1869 1742 1924 solt

127 1960 279 2016 Credidisti
304 1959 380 2031 qnod
405 1958 521 2030 quidam
547 1959 663 2013 credere
691 1959 792 2025 solent,
821 1962 855 2013 ut
881 1957 938 2012 illae
994 1973 1058 2012 cum
1083 1957 1142 2012 lilio
1174 1963 1225 2013 tuo
1249 1958 1376 2028 pparvulo
1407 1956 1624 2012 fornicationem
1655 1957 1742 2013 iacere

92 2065 186 2121 queen
214 2050 300 2120 vulgo
328 2063 421 2119 parcae
445 2051 592 2114 vocantur,
627 2047 708 2118 ipsoe,
737 2047 779 2101 val
808 2046 874 2114 sint,
896 2046 939 2100 vel
994 2046 1222 2114 dico,utllliurn
1248 2051 1330 2101 tuum
1346 2061 1432 2118 supra
1447 2045 1663 2117 turpitudinem
1692 2051 1744 2101 toa

91 2138 200 2210 possint
214 2137 268 2192 hoc
291 2136 384 2191 iacere
401 2135 477 2207 quod
499 2135 670 2203 credentum
692 2134 722 2190 id
738 2140 789 2200 est,
805 2134 874 2189 dum
887 2133 940 2187 ali·
994 2150 1085 2203 neres,
1114 2139 1146 2189 ut
1182 2134 1222 2188 sic
1257 2134 1413 2189 imitareris
1426 2133 1668 2189 fornicationem?
1683 2134 1715 2190 Si

92 2226 156 2298 qais
175 2225 262 2280 bomo
276 2224 413 2291 nascitur,
426 2228 454 2278 et
467 2228 535 2278 tunc
553 2223 668 2277 valeant
692 2222 773 2278 illum
789 2222 939 2293 designare
994 2223 1063 2278 duos
1079 2238 1169 2277 annos
1182 2238 1235 2293 per
1248 2222 1391 2294 legitimas
1402 2222 1489 2277 lorias
1503 2222 1589 2277 debes
1604 2224 1742 2293 prenitere

91 2309 124 2369 ad
140 2314 193 2368 hoc
209 2312 284 2384 quod
299 2313 388 2367 velint
409 2317 441 2365 ut
453 2312 684 2382 quandocunque
706 2312 755 2365 ille
781 2311 868 2366 bomo
893 2328 941 2365 vo·
1030 2309 1129 2365 Fecisti
1151 2309 1372 2381 quodquvedam
1397 2310 1535 2365 mulieres
1557 2310 1654 2364 facere
1682 2309 1742 2365 sole

91 2401 187 2464 luerit,
204 2401 233 2454 in
253 2402 353 2471 lupum
369 2399 567 2455 transformari
584 2400 683 2470 possit,
714 2399 790 2471 quod
813 2398 940 2470 vulgaris
994 2397 1194 2452 succumberes
1223 2397 1320 2469 aliquo
1346 2397 1486 2468 jumento,
1521 2402 1550 2451 et
1581 2397 1655 2452 illud
1681 2399 1742 2468 jum

92 2487 212 2541 stultitia
226 2487 375 2542 weruvolli
388 2492 479 2557 vocat,
497 2493 546 2541 aut
560 2487 588 2541 in
614 2488 699 2542 aliam
715 2488 840 2559 aliquam
866 2488 939 2557 llgu·
995 2495 1165 2556 provocares
1187 2486 1223 2540 ad
1238 2485 1356 2553 coitum,
1377 2485 1571 2557 qualicunque
1588 2502 1691 2556 posses
1717 2484 1742 2541 in

92 2575 217 2630 rant‘lSi
242 2574 397 2643 credidisti,
420 2575 496 2647 quod
519 2591 667 2645 nonquam
693 2575 776 2630 fieret
801 2578 852 2630 aut
879 2590 940 2628 esse
994 2578 1027 2627 nt
1055 2573 1095 2627 sic
1118 2573 1208 2627 coiret
1230 2573 1346 2629 tecum?
1366 2574 1394 2629 Si
1421 2573 1521 2643 fecisti,
1542 2574 1674 2629 carinam
1708 2590 1742 2630 un

92 2663 191 2734 possit,
222 2669 254 2717 ut
279 2662 375 2717 divina
402 2663 499 2733 imago
529 2662 559 2716 in
583 2663 668 2717 aliam
694 2664 816 2718 formam
842 2661 939 2716 autin
995 2665 1418 2733 paneetaqua,cumseptem
1442 2662 1631 2734 sequentibus
1654 2663 1739 2718 annia

92 2752 216 2823 speciem
235 2751 421 2813 transmutari
435 2751 523 2821 possit
536 2752 571 2805 ab
597 2751 705 2822 aliquo,
730 2751 785 2805 nisi
799 2749 834 2806 ab
847 2749 938 2806 omni·
994 2756 1065 2815 teas,
1082 2766 1230 2823 nunquam
1246 2753 1283 2804 sis
1293 2750 1354 2804 sine
1369 2750 1547 2821 poenitentia.

92 2846 208 2913 potente
220 2841 288 2907 Deo,
305 2840 402 2895 decem
418 2839 480 2894 dies
494 2840 609 2909 inpane
623 2844 651 2894 et
664 2855 739 2911 aqua
762 2839 850 2895 debes
880 2853 940 2910 poe-
1030 2838 1131 2894 Feeisti
1147 2839 1222 2910 quod
1238 2839 1369 2910 qnaedain
1385 2839 1520 2893 mulieres
1544 2839 1639 2893 iacere
1663 2840 1742 2895 solen

91 2931 193 2984 nitere,
955 2924 975 2978 C
994 2926 1062 2983 dum
1078 2926 1257 2983 fornicantur
1272 2931 1300 2982 et
1314 2931 1415 2997 partus
1430 2942 1497 2982 euos
1510 2943 1615 2982 necare
1630 2928 1742 2995 volunt,

127 3015 367 3087 Credidistiquod
383 3014 500 3085 quidam
524 3015 639 3070 credere
656 3015 759 3083 solent,
775 3015 852 3087 quod
883 3016 939 3070 sint
993 3021 1024 3070 ut
1040 3020 1118 3070 utero
1136 3020 1289 3083 conceptus
1318 3013 1462 3069 excutiant
1487 3016 1546 3070 suis
1564 3015 1742 3071 maleficiisv

93 3111 218 3176 agrestes
226 3103 352 3170 feminas,
368 3118 438 3173 quas
453 3103 601 3172 sylvaticas
611 3108 721 3167 vocant,
739 3119 810 3174 quas
840 3103 939 3158 dicunt
991 3104 1096 3172 herbis,
1115 3103 1157 3158 ita
1172 3108 1204 3158 ut
1220 3108 1271 3158 aut
1288 3118 1456 3174 conceptum
1479 3103 1657 3159 interficiant
1681 3108 1732 3161 eat

93 3209 153 3248 esse
176 3206 337 3262 corporeas,
367 3195 395 3244 et
422 3190 538 3261 quando
564 3191 707 3245 voluerint
736 3192 888 3247 ostcndant
909 3208 938 3247 se
992 3192 1075 3261 tiant,
1092 3192 1137 3247 vel
1161 3191 1185 3246 si
1208 3193 1337 3246 nondum
1354 3198 1555 3263 conceperunt,
1582 3193 1695 3249 iaciunt
1721 3208 1741 3249 a

93 3278 352 3346 suisamatoribue,
367 3283 474 3332 etcum
494 3278 535 3332 eis
550 3278 648 3333 dicunt
666 3295 696 3333 se
720 3280 885 3349 oblectasse,
912 3285 940 3336 et
993 3279 1173 3352 concipiant?
1188 3280 1217 3336 Si
1238 3280 1341 3347 fecisti,
1366 3285 1415 3336 aut
1436 3281 1619 3349 consensisti,
1643 3289 1696 3337 aut
1713 3281 1742 3339 dc

93 3369 163 3423 item
190 3367 303 3438 quando
329 3367 484 3432 voluerint,
512 3367 688 3421 abscondant
721 3382 749 3421 so
784 3372 813 3422 et
836 3383 938 3424 evane-
993 3369 1090 3424 decem
1117 3385 1275 3440 ennosper
1298 3369 1443 3441 legitimas
1471 3370 1557 3425 ferias
1584 3371 1730 3442 poenitere

93 3457 191 3512 scant?
203 3456 232 3511 si
252 3454 407 3517 credidisti,
436 3455 613 3510 decemdies
639 3455 668 3509 in
698 3470 773 3527 pane
806 3461 835 3512 et
864 3472 940 3529 aqua
992 3457 1048 3513 Sed
1073 3458 1191 3529 antiqua
1212 3456 1342 3512 delinitio
1365 3474 1457 3530 usque
1483 3460 1519 3513 ad
1543 3460 1653 3515 exitum
1683 3461 1742 3517 vita

93 3547 242 3618 poeniteas.
993 3547 1029 3601 ab
1043 3547 1164 3601 Ecclesia
1175 3552 1313 3601 removet.
1330 3547 1400 3601 Nam
1423 3547 1537 3618 quoties
1565 3554 1739 3618 conceptum

129 3636 160 3690 ln
188 3635 249 3689 istis
279 3632 413 3688 omnibus
441 3632 613 3704 supradictis
643 3632 749 3689 debent
780 3634 940 3691 secerdotes
993 3634 1093 3702 dierat,
1107 3641 1152 3689 tot
1163 3635 1386 3690 homicidiorum
1411 3651 1461 3690 rea
1487 3637 1552 3691 erit.
1583 3636 1637 3692 Sed
1653 3637 1742 3694 diem

93 3740 227 3794 magnam
256 3721 457 3777 discretionem
471 3721 588 3791 babere,
619 3725 649 3776 ut
677 3722 840 3778 discernant
865 3724 941 3778 inter
993 3728 1066 3791 tum,
1083 3728 1180 3778 utrum
1203 3724 1441 3794 pauperculasit,
1465 3730 1493 3778 et
1516 3741 1571 3795 pro
1600 3724 1742 3782 difficulta

92 3812 174 3867 illurn
199 3810 249 3881 qui
271 3809 385 3881 publice
400 3810 529 3880 peccavit
541 3815 571 3865 et
595 3810 710 3880 publice
735 3811 883 3882 poenituit,
912 3817 941 3867 et
993 3811 1110 3881 trieudi,
1128 3812 1170 3866 vcl
1186 3811 1338 3868 fornicaria
1362 3829 1457 3881 cansa,
1472 3815 1500 3867 et
1514 3829 1568 3884 [iro
1590 3815 1637 3869 sui
1652 3815 1742 3872 sceler

93 3901 168 3954 inter
194 3898 278 3953 illum
301 3897 351 3969 qui
381 3897 520 3952 absconse
546 3898 673 3968 peccavit
701 3903 730 3953 et
758 3915 809 3954 sua
838 3905 939 3972 sponte
994 3900 1179 3955 landifaciat.

93 3987 240 4042 consessus
255 3990 306 4040 est.
993 3991 1026 4044 ln
1053 3990 1165 4044 concilio
1190 3995 1279 4044 autem
1306 3990 1462 4044 Hilerdensv'
1484 3989 1517 4044 dc
1543 3991 1742 4064 capracorio,

129 4073 262 4140 Quamvis
278 4073 322 4127 bra
344 4073 489 4144 praedictve
505 4073 746 4146 interrogationes
773 4075 889 4131 feminis
912 4082 942 4133 et
1029 4078 1119 4143 fontes
1145 4093 1206 4132 suos
1233 4093 1267 4132 ec
1292 4078 1428 4133 adulterio
1464 4085 1601 4149 susceptos
1632 4082 1742 4137 cecutire

93 4163 162 4218 viris
175 4163 233 4217 sint
248 4177 426 4228 communes,
441 4167 537 4216 tamen
554 4163 600 4217 hee
613 4168 764 4236 sequentes
779 4165 940 4236 specialiter
954 4208 977 4262 D
1031 4167 1201 4235 precipitur.

94 4253 129 4306 ad
145 4249 431 4319 feminaspertinent.
1032 4255 1066 4309 lli
1081 4269 1147 4307 vero
1176 4253 1225 4325 qui
1241 4255 1315 4308 male
1340 4259 1493 4326 conceptos
1518 4272 1552 4310 ex
1579 4257 1730 4314 adulterio

131 4337 232 4394 Fecisti
256 4342 288 4390 ut
311 4338 444 4407 quadam
474 4337 609 4393 mulieres
624 4338 653 4393 in
670 4340 842 4410 quibusdam
870 4345 942 4397 tcm-
995 4343 1038 4397 vel
1057 4342 1149 4397 editos
1164 4358 1264 4398 necere
1280 4343 1453 4413 studuerint,
1478 4345 1520 4399 vel
1546 4344 1578 4399 in
1609 4347 1742 4404 venti-iba

95 4423 527 4498 poribusannifaceresolent:
544 4426 614 4481 utin
642 4428 728 4484 domo
749 4435 800 4485 tua
812 4446 940 4485 mensam
995 4436 1072 4487 trum
1099 4431 1266 4502 potionibus
1302 4432 1447 4504 aliquibus
1470 4433 1644 4506 colliserint,
1663 4436 1693 4493 iu
1725 4450 1742 4491 a

94 4528 283 4586 praeparares,
295 4517 324 4567 et
338 4516 402 4566 tuos
416 4513 506 4580 cibos,
524 4519 663 4586 etpotum
680 4532 745 4572 cum
763 4518 855 4574 tribus
878 4520 940 4573 cul·
996 4536 1065 4575 seru
1081 4521 1230 4591 adulteris,
1249 4520 1280 4576 id
1302 4526 1347 4576 est
1360 4522 1435 4593 patri
1459 4523 1503 4578 vel
1522 4524 1624 4593 matri,
1641 4531 1710 4597 post
1734 4540 1742 4581 t

95 4603 170 4659 tellis
199 4617 286 4672 supra
306 4616 435 4655 mensam
462 4617 593 4672 poneres,
610 4606 643 4656 ut
665 4604 689 4657 si
716 4604 860 4662 venissent
884 4612 941 4663 tres
996 4624 1139 4664 annorum
1154 4609 1296 4665 curricula
1310 4610 1663 4669 communiotribuatur:
1690 4614 1731 4671 ita

94 4692 151 4746 illae
175 4705 295 4759 sorores,
325 4705 396 4761 quas
434 4691 550 4761 antiqua
578 4692 733 4762 posteritas
767 4699 796 4748 et
822 4695 941 4768 antiqua
997 4702 1029 4752 ut
1051 4698 1129 4752 omni
1155 4702 1283 4769 tempore
1314 4699 1380 4754 viter
1405 4715 1464 4755 sues
1493 4699 1610 4755 fletibus
1636 4709 1667 4757 et
1692 4703 1742 4759 lant

95 4780 215 4836 stultitia
227 4795 327 4850 parcas
344 4779 513 4845 nominavit,
528 4779 570 4834 ibi
590 4779 786 4846 reficerentur,
807 4785 836 4836 et
851 4782 941 4836 tulisti
997 4785 1140 4841 insistant.

96 4870 200 4924 divinae
214 4867 315 4939 pietati
331 4872 500 4938 potestatem
516 4884 607 4929 suam,
625 4875 654 4923 et
666 4884 773 4922 nomen
788 4884 883 4937 suum,
913 4876 942 4926 et
1032 4874 1147 4930 Donasti
1162 4876 1205 4930 vel
1230 4876 1379 4932 ostendisti
1394 4876 1489 4946 alicui,
1506 4882 1539 4933 ut
1565 4885 1740 4953 conceptum

74 5025 76 5028 ¹
95 4958 209 5015 diabolo
223 4956 377 5024 tradidisti,
398 4956 447 5022 ita,
464 4956 537 5024 dico,
548 4962 580 5011 ut
590 4956 718 5011 crederes
733 4957 797 5011 illas
817 4973 888 5029 quas
909 4966 942 5014 tu
995 4963 1040 5018 vel
1055 4969 1209 5030 excuteret,
1226 4971 1276 5020 aut
1290 4965 1449 5022 occideret?
1473 4966 1502 5023 Si
1528 4966 1636 5036 iecisti,
1664 4974 1742 5042 septe

94 5048 164 5102 dicis
181 5061 241 5100 esse
263 5060 386 5111 sorores,
402 5044 453 5099 tibi
466 5061 561 5115 posse,
578 5049 628 5099 aut
653 5044 701 5100 bic
723 5048 772 5100 aut
793 5045 824 5102 in
844 5046 941 5103 futuro
996 5066 1048 5105 nos
1063 5067 1115 5122 per
1128 5051 1273 5121 legitimas
1286 5053 1372 5108 ferias
1388 5054 1527 5125 poenitere
1539 5056 1638 5113 debes.

95 5134 248 5204 prodesset
262 5134 290 5190 Si
318 5132 420 5199 iecisti,
437 5138 487 5188 aut
513 5131 691 5200 consensisti,
713 5148 803 5188 unum
833 5149 942 5190 annum
1032 5139 1183 5194 Excussisti
1198 5146 1370 5211 conceptum
1395 5147 1477 5198 tuum
1500 5149 1662 5216 antequam
1689 5145 1742 5201 viri

96 5238 148 5292 per
165 5222 308 5293 legitimas
320 5223 405 5276 feries
420 5221 568 5292 poeniteas.
996 5230 1061 5284 turi
1085 5227 1115 5283 si
1137 5228 1239 5298 fecisti,
1259 5247 1349 5285 unum
1370 5246 1479 5287 annum
1507 5249 1561 5304 per
1583 5234 1733 5304 legitimas

131 5309 232 5365 Fecisti
257 5310 333 5380 quod
356 5309 491 5381 quadam
513 5308 650 5364 mulieres
676 5309 769 5365 lacere
785 5311 889 5381 solent,
911 5315 942 5367 ut
997 5315 1135 5386 paenitere
1162 5317 1269 5373 debes:
1291 5319 1383 5374 iecisti
1407 5326 1473 5391 post
1504 5328 1680 5393 conceptum
1702 5322 1742 5396 spi

95 5398 202 5452 faceres
213 5398 361 5468 quoddam
388 5397 528 5452 molimen
544 5402 594 5451 aut
615 5397 882 5455 machinamentum
911 5401 941 5455 in
997 5407 1055 5457 tres
1070 5406 1637 5480 ennosperlegitimesieriespoenitere
1652 5411 1742 5469 debes

96 5488 215 5543 modum
229 5486 321 5542 virilis
336 5485 469 5554 membri,
482 5488 518 5567 apd
533 5503 699 5544 mensuram
724 5491 782 5544 tuae
808 5489 941 5544 volunta·
1032 5492 1201 5548 interfecisti
1214 5493 1306 5549 illium
1321 5496 1366 5550 vel
1394 5494 1485 5551 liliam
1507 5499 1673 5555 voluntarie
1687 5510 1742 5572 pce
