3878 6112
580 297 661 355 vlla
679 300 707 355 S.
730 300 945 359 walnensis.
1566 303 1637 362 ¹09⁸

70 429 118 484 itia
132 429 231 484 delusa
242 429 320 484 visus
332 426 484 483 hominum
502 428 623 497 lallaret,
649 430 735 501 eique
752 439 775 491 Α
790 448 867 487 nuno
885 433 920 488 ad
939 432 1087 488 ecclesiam
1111 433 1239 488 eundum
1262 437 1315 501 ast,
1335 449 1401 488 cum
1423 433 1546 489 necdum
1575 433 1639 506 pul·

70 516 217 571 alocillatio
236 517 267 571 in
291 515 491 571 secretioribus
518 517 620 587 posite
646 516 738 587 quali·
793 520 854 575 sata
880 521 1057 576 matutinalia
1077 521 1159 593 signa
1175 523 1356 577 sonnerunt?
1381 523 1438 592 Ego
1452 523 1559 593 quippe
1587 538 1641 578 nec

70 604 364 660 eadministraretur.
389 604 469 659 Tunc
489 619 555 658 cum
580 605 639 659 suis
666 604 739 658 inito
793 608 985 664 illucinoessn
1008 610 1115 680 pedum
1132 609 1190 664 ullo
1221 610 1308 664 modo
1322 625 1443 681 pergere
1463 611 1553 678 valeo,
1585 610 1642 665 nisi

70 691 430 764 »cataquedemonasterio
444 691 473 747 S.
489 692 740 764 Walburgaevaide
795 697 916 752 aliorum
942 697 1075 753 manibus
1096 698 1218 753 deducta
1236 696 1358 752 hieros
1376 698 1430 762 Qui
1445 698 1486 752 ait
1502 714 1509 752 :
1535 718 1549 750 a
1567 698 1642 752 Vade

70 781 231 852 ›resbytera
254 783 422 837 auctoritate
437 780 607 855 pontificiali
634 782 741 836 iterum
795 786 926 853 celerius,
951 801 988 840 ne
1004 786 1284 857 moreris,quoniam
1300 786 1486 842 williboldus
1511 787 1643 841 eamdem

89 868 237 923 mandavit
265 869 598 937 nteamdemanoillam,
622 869 658 924 de
684 885 742 940 qua
796 889 862 928 cum
876 889 982 944 magno
998 874 1113 945 agmine
1128 873 1246 928 intravit
1260 873 1420 940 ecclesiam,
1440 873 1564 944 qualiter
1578 889 1643 928 san-

73 957 202 1011 insuam
221 961 384 1027 susceptam
405 956 578 1024 custodiam,
594 972 631 1010 ne
645 956 742 1027 aliqua
796 966 869 1016 ctam
883 976 1013 1017 sororem
1028 977 1109 1015 snam
1126 961 1302 1017 reconditam
1317 961 1433 1029 habeas,
1450 966 1505 1016 ate
1531 961 1645 1015 curiose

70 1066 153 1103 vanos
175 1051 286 1105 falleret
309 1051 435 1118 obtutus,
453 1049 616 1105 cautissime
645 1049 741 1104 obser·
796 1049 967 1122 perquirere
982 1048 1090 1104 voleus.
1108 1069 1122 1102 a
1139 1050 1207 1115 Quae
1226 1050 1332 1114 statim,
1351 1064 1383 1103 ac
1408 1049 1433 1103 si
1447 1049 1521 1104 nihil
1535 1049 1645 1103 incom-

70 1137 84 1192 d
100 1141 129 1191 et
143 1137 219 1204 lecit,
236 1142 273 1203 et,
289 1142 320 1190 ut
343 1136 423 1208 prius
436 1140 586 1191 narratum
609 1135 744 1201 inarata
798 1138 876 1193 modi
893 1138 1051 1209 perferens,
1067 1138 1199 1205 surrexit,
1218 1143 1247 1192 et
1266 1139 1301 1193 de
1315 1137 1378 1192 loco
1395 1136 1430 1191 ad
1454 1137 1549 1191 locum
1572 1134 1645 1189 exsi-

70 1224 185 1278 vessima
220 1228 398 1295 compertum
426 1224 562 1294 episcopo
590 1223 742 1277 nuntiavit.
800 1227 884 1295 tiens,
912 1225 1070 1292 basilicam,
1102 1226 1248 1297 adquam
1272 1225 1404 1290 tetendit,
1432 1225 1563 1294 ingressa
1593 1227 1645 1288 est,

70 1313 107 1367 vul
131 1313 211 1367 omni
233 1312 412 1367 dubitatione
436 1312 549 1367 detersa
577 1311 658 1383 quasi
682 1310 745 1381 jam
799 1313 904 1369 divinae
932 1314 1093 1370 clementie
1118 1320 1205 1385 atque
1236 1314 1326 1369 beatae
1349 1313 1456 1383 virgini
1487 1311 1648 1383 gratiarum

79 1400 209 1456 credidit.
233 1400 278 1456 Sic
298 1401 422 1471 deniqne
457 1400 549 1455 adhuc
576 1399 701 1454 triennio
728 1413 745 1451 a
799 1402 925 1457 actiones
939 1418 992 1473 pro
1008 1403 1112 1472 adepta
1125 1402 1258 1472 sospitate
1275 1400 1418 1471 rependit.

83 1488 171 1543 missa
190 1504 280 1559 usqua
305 1489 341 1543 ad
354 1488 436 1543 illum
461 1488 634 1542 consistebat
657 1486 743 1540 diem.
838 1492 879 1545 tu.
897 1490 1019 1555 Quidam
1034 1501 1129 1543 autem
1150 1505 1260 1560 pauper
1274 1506 1290 1542 a
1306 1488 1452 1542 nativitate
1477 1490 1648 1552 contractus,

70 1582 197 1630 rtamen
219 1576 301 1646 juxta
319 1574 462 1630 facultatis
484 1575 633 1629 modulum
661 1573 746 1644 quid·
802 1578 884 1648 quasi
910 1576 1053 1648 quoddam
1082 1583 1249 1631 cerneretur
1276 1578 1450 1642 monstrum,
1476 1575 1546 1629 dum
1574 1574 1651 1628 inter

70 1667 152 1718 'uerat
172 1663 344 1733 injunctum.
371 1662 576 1717 Eucharistiam
593 1676 748 1731 veroqua—
802 1668 899 1737 plures
911 1665 948 1720 ad
966 1665 993 1721 S.
1011 1665 1171 1735 walburga
1193 1665 1353 1735 patrocinia
1374 1662 1583 1733 confugientes,
1608 1661 1650 1714 vi·

70 1767 85 1807 e
110 1751 266 1816 nitebatur,
291 1750 348 1804 nisi
373 1765 440 1803 cum
466 1749 546 1803 omni
565 1748 748 1803 festinatione
804 1759 866 1808 otus
893 1753 1003 1825 pariter
1030 1758 1060 1806 at
1078 1751 1199 1806 remedii
1226 1751 1361 1805 solatium
1390 1753 1542 1820 quaereret,
1569 1751 1652 1802 nocte

89 1839 154 1904 iret,
179 1853 243 1892 mox
268 1837 473 1892 vomitabunda
498 1835 635 1890 constitit.
662 1835 749 1899 Ouid·
804 1839 929 1911 quadam
944 1839 998 1893 sibi
1011 1838 1165 1893 dormienti
1183 1838 1320 1910 apparuit
1332 1837 1497 1892 beatissima
1517 1835 1608 1905 virgo,
1624 1838 1654 1890 et

77 1941 153 1978 nunc
175 1925 311 1978 humanae
329 1923 633 1994 videturimpossibile
655 1922 750 1976 imhe-
805 1933 837 1981 ut
864 1925 901 1979 ad
924 1925 1073 1979 ecclesiam
1093 1931 1236 1996 pergeret,
1262 1925 1425 1996 imperavit.
1450 1922 1512 1988 Quo
1533 1939 1654 1994 respon·

70 2011 218 2066 unimodis
236 2011 341 2066 diviuae
355 2009 524 2065 facillimum
539 2025 599 2063 asse
618 2008 752 2063 credatur
805 2014 891 2069 dente
920 2029 950 2067 se
975 2012 1081 2083 algoris
1109 2011 1294 2083 asperitatem
1320 2012 1549 2081 perhorrescere,
1579 2009 1656 2065 ideo

806 2116 862 2172 que
878 2116 929 2155 nee
944 2115 961 2153 a
974 2099 1036 2153 loco
1051 2098 1155 2169 quietis
1170 2098 1276 2152 audere
1299 2113 1329 2151 se
1352 2098 1454 2152 saltem
1469 2097 1591 2167 erigere.
1611 2096 1655 2150 Ad

73 2187 174 2240 Postea
187 2184 277 2255 igitur
299 2185 540 2256 prudentissimus
565 2184 596 2237 in
618 2183 753 2238 omnihus
806 2205 893 2261 quom
915 2189 965 2243 illa
980 2187 1093 2242 blandis
1106 2185 1252 2257 respondit
1263 2185 1358 2241 verbis
1374 2202 1381 2240 z
1403 2186 1518 2251 «Vade,
1533 2185 1654 2251 miselle,

70 2275 111 2328 lus
128 2274 231 2327 missus
245 2273 315 2328 illuc
336 2289 400 2327 cum
416 2273 474 2326 suis
489 2272 552 2326 aliis
567 2272 635 2327 boni
658 2269 753 2326 meriti
807 2276 947 2341 celeriter,
964 2275 1101 2346 quoniam
1117 2291 1171 2342 ego
1194 2279 1222 2328 te
1242 2275 1277 2329 ab
1292 2274 1378 2344 hujus
1404 2273 1521 2344 frigoris
1548 2271 1657 2342 asperi·

70 2361 255 2432 iprashytaris
279 2362 480 2431 corpusculum
511 2361 601 2415 heatae
635 2359 754 2430 virginis
808 2368 865 2417 tate
881 2378 938 2433 qua
953 2378 1030 2417 nunc
1052 2361 1188 2433 affligeris
1212 2365 1377 2433 protegens,
1400 2360 1494 2415 calida
1526 2359 1658 2415 membra

70 2449 122 2515 odi,
160 2449 368 2519 inventumque
396 2449 549 2518 diligenter
575 2447 752 2503 contrectari.
808 2450 1034 2518 administraho;
1069 2449 1199 2521 mihique
1228 2449 1283 2520 (59)
1311 2465 1363 2520 pro
1383 2448 1500 2504 redditae
1530 2447 1658 2503 sanitatis

70 2535 93 2588 ia
106 2534 297 2605 trepidatione
312 2550 378 2588 oum
393 2535 497 2590 divinis
513 2535 646 2591 laudibus
660 2535 756 2589 adim·
811 2538 973 2594 mercedula
987 2538 1150 2604 scabellula,
1167 2538 1271 2609 quihus
1284 2539 1377 2593 adhuc
1395 2537 1484 2592 uteris
1503 2535 1659 2591 incurvatis

70 2622 196 2677 'odiendo
218 2623 391 2676 invenerunt
418 2621 554 2692 reliquias
569 2620 756 2675 sanctissime
811 2626 938 2693 artubus,
969 2625 1005 2681 ad
1029 2625 1178 2680 ecclesiam
1213 2626 1387 2696 suspendere
1416 2623 1573 2679 debebis.»
1604 2621 1659 2687 uui

70 2711 189 2764 nimium
214 2710 402 2775 adamandas,
421 2710 503 2780 quasi
526 2709 608 2765 tenui
635 2709 757 2764 humore
811 2714 942 2785 quamvis
972 2713 1129 2785 pigerrima
1163 2713 1198 2768 ad
1222 2714 1370 2768 ecclesiam
1398 2728 1531 2784 pergens,
1560 2710 1660 2782 ibique

70 2815 90 2853 s.
112 2799 181 2863 011ae
202 2798 334 2869 quamvis
366 2801 479 2852 tantum
507 2802 602 2852 essent
624 2797 755 2865 roscidae,
812 2802 962 2872 paululum
976 2806 1180 2868 commoratus,
1197 2802 1232 2856 ad
1247 2800 1445 2856 suumanxius
1458 2799 1545 2855 rediit
1561 2797 1660 2869 hospi·

70 2903 112 2942 en
138 2892 220 2957 pacto
247 2886 348 2941 saltem
376 2901 451 2940 unus
481 2885 643 2956 pulviculus
670 2884 759 2939 valuit
812 2889 896 2944 tium.
925 2889 1006 2944 Mane
1029 2895 1125 2944 autem
1149 2890 1223 2944 lacto
1247 2890 1353 2945 iterum
1376 2903 1522 2959 regressus
1544 2886 1662 2941 illucet

70 2972 281 3029 attrectantium
301 2973 458 3028 adherere·
489 2971 607 3027 Sublata
630 2977 698 3026 tunc
724 2985 758 3025 0¹
777 2982 798 3038 c
814 2981 881 3033 ante
906 2977 998 3033 heatae
1023 2977 1143 3048 virginis
1172 2978 1308 3032 teretrum
1338 2993 1367 3033 se
1395 2977 1560 3049 projiciens,
1588 2974 1664 3029 circa

70 3062 94 3116 si
126 3060 298 3116 monasterio
334 3058 494 3131 corpusculi
521 3075 609 3114 πονῶ
641 3058 760 3129 virginis
812 3066 927 3121 tertiam
945 3065 1047 3120 horam
1075 3066 1170 3121 subito
1188 3065 1357 3137 palpitando
1373 3081 1402 3120 se
1421 3065 1508 3136 caepit
1532 3064 1662 3118 volutare

79 3154 167 3221 prout
187 3149 339 3219 episcopus
367 3148 506 3203 dictatum
525 3147 635 3215 habuit,
659 3146 759 3201 turbu·
814 3153 845 3207 in
875 3153 1040 3223 pavimento
1070 3158 1098 3208 et
1135 3153 1319 3224 protendere,
1353 3159 1382 3208 at
1406 3152 1572 3217 scabellula,
1601 3150 1663 3205 sine

69 3254 91 3291 rs
104 3253 213 3292 moeror
231 3244 260 3291 et
280 3236 403 3307 ejulatus
420 3235 663 3307 heystatensibus,
678 3234 761 3306 quasi
815 3241 919 3311 quibus
946 3256 1097 3311 uunquam
1128 3257 1157 3296 se
1174 3241 1209 3296 de
1238 3241 1301 3296 loeo
1315 3240 1471 3296 transferre
1500 3239 1604 3310 potuit,
1632 3252 1665 3292 ac

70 3335 193 3383 ittonam
219 3326 274 3381 sihi
297 3327 423 3380 ablatam
448 3324 630 3386 deflentibus,
645 3329 762 3378 exortus
816 3328 840 3382 si
855 3326 993 3383 divinitus
1020 3344 1037 3382 e
1060 3328 1194 3383 manibus
1210 3328 1317 3396 evulsa,
1342 3332 1408 3382 ante
1431 3327 1521 3382 altare
1535 3327 1666 3398 projecta

70 3432 109 3471 ea
132 3415 203 3469 dum
226 3418 307 3468 tanta
329 3412 420 3484 optati
449 3412 577 3468 muneris
603 3411 763 3482 patrocinia
816 3421 892 3470 suut.
905 3414 1008 3486 Sicque
1028 3416 1166 3471 memhris
1181 3415 1317 3470 omnibus
1344 3414 1527 3470 consolidatis
1554 3417 1665 3469 erectus

70 3520 102 3558 ua
116 3501 323 3558 exsultantium
343 3501 434 3571 gloria
454 3500 489 3554 ad
509 3500 606 3554 locum
631 3499 681 3570 qui
699 3498 765 3554 dici·
818 3502 984 3571 ambulavit,
1007 3506 1036 3557 et
1063 3503 1262 3557 couvalescens
1294 3503 1325 3556 in
1353 3502 1453 3557 eadem
1482 3501 1600 3557 ecclesia
1628 3500 1666 3556 ad

70 3592 151 3647 nhem
178 3591 361 3653 ducerentur,
384 3588 502 3660 quidam
529 3587 602 3642 forte
627 3586 764 3657 epilepti·
817 3589 878 3644 dies
897 3589 964 3644 vitea
979 3604 1039 3644 suae
1058 3589 1170 3644 validus
1184 3593 1211 3643 et
1226 3588 1378 3644 incolumis
1398 3593 1463 3660 post
1476 3587 1596 3643 modum
1615 3587 1666 3643 ad·

70 3680 140 3735 sacri
153 3678 289 3749 ponderis
317 3677 421 3732 feretro
433 3674 560 3743 obvians,
590 3673 642 3728 suh
662 3673 765 3729 eodem
819 3677 1002 3733 ministravit.
1398 3693 1401 3698 ·

70 3783 126 3834 ans,
149 3768 243 3840 ipsam
262 3782 349 3838 quam
365 3764 498 3837 quaesivit
513 3763 667 3819 sanitatem
687 3776 766 3817 rece·
857 3767 900 3821 lb.
914 3765 1007 3820 Allata
1021 3768 1066 3820 est
1088 3765 1124 3820 ad
1132 3764 1210 3820 idem
1228 3763 1440 3820 monasterium
1454 3762 1588 3835 quaedmn
1604 3777 1669 3818 mu·

70 3871 88 3910 η0
116 3856 221 3921 sublim
256 3860 289 3909 ¹11
315 3869 415 3909 omnes
450 3856 644 3908 commeantes
673 3849 768 3905 testati
821 3855 885 3925 liar,
900 3856 1017 3911 nomine
1032 3854 1291 3926 Reginsundis,ita
1305 3853 1444 3910 memhris
1464 3853 1599 3910 omnihus
1617 3852 1671 3908 dc·

70 3954 93 3999 u
111 3943 142 3997 in
157 3943 258 3998 eodem
282 3942 344 3996 loco
360 3941 457 3996 odoris
472 3938 636 4010 ¹redolentia
661 3936 768 3991 contla·
822 3943 943 4012 bilitata,
958 3946 992 3999 ut
1015 3942 1073 3998 nisi
1096 3947 1147 3998 aut
1160 3942 1292 3998 vehiculo
1312 3942 1425 3998 duobus
1440 3944 1490 3997 aut
1509 3956 1573 3997 eam
1588 3938 1671 3996 intla-

70 4038 79 4087 t
100 4046 183 4086 nares
198 4029 436 4102 praetereuntium
459 4029 504 4084 vel
532 4024 770 4098 subsequentium
823 4032 866 4088 xis
889 4032 966 4087 inter
980 4048 1011 4087 se
1032 4030 1157 4086 brachiis
1180 4030 1362 4102 portantibus
1381 4030 1461 4085 nullo
1476 4028 1561 4084 modo
1580 4032 1673 4082 trans·

81 4120 156 4174 lerre
168 4118 215 4173 vix
228 4117 398 4189 potuissent.
824 4122 895 4177 farri
913 4120 1028 4192 uspiam
1042 4121 1192 4192 potuisset.
1215 4120 1285 4186 Quae
1299 4124 1366 4174 ante
1382 4120 1483 4187 altare,
1504 4133 1592 4190 super
1615 4129 1673 4188 quo

256 4205 368 4260 CAPUT
386 4204 433 4258 lli.
826 4208 946 4280 virginis
964 4208 1103 4264 teretrum
1117 4207 1328 4275 continebatur,
1344 4223 1361 4261 a
1384 4205 1443 4261 suis
1464 4204 1604 4277 exposita,
1629 4219 1675 4258 ce·

70 4296 103 4349 t'a
116 4294 250 4349 miracula
269 4308 317 4363 ope
332 4292 362 4349 S·
380 4288 539 4360 walburgis
554 4291 680 4360 patrata·
789 4257 975 4351 ¹’larrimam
1004 4294 1109 4366 adepta
1135 4298 1179 4350 est
1200 4294 1363 4361 sanitatem,
1392 4293 1431 4348 ita
1458 4298 1491 4347 ut
1514 4291 1576 4347 sine
1603 4291 1676 4346 alte-

70 4387 179 4453 liqlfflm
203 4397 271 4452 “80
295 4378 482 4435 ³³ss⁰fi⁸⁸i¹¹¹ffi
505 4375 624 4448 virginis
650 4374 774 4446 Piss¹¹⁰f³
827 4384 888 4441 rius
902 4383 991 4439 ductu
1001 4397 1053 4454 per
1063 4398 1092 4438 se
1101 4382 1307 4450 efficacissime,
1319 4396 1492 4453 quocunque
1504 4379 1601 4446 vellet,
1611 4393 1678 4451 per·

70 4474 172 4525 fletum
207 4468 339 4539 illiditti
366 4464 534 4520 m⁰n⁸⁸i0lii
565 4464 653 4518 ⁸¹¹⁸st
683 4462 775 4516 ¹⁰0⁸&
829 4475 920 4543 geret,
935 4472 1033 4527 lesum
1048 4470 1193 4527 Christum
1214 4476 1243 4525 et
1257 4485 1342 4525 sacra
1364 4469 1485 4541 virginis
1515 4465 1679 4539 glorificans

70 4561 159 4633 quenti
184 4564 267 4615 nocte
281 4557 403 4629 contigit
427 4555 600 4611 abbatissam
624 4553 776 4609 liubulam
830 4559 944 4614 merita.

70 4640 776 4719 diuisse3dumqueillictrihusdetentanoctibus,
869 4645 910 4701 14,
940 4644 1077 4709 Quoednm
1108 4644 1195 4699 etiam
1223 4643 1329 4697 mulier
1354 4642 1389 4697 de
1416 4640 1485 4696 villa
1511 4644 1681 4711 nuncupata

70 4739 168 4810 dagrae
191 4737 292 4794 morbo
316 4737 450 4792 laborans
465 4751 495 4789 se
521 4732 617 4805 sopori
641 4731 777 4795 dedisset,
831 4732 991 4800 Stolohem,
1024 4731 1163 4786 vocabulo
1190 4730 1287 4800 Geyla,
1315 4744 1381 4783 cum
1409 4727 1571 4784 advenisset
1593 4727 1682 4781 lestns

70 4826 206 4898 quidam
232 4824 394 4881 veneranda
409 4821 513 4878 canitie
527 4820 658 4888 clericus,
688 4817 780 4873 Willi·
832 4818 1022 4876 dedicationis
1048 4817 1126 4873 illius
1154 4816 1279 4873 ecclesie
1310 4832 1422 4871 annuus
1456 4815 1527 4880 dies,
1547 4813 1684 4870 omnibus

70 4920 101 4970 ut
123 4914 251 4969 creditur
274 4912 436 4984 episcopus,
452 4909 480 4965 S.
507 4908 668 4979 Walhurgoe
691 4907 780 4962 irater
833 4910 864 4964 in
891 4909 941 4962 illa
968 4906 1087 4977 regione
1111 4903 1378 4974 solemnizantibus,
1408 4903 1459 4958 illa
1486 4903 1546 4957 sola
1570 4898 1684 4974 procaci

71 5003 155 5059 odem
179 5004 242 5058 loco
269 5016 351 5056 suam
368 4999 577 5071 proprietatem
600 4994 781 5051 haereditario
835 4995 933 5052 animo
948 4992 1171 5065 parvipendens,
1197 5007 1279 5047 suam
1304 4992 1432 5064 ingressa
1459 4995 1503 5045 est
1530 4988 1684 5045 hiemalem

70 5106 96 5163 ge
113 5094 177 5145 ante
192 5090 327 5144 donatam
344 5087 456 5156 habuit)
470 5099 591 5155 eamque
606 5082 782 5153 compellans
836 5090 929 5140 zetam
956 5088 985 5137 et
1003 5081 1212 5149 curciboldum,
1242 5096 1330 5152 quem
1356 5080 1394 5134 ad
1421 5078 1577 5134 texendum
1605 5075 1686 5148 prius

71 5199 85 5230 u
104 5179 233 5244 liubula,
257 5193 309 5231 cur
329 5174 459 5231 dormis?
473 5188 563 5244 equare
577 5187 636 5226 non
663 5186 784 5242 surgens
837 5169 1083 5230 erectumhahuit,
1095 5169 1378 5239 llerisccepitterere
1393 5166 1522 5238 digitulis
1546 5166 1686 5231 dexteroe3

74 5267 145 5322 sium
174 5264 318 5338 porgisto
337 5263 380 5319 hd
405 5277 491 5334 quem
519 5261 586 5315 illa:
617 5259 688 5314 «Ut
714 5257 784 5330 quid
838 5259 888 5316 sed
903 5275 969 5315 cum
985 5256 1096 5314 duabus
1119 5257 1228 5312 vicibus
1243 5255 1349 5327 ex(60)
1368 5255 1489 5328 glomite
1504 5254 1690 5310 sivetramea

70 5390 201 5462 equantia
223 5404 255 5443 ex
276 5388 321 5442 l.r
348 5383 507 5440 Wollhardi
521 5385 638 5451 sumpta
652 5384 729 5447 sunt,
757 5386 786 5436 et
840 5381 907 5438 talc.

72 5467 85 5517 t
98 5477 163 5516 cum
179 5460 214 5514 iis
229 5475 293 5530 quae
310 5474 338 5512 n.
360 5460 377 5512 o
392 5456 479 5526 hujus
502 5453 571 5508 Vitae
585 5455 731 5523 leguntur.
878 5450 935 5522 (60)
949 5447 1141 5514 Wollhardus‚
1160 5448 1272 5517 plorator
1282 5461 1329 5502 seu
1343 5451 1448 5503 trama.

70 5548 105 5587 ss.
128 5530 248 5599 trevir,
269 5532 332 5600 post
353 5527 489 5583 redditum
518 5525 662 5579 cantuum
688 5521 788 5577 matel-

119 5637 255 5704 Pavaou.
282 5636 368 5706 ctu.
1494 5627 1535 5687 aa
