3878 6112
468 251 706 311 DECREEORU!
728 249 820 308 ttulit
839 250 895 308 XX.
911 279 946 291 -
967 247 1072 307 claun
1086 250 1225 311 Pullius„
1672 262 1725 316 550

81 376 122 434 lie
135 375 287 448 episcopus
306 373 439 430 derebus
450 374 575 431 viduale
589 372 721 431 Ecclesiae
736 373 858 446 quid-A
876 373 995 430 ccxxii.
1009 373 1126 429 ltemde
1140 372 1322 430 ordinatione
1336 375 1475 450 episcopi.

70 482 93 522 m
108 466 234 521 alienare
249 469 415 535 praesumat.
870 462 1002 518 ccxxiii.
1017 462 1087 528 Quae
1105 462 1266 518 sacerdotes
1276 464 1328 518 llei
1339 464 1484 522 declinare
1500 467 1633 526 debeant.

70 555 133 609 .lie
147 553 204 608 illis
218 553 269 626 qui
297 552 333 608 ad
358 553 539 609 secerdotum
553 551 703 624 exsequias
718 550 816 607 uenire
871 551 1014 608 ccxxvii.
1047 552 1087 608 lle
1111 550 1281 608 haereditate
1317 554 1445 627 episcopi
1474 563 1647 614 caeterorum
1675 577 1725 616 ee·

70 643 191 699 endunt.
908 639 1142 696 clesiasticorum.

70 732 91 788 Ι.
108 733 144 788 Ut
170 730 310 803 quidquid
331 731 465 803 episcopo
488 730 672 803 relinquitur,
686 730 717 786 id
730 729 816 785 emis·
871 727 1027 785 ccxxviii.
1054 730 1094 785 Ne
1112 729 1238 803 episcopi
1261 737 1380 804 propter
1403 749 1484 789 suam
1504 734 1643 807 quietem,
1662 738 1724 809 ple·

81 823 113 877 in
126 821 275 876 facultates
294 819 425 876 Ecclesiae
444 823 638 892 computetur.
907 817 973 872 bem
987 816 1043 872 sibi
1061 818 1244 875 commissam
1266 820 1412 893 negligere
1430 829 1616 894 praesumant.

70 910 102 965 ll.
133 909 168 965 Ut
195 910 292 964 nullus
315 909 477 982 episcopus,
516 909 572 965 nisi
605 924 670 964 cnm
696 908 817 964 consilio
872 905 1000 961 CClllllli.
1028 906 1067 961 De
1095 907 1235 979 episcopis
1257 908 1318 980 qui,
1343 926 1400 965 non
1427 911 1549 967 visitatis
1567 914 1723 985 perocbiis,
1774 944 1777 948 ,

72 1013 170 1055 rorem
194 998 398 1070 episcoporum
424 1003 453 1054 et
473 997 622 1070 principis,
647 998 678 1053 in
705 998 817 1054 hostem
906 993 1033 1065 pretium
1047 994 1194 1050 servitutis
1210 998 1373 1068 requirant.

69 1088 171 1143 lebeat.
873 1083 988 1139 ccxxx.
1004 1083 1045 1138 lle
1068 1084 1240 1155 purgatione
1260 1086 1472 1158 episcoporum.

70 1175 133 1231 .l)e
146 1175 246 1231 eadem
261 1191 301 1230 re.
872 1170 1003 1226 CClllllll.
1022 1173 1061 1227 lle
1081 1187 1115 1227 eo
1141 1173 1242 1244 quiex
1273 1176 1415 1231 monacho
1443 1176 1535 1233 iactos
1549 1179 1637 1235 luerit
1666 1181 1725 1253 epi·

79 1263 118 1321 lle
134 1278 168 1318 eo
183 1263 208 1318 si
226 1263 291 1335 quis
309 1263 345 1318 ab
367 1262 525 1334 apostolico
549 1261 652 1319 taleam
667 1262 818 1334 epistolam
908 1275 1021 1331 scopus.
1117 1255 1121 1265 '

70 1352 146 1409 ierit.
873 1347 1013 1405 ccxxxii.
1037 1350 1077 1404 lle
1103 1350 1152 1405 illo
1176 1350 1226 1423 qui
1255 1351 1289 1407 de
1311 1351 1408 1424 aliqua
1432 1353 1535 1410 heresi
1554 1354 1721 1421 infamatur,

70 1483 73 1496 .
92 1443 132 1498 ile
145 1438 443 1512 aecusatisepiscopis.
747 1474 753 1490 e
908 1437 986 1508 quod
1003 1436 1034 1491 iu
1049 1453 1129 1491 sacro
1139 1443 1282 1494 conventu
1296 1438 1453 1496 iormulam
1467 1442 1549 1497 istius
1567 1442 1722 1513 prolessio·

69 1530 90 1587 l.
105 1528 187 1595 Quod
203 1544 260 1584 non
281 1528 318 1583 ita
339 1527 369 1582 iu
394 1524 593 1582 ecclesiasticis
619 1523 765 1597 agendum
781 1520 819 1576 sit
908 1526 953 1578 nis
964 1524 1083 1581 recitare
1095 1525 1208 1582 debeat.

70 1619 134 1683 iliis,
149 1618 222 1672 sicot
236 1617 266 1671 in
282 1615 478 1671 saecularibus.
834 1651 855 1704 B
874 1612 980 1669 CCXXX
994 1612 1040 1668 ΙΙΙ.
1066 1613 1104 1668 os
1128 1613 1271 1670 damnatis
1294 1616 1448 1688 episcopis,
1471 1622 1500 1672 et
1528 1622 1593 1690 post
1620 1634 1720 1674 recou-

69 1707 101 1762 ll.
129 1706 209 1771 Quod
233 1705 317 1772 nulli,
344 1721 419 1776 papa
445 1704 567 1774 vivente,
595 1703 684 1757 elium
712 1699 820 1772 eligere
909 1699 1022 1755 ciliatis.

70 1799 96 1849 .t.
874 1788 1027 1844 ccxxxiv.
1047 1789 1085 1843 lle
1102 1789 1300 1862 episcoporum
1322 1792 1571 1849 transmutatione.

70 1883 99 1936 ll.
115 1882 154 1936 De
174 1881 300 1937 sessione
311 1880 447 1953 episcopi.
1085 1878 1189 1934 iudicis
1202 1880 1384 1949 capitulorum
1398 1880 1474 1952 fiais.

636 2234 1058 2342 BURCHARDI

525 2452 700 2509 sceleste
718 2450 988 2508 woullltclltttsls
1007 2452 1165 2510 nulscorl

128 2648 805 2800 nonannoeane
854 2653 1151 2800 nruuu
1201 2559 1570 2806 Fuluus

596 2927 647 2994 DE
671 2927 856 2996 PRIMATU
879 2929 1093 2997 ECELESIAE.

85 3285 208 3353 -oaod
230 3287 260 3340 io
286 3285 360 3342 Nouo
392 3287 558 3342 Testomeuto
607 3291 649 3342 ost
676 3286 814 3345 Christum
831 3290 851 3345 C
869 3287 1034 3345 ordinatum
1049 3300 1110 3341 esse
1132 3283 1288 3351 credimus,
1314 3299 1351 3339 ne
1375 3301 1477 3341 omues
1496 3286 1604 3357 posteri
1618 3303 1722 3344 eorum

70 3358 148 3412 ilium
182 3364 346 3411 ”mrumst
384 3358 461 3412 pem
496 3301 673 3414 ⁸⁰⁰⁰&OEss
709 3362 818 3429 cwilini
871 3381 973 3431 cuncta
987 3374 1042 3429 sihi
1057 3373 1261 3428 vendicarent:
1277 3373 1326 3427 sed
1342 3388 1457 3446 semper
1470 3376 1594 3447 majores
1618 3392 1722 3445 causae,

872 3464 946 3519 siout
964 3467 1030 3518 sunt
1044 3461 1256 3534 episcoporum,
1281 3466 1309 3516 et
1333 3462 1479 3532 potiorum
1502 3479 1579 3519 curoe
1596 3467 1722 3537 negotio·

874 3569 937 3607 rum
952 3551 988 3606 ad
1011 3566 1097 3606 unam
1124 3550 1200 3604 beati
1215 3549 1353 3620 principis
1369 3551 1565 3622 apostolorum
1586 3553 1661 3609 Petri
1678 3569 1724 3609 se-

872 3640 939 3695 dem
955 3637 1143 3705 confluerent,
1162 3642 1195 3692 ut
1217 3637 1284 3692 inde
1308 3638 1466 3709 suscipiant
1489 3640 1578 3695 linem
1598 3641 1722 3713 jndicio·

873 3744 937 3783 rum
962 3727 1040 3782 unde
1072 3729 1243 3795 acceperunt
1271 3724 1385 3781 initium
1422 3727 1648 3795 institutionum,
1684 3745 1722 3785 ne

544 3850 585 3905 Tu
603 3865 633 3903 es
647 3851 757 3919 petrus,
789 3856 818 3906 et
871 3815 1045 3889 quandoque
1061 3829 1139 3869 asuo
1153 3813 1350 3884 discreparent
1365 3813 1469 3886 capite.

81 3938 156 3992 hm
180 3941 291 4010 petram
320 3936 467 3992 edificabo
488 3937 639 3993 poemiam
668 3954 773 4008 meam,
789 3944 818 3995 gt
872 3923 936 3979 Car.
954 3921 1001 3977 lil.
1016 3951 1049 3962 -
1065 3922 1099 3977 Ut
1124 3935 1245 3977 sommus
1264 3919 1390 3976 sacerdos
1411 3937 1465 3976 uon
1486 3926 1594 3978 uocetur
1620 3925 1721 3979 Rollin-

84 3496 202 3568 epistolo
229 3496 355 3551 Auooleti
365 3511 445 3566 popa
472 3495 510 3551 od
523 3499 660 3568 episcopos
676 3499 763 3554 ltalia
777 3500 819 3554 di·

80 3586 112 3641 ln
131 3586 208 3640 Novo
222 3589 318 3640 aulem
332 3584 514 3638 Testameuto
528 3591 592 3655 post
606 3586 751 3641 Christum
766 3588 816 3642 do-

70 3678 237 3740 rnostrnm,
267 3688 285 3727 a
312 3673 395 3727 Petro
425 3672 608 3728 sacerdotalis
633 3675 816 3745 coepitordo,

70 3761 106 3832 ¹nsi
119 3760 214 3833 primo
229 3761 412 3831 pontificatus
438 3762 469 3816 in
496 3761 618 3816 Ecclesia
643 3762 747 3818 Christi
766 3763 817 3818 da·

71 3848 209 3916 ,dicante
236 3848 359 3904 llomino
383 3848 417 3903 ad
433 3864 500 3904 eum
517 3865 524 3903 ε

907 4009 958 4048 uus
971 3993 1108 4063 pontifex,
1119 3992 1167 4047 sed
1178 3994 1278 4062 prima
1287 3991 1359 4046 sedis
1373 3994 1524 4063 episeopus.

906 4082 982 4154 (Ceu.
1016 4081 1109 4147 Afric.
1135 4095 1195 4134 cau.
1225 4080 1262 4149 o.)
1286 4080 1320 4136 Ut
1341 4081 1444 4151 prima
1468 4080 1544 4136 sedis
1572 4080 1723 4154 episcopus

871 4185 929 4225 non
957 4168 1119 4241 appelletur
1141 4168 1273 4240 princeps
1294 4169 1484 4238 sacerdotum,
1513 4175 1563 4225 ent
1593 4185 1724 4225 summos

871 4258 1015 4325 sacerdos,
1028 4261 1078 4311 aut
1089 4256 1199 4329 aliquid
1214 4256 1390 4329 hujusmodi,
1413 4259 1461 4314 sed
1486 4261 1600 4314 mutum
1621 4256 1722 4330 prima

871 4346 947 4401 sedis
961 4344 1123 4417 episcopus.

918 4434 983 4490 Car.
998 4432 1042 4488 iv.
1060 4463 1094 4472 -
1108 4431 1186 4498 Quod
1200 4432 1348 4503 bipartitus
1363 4437 1400 4489 sit
1411 4434 1477 4491 ordo
1493 4435 1672 4491 secerdotum.

70 4536 137 4592 nodo
159 4540 307 4605 commisso,
337 4542 363 4594 et
393 4537 556 4594 discretione
576 4542 731 4610 potestatis,
756 4556 852 4634 quan
907 4523 962 4589 <En
975 4522 1090 4619 ‘plima
1108 4521 1234 4576 Anatim
1254 4536 1335 4593 palm
1358 4527 1444 4578 ΜΝ
1470 4524 1592 4579 mmm
1620 4528 1721 4596 θΡῑδΰθ·

70 4608 225 4678 ·apostolos
239 4609 306 4674 suit.
624 4624 631 4635 ¹
870 4610 917 4680 pia
931 4612 956 4663 et
985 4610 1103 4679 reliquis
1126 4607 1321 4677 sacerdotibus,
1347 4624 1409 4680 cop.
1439 4610 1499 4682 ts.)
1526 4611 1722 4679 sacerdotum,

89 4697 204 4766 epistola
226 4695 388 4751 lletobiodis
408 4711 499 4766 popa,
526 4697 658 4768 Hisponis
684 4700 816 4768 episcopis
871 4698 982 4761 iratres,
999 4696 1069 4751 ordo
1084 4696 1238 4767 bipartitus
1257 4700 1301 4750 est
1326 4701 1355 4751 et
1379 4697 1451 4753 sicut
1475 4700 1612 4755 Dominus
1639 4700 1723 4755 illum

70 4782 94 4856 ··)
109 4786 202 4855 Atque
224 4783 278 4839 lroc
304 4783 487 4855 privilegium
501 4784 584 4839 beato
598 4784 741 4857 clavigero
767 4787 818 4840 Pe-
870 4784 1028 4851 constituit,
1057 4800 1074 4839 a
1100 4785 1179 4838 utillo
1204 4783 1290 4838 debet
1315 4786 1488 4856 perturbari.
1518 4786 1601 4842 Scitis
1625 4793 1722 4842 autem

70 4871 159 4927 cvice
174 4872 354 4927 solummodo
382 4871 536 4940 commisit,
551 4872 629 4944 quod
653 4872 716 4944 ejus
738 4874 816 4944 juste
871 4873 1052 4946 apostolosa
1080 4870 1203 4927 Domino
1228 4886 1290 4926 esse
1316 4872 1431 4941 electos,
1447 4879 1475 4929 et
1501 4873 1679 4943 constitutos,
1694 4880 1724 4930 et

70 4959 186 5032 patirum
203 4959 338 5015 successit
351 4960 421 5027 sedi,
443 4960 547 5015 tuturis
574 4961 815 5029 baereditandum,
870 4967 971 5034 postea
985 4977 1037 5034 per
1050 4960 1175 5015 diversas
1193 4959 1355 5032 prouincias
1379 4960 1415 5016 ad
1426 4960 1642 5032 predicandum
1668 4961 1724 5017 dis·

70 5048 224 5104 tenendam
251 5049 440 5119 temporibus,
457 5049 735 5120 qtromodoetinter
753 5052 817 5107 bea·
870 5065 979 5120 persos.
1008 5049 1080 5105 Cum
1107 5065 1174 5105 vero
1202 5050 1302 5105 messis
1328 5049 1413 5123 coepit
1447 5065 1584 5116 crescere,
1623 5050 1723 5106 videns

70 5154 89 5192 »s
103 5139 251 5208 apostolos
278 5136 333 5192 tuit
347 5137 478 5208 quaedam
493 5137 626 5194 discretio
653 5140 814 5211 potestatis.
871 5154 1048 5210 paucosesse
1064 5138 1220 5208 operarios,
1232 5137 1268 5193 ad
1285 5152 1384 5194 eornm
1396 5138 1596 5210 adjumentum
1610 5143 1723 5209 septua-

70 5230 87 5280 u
114 5231 283 5282 cunctorum
303 5241 355 5297 par
387 5226 488 5281 electio
515 5226 597 5294 foret,
617 5226 702 5283 beato
719 5233 816 5283 mmen
871 5227 952 5298 ginta
964 5226 1032 5300 eligi
1050 5227 1189 5300 pracepit
1210 5226 1376 5300 discipulos.
1408 5226 1539 5299 Episcopi
1563 5242 1630 5282 vero
1653 5243 1724 5299 apo·

70 5329 232 5369 concessum
256 5319 300 5369 est
313 5319 345 5368 nt
358 5314 422 5369 aliis
437 5314 648 5386 praemineret,
664 5322 693 5372 et
717 5332 817 5372 eorum
871 5316 1022 5380 stolorum,
1044 5314 1205 5388 presbyteri
1226 5331 1342 5387 quoqne
1369 5315 1554 5389 septuaginta
1568 5314 1722 5388 discipulo-

70 5401 240 5476 lqnerelam
258 5402 509 5471 venirentcausas,
526 5406 555 5459 et
576 5403 818 5475 interrogationes
871 5419 937 5458 rum
952 5404 1046 5460 locum
1069 5407 1178 5460 tenent.
1204 5402 1334 5476 Episcopi
1349 5409 1446 5459 cotem
1462 5419 1521 5460 non
1544 5403 1575 5459 in
1600 5403 1723 5461 castellis

70 5496 124 5548 ster
136 5491 313 5563 disponeret.
333 5490 413 5558 Quod
438 5492 489 5548 llei
513 5492 694 5548 ordinatione
720 5493 817 5550 taliter
870 5495 921 5548 aut
935 5491 966 5548 in
980 5491 1101 5550 modicis
1119 5488 1281 5549 civitatibus
1302 5491 1409 5549 debent
1430 5492 1577 5562 constitui,
1593 5492 1642 5549 sed
1657 5507 1722 5565 pre·

86 4025 171 4081 interi
186 4043 246 4081 non
270 4026 465 4097 prevalebunt
479 4027 613 4081 adversos
628 4042 703 4093 eam,
720 4034 754 4082 et
764 4027 817 4083 tibi

70 4113 149 4169 laves
164 4114 246 4185 regni
261 4115 407 4169 caelorum.
429 4113 480 4169 llic
494 4129 562 4185 ergo
584 4114 695 4187 ligandi
707 4116 818 4170 solven-

70 4206 239 4273 potestatem
253 4201 363 4272 primns
375 4201 486 4273 accepit
504 4217 521 4255 a
537 4202 674 4270 Domino,
687 4204 816 4274 primns-

70 4290 184 4346 lildem
198 4291 344 4362 populum
368 4291 418 4346 llei
437 4290 552 4363 gratia,
575 4297 604 4348 et
627 4293 733 4349 virtute
756 4309 816 4349 sam

70 4378 180 4434 atitmis
192 4378 319 4433 adduxit.

70 4466 121 4521 '.-
136 4468 172 4521 De
196 4467 340 4535 priuilegio
352 4464 428 4521 beato
449 4467 526 4521 Petro
546 4469 654 4523 Domini
682 4469 740 4524 uice
769 4483 816 4525 so-
