3878 6112
642 262 723 319 vrrs
740 263 769 320 s.
791 263 1025 331 annuorum.-
1640 271 1706 348 ‚su

70 381 206 441 dmodum
225 382 300 439 ferre
329 399 369 449 se,
401 398 466 438 cum
489 381 597 454 injuria
620 389 711 456 coepta
736 358 844 440 deii-u
863 384 1159 441 Christimoxadesse
1173 387 1368 458 praesentiam,
1394 389 1475 460 cujus
1499 393 1527 444 st
1545 389 1576 444 iu
1601 390 1703 446 nativi·

70 472 100 529 td
115 488 203 544 quem
227 471 329 528 illes«
355 472 417 527 Nou
444 471 549 544 patior,
580 472 629 540 ait,
644 489 731 544 super
757 473 802 529 his
856 473 1135 545 tatisortuprimum
1150 475 1228 546 pacis
1246 476 1353 548 gaudia
1367 476 1549 546 nunciantur,
1574 483 1603 533 et
1622 484 1703 551 pest-

70 577 122 617 ma
134 560 184 628 mi,
201 576 288 632 quem
311 561 368 615 rita
395 560 535 616 cariorem
554 561 801 627 habeo‚commo·
856 562 975 618 medum
989 563 1117 634 ejusdem
1133 562 1363 635 pacisamatores
1392 566 1558 638 evangelica
1585 567 1703 621 raritate

70 650 103 708 ed
130 665 207 705 nuuc
232 649 380 721 praecipite
405 650 507 705 artiori
535 650 685 706 obsidione
699 652 801 707 urbem
856 651 982 706 liliorum
1000 651 1051 706 hei
1082 652 1275 723 appellatione
1300 659 1464 709 censentur.
1496 653 1589 725 lpsius
1608 654 1704 726 itaque

70 788 71 799 ,
101 754 170 794 nam
203 739 255 793 elsi
276 738 402 794 reditum
431 738 467 793 ad
483 738 605 810 patriam
626 739 720 809 cupio,
744 756 802 794 non
856 739 964 809 pietate
991 739 1078 795 totius
1107 740 1258 796 discordiae
1288 742 1445 797 rebellione
1474 742 1578 813 sopita,
1607 743 1705 798 hostes

70 826 210 897 najestate
224 831 316 881 vestra
342 825 463 894 diverto,
479 842 566 896 quom
582 826 683 881 urbem
708 842 801 897 popu·
857 845 957 899 pacem
972 834 1139 901 exposcunt,
1150 845 1230 884 arma
1243 829 1411 901 projiciunt,
1429 830 1459 884 iu
1486 830 1644 886 crastiuum
1676 848 1705 886 sa

70 934 74 968 ι
101 921 194 970 vestro
217 915 278 986 juri
299 914 427 982 subacta,
459 916 642 986 Deipictate‚
659 915 801 971 ridebo.»
856 918 889 972 ad
923 916 1063 988 palatium
1086 922 1222 972 venturos
1243 919 1427 988 premittunt.
1454 919 1534 975 Mane
1568 920 1618 974 Dei
1645 921 1706 975 cle-

70 1002 244 1073 timperator
257 1004 342 1058 laetus
368 1003 473 1059 dilecto
497 1007 626 1074 gratatur
652 1003 803 1074 magistro,
858 1005 966 1060 mentia
981 1010 1088 1071 assunt,
1105 1021 1203 1076 pacem
1220 1011 1332 1076 petunt,
1355 1012 1534 1062 sacramenta
1554 1007 1704 1072 innovant,

70 1092 165 1147 artiori
180 1091 326 1146 obsidione
342 1091 445 1160 munit,
472 1091 578 1146 milites
599 1091 633 1146 ad
657 1108 804 1163 expugna·
858 1093 946 1149 fidem
974 1110 1004 1150 se
1025 1093 1193 1165 imperatori
1219 1099 1360 1167 perpetua
1389 1101 1551 1150 servaturos
1578 1095 1702 1166 promit·

78 1179 343 1247 instruit,iulraudi
365 1179 408 1234 vel
425 1180 547 1234 ererrndi
571 1179 716 1235 licentiam
745 1197 804 1235 om·
858 1186 932 1237 tunt.
1400 1252 1402 1256 Α

70 1267 200 1338 mperiali
212 1268 380 1323 auctoritate
396 1268 553 1324 interdicit.
567 1269 687 1341 Aliquot
702 1269 804 1324 diebus
892 1272 937 1325 25.
965 1269 1083 1329 Interim
1121 1269 1266 1341 piissimas
1292 1286 1325 1326 ac
1357 1271 1524 1327 mitissimus
1549 1271 1708 1343 imperator

85 1357 209 1412 domnus
231 1358 416 1412 Beruwerdus
446 1362 475 1412 et
501 1357 673 1428 apostoliens
698 1358 804 1430 praela-
858 1373 924 1413 cum
950 1358 1049 1429 paucis
1077 1359 1182 1413 turrim
1211 1359 1357 1430 quandam
1386 1361 1552 1427 ascendens,
1578 1360 1616 1414 ad
1641 1357 1706 1414 illos

70 1444 146 1500 rbem
169 1444 287 1500 adeunt.
304 1445 383 1501 Cives
402 1445 462 1500 laeti
491 1445 679 1501 adventantes
707 1463 804 1501 servos
858 1446 1083 1502 concionabatur
1103 1447 1200 1502 diceus
1227 1463 1235 1500 ε
1266 1465 1281 1498 a
1306 1449 1471 1502 Auscultate
1504 1448 1590 1504 rerba
1617 1448 1707 1519 patris

70 1533 195 1588 lucrifica
219 1532 376 1604 excipiunt,
406 1533 472 1588 urbi
505 1533 724 1603 intromittuut;
752 1551 804 1590 uec
859 1534 1191 1604 restrictatteudile,el
1210 1540 1355 1591 eameute
1379 1535 1533 1607 diligenter
1564 1535 1705 1607 reponite.

70 1621 196 1678 lesistuut
211 1622 277 1693 (41),
296 1638 383 1693 quam
418 1638 520 1678 omues
542 1627 657 1695 pacatos
680 1624 803 1694 impera·
820 1660 840 1715 B
860 1625 952 1679 Vosne
966 1623 1033 1679 estis
1044 1624 1101 1679 mci
1120 1623 1261 1679 Romani?
1276 1626 1398 1694 Propter
1408 1641 1457 1680 ros
1473 1624 1591 1696 quidem
1613 1638 1707 1678 meam

70 1709 167 1766 ditioni
203 1710 253 1764 Dei
275 1711 366 1781 gratia
397 1710 493 1784 adjuti
518 1712 654 1767 subdunt.
687 1713 804 1767 Postera
859 1712 993 1783 patriam,
1011 1712 1191 1784 propinquos
1215 1712 1460 1784 quoquereliqui.
1475 1716 1581 1767 Amore
1614 1716 1707 1765 vestro

70 1798 420 1870 sdie,nohilitriumphu
448 1801 652 1873 subsequente,
678 1801 805 1873 episcopi
861 1817 941 1856 meos
961 1800 1084 1857 Saxones
1124 1805 1153 1855 et
1193 1806 1312 1856 cunctos
1334 1800 1512 1867 Theotiscos,
1536 1798 1708 1872 sauguinem

70 1891 167 1944 iterem
195 1888 310 1943 adeunt.
352 1889 423 1943 Nem
451 1889 546 1943 cuncti
574 1889 706 1959 primarii
732 1889 806 1945 cives
862 1904 959 1944 meum
977 1887 1349 1961 projeci;vosiuremolas
1365 1887 1566 1960 partesnostri
1592 1886 1708 1961 imperii

70 1979 131 2050 iptae
165 1976 287 2032 civitatis
317 1983 415 2032 assunt
434 1976 504 2032 nudi
530 1977 714 2034 femoralibus
742 1983 805 2033 lan·
861 1978 977 2045 adduxi,
993 1983 1157 2049 quopatrcs
1175 1977 1272 2046 uestri,
1288 1993 1355 2034 cum
1377 1979 1481 2034 Orbem
1508 1977 1619 2033 ditione
1641 1993 1707 2048 pre·

70 2066 112 2135 sti,
128 2066 227 2121 dextra
240 2065 359 2137 gladios,
385 2066 454 2121 laeva
486 2082 586 2137 scopas
613 2067 649 2120 ad
665 2067 805 2137 palatium
863 2070 975 2120 merent
983 2081 1143 2136 numquam
1156 2066 1260 2136 pedem
1279 2071 1452 2137 posueruut;
1468 2066 1577 2121 scilicet
1604 2070 1635 2119 ut
1654 2081 1707 2120 uo-

71 2155 189 2221 deutes;
216 2154 360 2226 imperiali
380 2155 442 2227 iuri
464 2172 494 2210 se
523 2171 632 2227 suaque
655 2156 805 2223 subactos,
863 2168 929 2208 meu
944 2155 1070 2208 restrum
1081 2157 1109 2207 et
1118 2153 1240 2225 gloriam
1250 2153 1283 2208 ad
1293 2155 1364 2208 flues
1374 2170 1463 2225 usque
1474 2155 1708 2224 (hildilalarem3

70 2242 131 2309 isci,
153 2258 206 2297 uec
223 2243 314 2314 ipsam
335 2242 452 2314 quidem
479 2243 582 2311 ritam3
612 2261 683 2316 quos
706 2245 808 2316 dignos
862 2258 912 2296 ros
927 2241 1155 2312 liliasedoptari,
1177 2257 1227 2295 vos
1241 2242 1350 2296 cunctis
1365 2243 1590 2313 praetulicausa
1603 2247 1707 2310 restra,

71 2329 134 2398 erit,
164 2347 233 2386 ense
262 2330 357 2398 feriat,
386 2332 431 2386 rel
459 2348 512 2403 pro
547 2332 744 2388 misericordia
772 2334 807 2389 ad
862 2330 930 2385 dam
960 2346 1010 2384 ros
1047 2328 1183 2383 omuibus
1210 2329 1358 2400 proposui,
1388 2331 1586 2385 universorum
1614 2330 1646 2386 iu
1664 2346 1709 2384 me

70 2419 164 2490 scopis
179 2419 336 2475 examinari
353 2419 464 2490 jubeat.
483 2420 512 2476 Si
537 2436 634 2476 muros
653 2421 732 2476 urbis
747 2422 808 2477 solo
861 2416 1039 2473 iuvidiamet
1055 2418 1154 2473 odium
1177 2417 1330 2473 commori.
1349 2419 1382 2472 et
1401 2435 1477 2473 nuuc
1496 2435 1549 2490 pro
1574 2418 1709 2474 omuibus

70 2507 139 2563 mari
169 2507 242 2562 rutis
271 2508 334 2579 ejus
352 2511 498 2580 suppetat,
535 2514 685 2581 promptos
708 2510 808 2566 liheuli
862 2504 907 2560 his
948 2511 1058 2576 patrem
1100 2510 1227 2561 restrum
1257 2506 1413 2576 abjecistis,
1452 2506 1609 2561 familiares
1630 2522 1710 2560 meos

70 2599 170 2651 cuncta
185 2594 295 2667 exequi,
313 2611 365 2650 uec
380 2596 467 2667 jussis
477 2595 538 2667 ejus
567 2597 722 2668 majestatis
738 2598 808 2654 dum
862 2592 971 2648 crudeli
999 2599 1092 2649 morte
1106 2593 1302 2663 interemistis,
1331 2611 1377 2648 me
1392 2593 1560 2661 exclusistis,
1581 2609 1647 2648 cum
1667 2599 1710 2647 ta-

70 2683 306 2739 centradicturos.
322 2684 483 2755 Imperator
499 2685 576 2756 pacis
600 2686 806 2753 conciliatores,
864 2698 929 2737 men
961 2682 1112 2737 excludere
1140 2698 1198 2737 uou
1223 2683 1359 2754 potestis;
1394 2683 1463 2755 qaia
1492 2699 1566 2754 quos
1591 2687 1710 2755 paterno

93 2777 123 2827 et
148 2771 288 2827 domnum
308 2773 510 2828 bernwardum
539 2773 716 2846 episcopum,
748 2791 808 2830 ma·
863 2771 959 2826 animo
973 2771 1156 2841 complector,
1173 2787 1333 2843 numquam
1348 2771 1383 2826 ab
1394 2771 1495 2826 aflectu
1512 2786 1577 2826 mea
1601 2767 1710 2825 exulari

77 2861 217 2931 gratanda
235 2861 455 2933 extollil,atque
493 2862 529 2917 ad
554 2861 669 2917 illorum
705 2869 806 2918 nutum
863 2860 965 2929 patior.
994 2858 1058 2914 Scio
1096 2859 1231 2931 equidem
1260 2865 1289 2915 et
1320 2865 1394 2915 uutn
1422 2860 1538 2914 oculum
1560 2856 1710 2913 seditionis

70 2948 149 3005 niam
166 2948 280 3017 tribuit3
298 2949 458 3021 placitoque
486 2950 595 3020 habito,
622 2952 721 3006 urbem
751 2939 1381 3019 nonCpriucipcsassigu03uecrsrentur,
1408 2947 1478 3003 dum
1503 2946 1617 3019 publice
1646 2961 1708 3000 om·

70 3036 112 3092 .iu
126 3052 279 3092 commune
289 3036 457 3092 deliberant.
475 3038 581 3093 Urbani
608 3038 699 3108 gratia
720 3037 810 3108 impe·
862 3036 944 3090 nium
959 3035 1047 3090 oculis
1061 3040 1214 3102 uotautur;
1233 3035 1438 3091 nichilominus
1452 3035 1539 3090 etiam
1554 3033 1709 3090 fidissimos

86 3125 241 3191 donantur,
266 3130 295 3181 et
318 3129 350 3181 ut
371 3142 401 3180 se
426 3125 542 3198 pacifice
565 3130 662 3197 agant,
688 3143 741 3181 ncc
773 3126 808 3180 ab
865 3123 1133 3195 meas,dequorum
1149 3123 1314 3179 innocentia
1328 3123 1486 3195 triumphu,
1506 3123 1708 3178 sceleratorum

70 3216 135 3269 ‚tere
151 3213 293 3281 deficiant,
308 3220 536 3270 commonentur.
864 3211 1039 3268 admixtione
1058 3212 1273 3281 commaculari,
1285 3228 1336 3268 uec
1346 3229 1430 3284 posse
1444 3210 1592 3282 distingui,
1622 3225 1709 3265 mou-

70 3301 190 3356 Romani
215 3302 340 3374 denique
362 3302 483 3374 indigue
497 3302 633 3372 ferentes,
651 3300 808 3372 Tyberiuos
863 3305 921 3355 stro
936 3300 1031 3356 simile
1061 3300 1193 3355 arbitror.
1226 3322 1237 3350 s
1262 3301 1318 3356 flac
1343 3300 1454 3356 ratione
1474 3297 1657 3371 imperatoris
1671 3296 1709 3351 ad

70 3394 226 3459 mperetore
246 3395 372 3461 pacatos,
392 3391 472 3446 urbis
496 3406 613 3463 quoque
635 3406 692 3444 suae
712 3396 809 3462 portas
863 3389 948 3445 fietus
974 3405 1066 3461 usque
1094 3388 1260 3460 compuncti
1285 3388 1510 3444 satisfactionem
1525 3386 1708 3459 promittuut,

70 3477 203 3545 nuuiunt,
231 3478 290 3533 rias
318 3479 486 3550 obstruuul;
502 3479 592 3535 libere
613 3477 740 3533 intrandi
764 3481 809 3534 vel
863 3477 1114 3550 duescorripiuut,
1130 3478 1296 3533 Beuilouem
1321 3477 1449 3532 elafium
1466 3475 1621 3549 quendam,
1638 3489 1710 3546 quos

69 3563 88 3619 li
99 3566 222 3621 Romam
232 3566 351 3622 facultas
361 3574 493 3639 negatur,
503 3568 645 3623 vendendi
656 3573 684 3623 et
695 3568 810 3623 emendi
863 3566 1018 3621 crudeliter
1032 3582 1129 3632 cesos,
1146 3565 1238 3621 nodos
1262 3565 1384 3635 pedibus
1402 3581 1453 3637 per
1482 3564 1588 3637 gradus
1606 3566 1710 3617 tractos

70 3654 185 3709 nenium
210 3654 406 3724 interdicitor3
438 3656 570 3712 nonnulli
604 3672 721 3728 qaoque
735 3656 810 3727 regis
864 3654 1016 3710 semivivos
1031 3655 1061 3709 iu
1078 3641 1200 3726 praefata
1213 3653 1287 3709 turri
1313 3657 1378 3708 aute
1398 3653 1603 3725 imperatorem
1620 3650 1710 3722 proji-

70 3757 125 3797 nm
149 3740 256 3813 injuste
294 3743 487 3816 perimuntur.
523 3742 646 3799 Palatini
673 3748 811 3798 autema
864 3744 952 3799 cinut.

70 3829 257 3886 *bernwardo
272 3831 405 3903 episcopo
436 3833 608 3888 salutaribus
637 3831 809 3887 menitisiu·
898 3834 943 3887 26.
961 3831 1018 3886 ilac
1031 3834 1128 3885 antem
1153 3829 1294 3886 seditione
1308 3829 1415 3897 sedata,
1440 3826 1612 3883 uenerabilis
1627 3828 1711 3881 Pater

70 3918 274 3980 ‚confessione
293 3919 498 3976 nichilominus
509 3920 634 3991 purgati,
648 3936 728 3975 sacro
741 3936 812 3991 quo·
865 3918 1050 3974 bernwardus
1077 3919 1114 3973 ad
1137 3922 1267 3973 sanctum
1305 3918 1427 3972 Paulum
1462 3913 1599 3972 orationis
1627 3930 1712 3969 causa

70 4004 152 4062 iatico
189 4005 266 4062 iuter
297 4009 450 4063 missarum
490 4008 661 4080 sollempnia
693 4008 809 4078 muniti,
864 4008 994 4076 accessit;
1016 4012 1173 4080 apertoque
1206 4007 1352 4079 sarcofago
1379 4005 1470 4061 sancti
1496 4002 1649 4069 Timothei,
1674 4001 1709 4057 dc

70 4094 200 4166 regredi
222 4098 251 4149 et
266 4095 363 4151 hostes
389 4096 501 4152 fortiter
523 4097 663 4168 impetere
696 4101 809 4168 parant.
864 4095 1281 4169 quoiullitasauctiSilvestri
1308 4095 1426 4167 legitur,
1451 4098 1560 4149 astante
1592 4090 1709 4146 custode

70 4181 312 4254 trdusepiscopus
334 4183 508 4240 dominicam
539 4185 651 4240 hastam
667 4185 723 4256 (42)
738 4185 808 4240 suh·
824 4220 846 4274 D
864 4202 951 4258 quem
977 4185 1038 4256 ipse
1063 4185 1221 4256 imperatur
1243 4184 1351 4240 ibidem
1372 4188 1516 4255 posuerat,
1539 4181 1574 4236 de
1599 4179 1711 4251 integro

79 4283 196 4340 quoque
219 4275 306 4342 atque
331 4287 430 4327 omues
457 4271 577 4327 vivificae
605 4272 698 4327 crucis
712 4272 808 4327 muni·
866 4273 1013 4330 brachium
1028 4273 1118 4328 sancti
1134 4272 1261 4327 martiris
1275 4273 1401 4328 abstulit.
1427 4271 1571 4327 Presbiter
1597 4284 1712 4341 quoque

70 4356 161 4430 ignat,
177 4357 375 4415 benedictioue
402 4360 515 4431 publica
529 4361 605 4427 data,
619 4377 651 4416 ac
678 4360 812 4416 vitatibus
865 4364 927 4433 ejus
943 4361 996 4434 (45)
1020 4378 1078 4417 uon
1106 4361 1256 4417 minimam
1276 4367 1388 4433 partem
1404 4361 1438 4416 de
1461 4359 1570 4416 eisdem
1583 4356 1713 4430 reliquiis

70 4445 243 4500 scousolaus
257 4449 286 4500 et
309 4447 509 4515 corroborans,
529 4448 648 4519 signifer
671 4449 731 4520 ipse
747 4466 811 4504 cum
866 4450 901 4505 ad
916 4454 1008 4504 castra
1027 4449 1192 4520 asportavit.

73 4531 157 4587 hasta
171 4531 201 4586 in
215 4533 307 4604 prima
326 4534 420 4590 fronte
436 4536 507 4590 aciei
535 4536 633 4607 egredi
652 4542 742 4608 parat.
762 4538 812 4594 So·
900 4542 944 4593 27.
963 4538 1074 4610 Egressi
1094 4538 1190 4609 itaque
1216 4553 1289 4608 papa
1313 4541 1343 4591 et
1375 4536 1533 4608 imperator
1570 4534 1713 4591 dominica

79 4624 177 4675 autern
189 4636 273 4677 mane
298 4623 457 4694 imperator
472 4641 538 4679 cum
559 4625 811 4696 suispostmissa·
866 4627 976 4691 Ecurpe
991 4639 1075 4693 quare
1092 4624 1180 4691 (Febr.
1210 4626 1263 4690 la),
1281 4621 1428 4676 immensis
1453 4621 1578 4676 lacrimis
1607 4621 1713 4677 civium

70 4707 235 4780 tollempuia
266 4711 425 4767 venerabili
464 4713 633 4768 Bernwardo
659 4713 811 4785 episcopo
865 4728 923 4766 non
939 4713 1022 4784 louge
1038 4711 1072 4766 ab
1089 4711 1269 4767 Urbecastra
1294 4715 1415 4780 ponunt.
1440 4711 1566 4765 Damuus
1597 4723 1713 4780 quoqne

70 4796 150 4852 eutis
181 4799 343 4854 caelestibus
374 4817 406 4854 ac
429 4801 534 4855 divinis
563 4800 811 4855 exhortationibus
866 4800 1051 4855 Beruwardus
1069 4800 1231 4871 episcopus,
1251 4799 1312 4868 jam
1336 4798 1446 4869 pridem
1473 4802 1628 4869 autequam
1645 4795 1714 4852 Urbi

70 4886 115 4952 tti,
130 4886 266 4942 adversus
284 4889 381 4943 hostes
403 4895 548 4944 certamen
571 4889 810 4961 instruunt,lipso
866 4889 1034 4944 excederent
1062 4892 1177 4959 accepta
1203 4886 1316 4941 licentia
1343 4888 1378 4942 ad
1411 4885 1535 4957 patriam
1563 4883 1712 4950 redeundi,

70 4989 171 5030 acum
194 4978 293 5030 sancta
315 4976 397 5031 hasta
412 4977 442 5032 in
470 4977 614 5049 principio
642 4976 811 5033 terribiliter
864 4976 1018 5048 premissis
1032 4977 1168 5031 omnibus
1186 4975 1256 5042 suis,
1280 4975 1405 5047 simplici
1427 4978 1540 5029 tantum
1564 4977 1641 5026 reste
1662 4970 1714 5024 im·

70 5067 136 5117 aule
160 5061 227 5134 (43),
260 5064 355 5119 cordis
389 5081 457 5120 vero
484 5065 621 5121 instantia
645 5081 743 5137 pacem
774 5065 810 5120 ab
864 5068 1026 5135 perstarem
1054 5064 1090 5119 ad
1116 5065 1187 5119 duas
1223 5064 1387 5119 mansiones
1411 5061 1577 5127 comitatus,
1613 5059 1715 5131 quinta

70 5166 80 5205 e
107 5151 184 5221 pacis
198 5152 368 5222 suppliciter
385 5153 541 5225 flagitante.
573 5154 652 5209 Unde
680 5153 808 5224 contigit,
863 5153 936 5208 feria
953 5153 1082 5225 ejusdem
1101 5153 1267 5223 septimanae
1286 5152 1377 5220 (Febr.
1401 5153 1447 5218 20)
1469 5150 1505 5205 ab
1524 5165 1559 5205 eo
1579 5147 1714 5202 dimissus

71 5237 174 5292 militis
198 5240 243 5293 sui
260 5239 393 5310 precibus
419 5245 564 5296 exoratam
596 5241 707 5312 pacifici
733 5241 809 5312 regis
863 5246 929 5295 est:
958 5240 1014 5297 dici
1037 5258 1093 5295 uon
1119 5245 1222 5312 potest,
1243 5245 1496 5311 quantomoerore,
1512 5236 1629 5308 qrtautis
1646 5241 1712 5291 utro

71 5394 150 5517 Papa
164 5397 192 5451 st
207 5389 418 5480 [bernoardus.¹
775 5326 888 5382 ΝΟΜ
912 5399 955 5465 dl)
969 5397 1029 5454 scil.
1047 5397 1138 5454 Orbis.

70 5477 105 5588 zi.
121 5464 372 5591 aliialii'l.⁹e'.³²²'
390 5466 506 5540 htudpr.
523 5469 626 5540 hutep.
644 5466 688 5523 lv.
710 5469 745 5523 tl
901 5467 1156 5539 ,lisshangmaras
1170 5481 1247 5538 ipse;
1263 5466 1297 5522 cl.
1311 5481 1335 5520 c.
1352 5464 1387 5521 el
