3894 6120
128 253 181 308 4³5
628 244 832 303 Titaucttatu
855 243 1075 305 sussurrant
1095 241 1392 303 llthDESiiEiilEitS.
1843 240 1893 296 teo

168 380 210 431 57.
228 373 363 430 Cernitur
386 370 592 428 nichilominus
616 371 652 427 ad
667 371 797 426 dextram
813 376 924 442 partam
940 370 1020 425 ssd
1039 368 1164 442 pulchri,
1187 384 1274 440 super
1296 368 1517 438 columpnarum
1540 363 1715 438 conscriptio
1729 361 1797 418 tatis
1814 363 1894 436 toll:

164 521 218 570 ttae
233 516 329 568 tumuli
345 517 415 566 tnasa
428 514 592 564 clauduntur
606 512 728 578 praesulis
739 525 799 562 ossa
1072 511 1138 560 Nam
1152 509 1203 559 tuit
1212 508 1339 559 ecclesia
1354 508 1504 571 condignus
1516 507 1655 571 epiecopus
1669 505 1729 562 ille:

195 579 343 631 Derurraldi
357 580 398 636 ¹⁸⁵,
414 577 474 627 miri
489 575 676 640 magnificique
694 574 750 624 riri.
1104 578 1188 631 Quem
1203 573 1273 621 Deus
1284 570 1441 620 Emmanuel
1455 570 1550 633 diligat
1563 573 1588 619 et
1597 567 1739 640 tlichahel.

165 644 216 702 Oui
230 642 322 706 patriae
337 645 448 690 stemma
457 639 566 689 radians
584 644 614 687 nt
629 650 733 702 gemma
743 649 844 688 serens.
1072 635 1190 684 Tandem
1203 634 1244 682 bia
1260 633 1331 683 senis
1344 632 1451 682 undeno
1467 645 1557 681 meuse
1570 629 1706 681 liniendae.

196 705 325 768 hcceptus
336 702 455 760 Domino,
468 700 631 764 complacuit
645 699 752 764 populo.
1104 697 1176 747 Felix
1191 696 1261 744 hauc
1273 695 1353 746 vitam
1368 699 1454 744 mutat
1464 693 1492 742 iu
1510 692 1665 757 angelicam.

135 853 572 869 ——-=———-·-

870 956 1158 1023 APPENDIX.

379 1131 778 1238 MIRACULA
818 1128 1109 1236 SANCTA
1151 1126 1648 1231 BERNWARDI.

178 1329 200 1382 t.
232 1325 351 1391 ouantis
379 1323 414 1361 ²⁸⁸
444 1328 508 1394 post
536 1323 596 1377 haec
625 1322 829 1377 miraculorum
857 1320 1026 1392 insigniisB
1082 1322 1107 1374 3.
1128 1318 1192 1374 Fuit
1214 1318 1246 1372 iu
1271 1317 1385 1372 civitate
1411 1321 1510 1372 nostra
1532 1316 1752 1388 milesquidam
1770 1317 1900 1374 ministe-

139 1414 331 1468 confessorem
356 1428 441 1467 suarm
469 1410 608 1466 Dominus
635 1409 844 1479 glorificaverit,
870 1413 993 1464 nonest
1048 1408 1125 1462 rialis
1163 1405 1306 1463 habitans.
1342 1406 1429 1478 Cujus
1464 1404 1524 1461 titia
1556 1405 1699 1460 infantula
1735 1406 1901 1478 egritudine

140 1507 244 1558 nostrae
267 1501 416 1573 parvitatis
439 1500 602 1571 explanare.
629 1499 682 1554 Sed
698 1515 733 1554 ne
748 1504 851 1553 crancta
872 1503 992 1569 praeter·
1048 1512 1156 1568 pressa,
1172 1508 1238 1550 cum
1261 1495 1474 1566 desperaretur,
1494 1494 1594 1549 saitem
1613 1495 1755 1565 baptismi
1780 1496 1903 1566 gratiam

142 1591 197 1643 isse
211 1589 371 1650 videamur,
388 1587 527 1660 pauenda
542 1587 673 1657 pluribus
689 1587 874 1658 explicamus.
1049 1584 1176 1656 opperiri
1199 1599 1293 1654 posse,
1310 1588 1392 1654 pater
1413 1582 1515 1637 anxius
1542 1599 1577 1637 ne
1591 1582 1652 1637 sine
1671 1584 1903 1655 regenerationis

177 1682 204 1733 t.
222 1678 321 1733 Puella
348 1677 480 1749 quaedam
505 1676 540 1730 de
565 1676 717 1747 Erpesford
740 1675 872 1745 oriunda,
894 1675 995 1731 Hilde-
1048 1677 1227 1730 sacramento
1250 1672 1393 1745 deperiret
1416 1671 1523 1739 anima,
1546 1687 1665 1727 cursam
1691 1672 1903 1745 imaginemad

143 1766 358 1836 gardnomine,
377 1781 443 1819 cum
459 1765 551 1819 multa
566 1765 766 1834 languentium
782 1764 865 1820 turba
877 1763 996 1819 dirersis
1050 1762 1235 1835 sepulchrum
1258 1762 1334 1817 beati
1356 1761 1519 1817 Bernwardi
1541 1760 1652 1816 deferre
1666 1762 1759 1830 vovit,
1787 1767 1821 1817 ut
1846 1764 1904 1835 ejas

143 1854 354 1926 egritudinibus
379 1857 478 1908 vexata
504 1853 706 1909 llideuesheim
729 1853 854 1920 advenit,
877 1853 996 1908 misera·
1051 1850 1162 1905 meritis
1176 1850 1303 1921 spacium
1320 1849 1471 1905 iniantulae
1495 1849 1529 1904 ad
1545 1848 1680 1920 baptismi
1705 1854 1828 1906 tantum
1844 1867 1904 1924 grs-

145 1943 233 1998 briem
256 1943 286 1997 iu
310 1942 427 1997 modum
443 1947 502 1997 lota
522 1947 677 2010 contracta,
693 1943 733 1997 ita
755 1947 788 1997 ut
802 1942 923 2013 genibus
946 1959 997 2014 pe·
1051 1940 1122 1995 tiam
1136 1938 1331 2009 accipiendam
1346 1937 1525 2009 optineretur
1544 1937 1710 1992 aDomino.
1729 1938 1819 1994 Facto
1835 1943 1905 2004 voto,

145 2031 216 2088 ctori
230 2031 450 2098 inherentibus,
471 2046 559 2085 manu
575 2030 690 2085 dextera
705 2030 864 2098 incurvata,
880 2031 998 2087 cubitali
1052 2028 1117 2083 ilico
1137 2043 1202 2082 cera
1225 2027 1361 2098 effigiata,
1377 2026 1500 2098 nudipes
1512 2027 1548 2081 ad
1568 2027 1718 2081 tumulum
1746 2026 1906 2082 beatissimi

146 2135 283 2177 mensura
302 2119 379 2173 rixa
401 2122 478 2173 terra
500 2119 642 2186 subrecta,
667 2135 696 2174 se
711 2121 838 2191 rependo
861 2122 997 2175 traheret.
1053 2117 1184 2188 praesulis
1197 2115 1281 2180 adiit;
1304 2115 1355 2187 qni
1369 2115 1436 2171 inde
1453 2115 1576 2182 rediens,
1591 2114 1774 2171 infantulum
1790 2132 1825 2170 ex
1841 2116 1906 2170 inte

145 2210 213 2274 Qua
228 2223 280 2279 par
294 2223 342 2261 sex
359 2222 472 2261 menses
487 2211 515 2262 st
530 2223 564 2262 eo
580 2207 705 2279 amplius
719 2208 794 2263 circa
814 2209 875 2264 toca
890 2215 1000 2264 sancto·
1054 2222 1105 2277 gro
1122 2205 1299 2260 convaluisse
1317 2205 1455 2277 repperit.

147 2313 210 2354 rum
235 2295 386 2367 reptando,
413 2296 609 2351 mendicansa
626 2298 683 2351 Deo
708 2297 839 2367 salutem,
863 2298 1000 2369 apopnlo
1089 2296 1116 2350 4.
1133 2295 1269 2359 Quoedam
1285 2294 1371 2349 etiam
1394 2294 1491 2366 puella
1506 2294 1535 2349 in
1550 2294 1612 2349 vico
1629 2295 1782 2349 lianovers
1801 2291 1840 2329 Μ
1854 2295 1904 2367 (ti)

147 2388 262 2458 stipem,
290 2382 448 2453 admonita,
474 2389 506 2440 ut
520 2384 582 2456 ipsa
602 2386 754 2453 referebat,
777 2402 829 2456 per
853 2402 998 2454 somnrrm,
1055 2387 1135 2437 tanto
1157 2383 1338 2438 cruciabatur
1351 2385 1501 2439 oculorum
1527 2383 1635 2451 dolore,
1661 2389 1695 2437 ut
1712 2385 1833 2455 penitus
1847 2383 1903 2439 elici

148 2476 183 2531 ad
206 2472 620 2528 tumnlumbeatiBernwardi
643 2473 782 2544 reptando
804 2473 949 2544 pervenit3
974 2478 1003 2528 et
1056 2470 1173 2526 orbibus
1197 2470 1256 2525 suis
1280 2470 1335 2542 ipsi
1350 2470 1425 2526 oculi
1453 2471 1665 2541 putarenturri
1689 2471 1801 2528 doloris
1839 2473 1901 2527 Pro·

149 2560 329 2635 superposita
357 2560 451 2617 eidem
480 2562 588 2618 tumbm
618 2578 700 2616 cerea
728 2561 834 2633 effigie,
864 2562 1001 2616 continuo
1016 2602 1037 2658 C
1057 2559 1145 2614 missa
1167 2558 1256 2630 igitur
1278 2559 1423 2614 oblatione
1447 2560 1482 2614 ad
1503 2560 1631 2615 tumbam
1656 2560 1902 2632 sanctimoniis,

149 2668 244 2708 coram
261 2650 378 2722 populo,
394 2650 475 2721 quus
489 2651 590 2707 eodem
612 2656 741 2721 tempore
758 2650 914 2705 multitudo
929 2651 1002 2705 torte
1056 2647 1121 2702 ilico
1137 2647 1272 2718 sospitate
1287 2647 1426 2703 redeunte
1440 2648 1605 2719 conquievit
1619 2647 1661 2702 ris
1675 2648 1797 2704 doloris.

149 2741 333 2805 convenerat,
363 2753 517 2795 nervorum
545 2739 722 2794 distensione
750 2738 851 2795 durius
881 2739 1002 2795 cruciari
1092 2739 1116 2791 5.
1148 2736 1241 2791 Simili
1273 2736 1406 2807 passione
1439 2736 1556 2808 quidum
1587 2736 1618 2792 in
1651 2736 1826 2809 Rnueherge
1854 2736 1902 2809 (cst

151 2828 245 2900 coepit.
264 2825 336 2890 Ouid
361 2827 464 2898 plural
481 2828 557 2882 Intra
581 2827 702 2883 biduum
726 2833 820 2882 erecta
835 2831 888 2896 est,
914 2827 954 2882 ita
970 2833 1003 2883 ut
1055 2831 1182 2886 rexatus,
1202 2825 1232 2879 iu
1258 2829 1343 2879 nocte
1365 2824 1562 2880 decollationis
1584 2825 1674 2880 sancti
1696 2826 1837 2881 Johaunis
1855 2827 1904 2881 Ba·

152 2932 210 2971 nnn
238 2920 305 2985 post
331 2915 451 2986 longum
474 2922 589 2986 tempus
613 2931 683 2971 sana
705 2915 822 2970 rediret.
848 2915 937 2970 Testis
961 2918 1004 2969 est
1056 2913 1163 2986 ptistoe,
1187 2930 1252 2968 cum
1274 2914 1335 2986 jam
1351 2914 1468 2984 penitus
1492 2915 1643 2969 oculorum
1665 2914 1791 2970 salutem
1811 2915 1905 2986 despe-

153 3008 213 3059 tota
228 3002 327 3057 civitas
351 3008 459 3071 nostra,
483 3005 539 3071 cni,
556 3003 673 3059 miseria
693 3002 868 3069 notificante,
893 3003 1003 3058 dudum
1057 3006 1144 3070 rarat,
1165 3002 1295 3057 invocato
1321 3003 1450 3074 ejusdem
1480 3002 1535 3057 riri
1565 3003 1685 3071 araxilio,
1716 3003 1747 3058 in
1778 3019 1905 3060 somnum

154 3095 215 3147 arat
229 3088 387 3146 notissima.
1058 3091 1201 3146 resolutus
1225 3095 1277 3146 est.
1302 3092 1385 3146 Facto
1410 3094 1506 3146 autem
1531 3090 1669 3160 diluculo,
1693 3091 1812 3163 penitus
1832 3090 1906 3149 omni

861 3151 980 3240 vaura
1000 3186 1199 3243 incarnare.

156 3283 265 3339 oinium
288 3280 341 3336 riri
359 3280 450 3336 sancti
469 3284 606 3353 regnante
624 3280 731 3335 domno
751 3279 883 3335 Heinrico
902 3281 937 3336 da
959 3282 1148 3350 Barsnberch,
1169 3300 1245 3338 anno
1270 3283 1385 3338 Domini
1410 3286 1475 3339 runa
1497 3283 1668 3339 duodecimo
1689 3285 1836 3341 Kalendas
1853 3286 1907 3342 De·

157 3353 281 3410 cambris
309 3352 345 3407 ad
371 3353 459 3406 altare
488 3351 604 3406 missam
632 3351 827 3405 celebraturus
860 3352 995 3407 accedens
1019 3353 1029 3407 i
1051 3370 1081 3408 se
1112 3354 1290 3410 coloniensis
1322 3355 1482 3427 episcopus,
1507 3359 1707 3437 cantoresque,
1728 3356 1905 3428 preveniens,

158 3425 275 3480 missam
295 3438 347 3492 pro
365 3422 516 3488 defunctis,
536 3421 671 3476 omnihus
691 3421 740 3492 qui
760 3422 881 3477 aderant
901 3423 1027 3548 stupent
1051 3440 1095 3490 us,
1122 3425 1277 3485 inchoarit,
1299 3441 1352 3479 nec
1377 3427 1531 3480 immemor
1556 3426 1724 3497 interpretas
1753 3427 1811 3494 sui,
1836 3426 1907 3483 besti

159 3495 266 3551 scilicet
292 3493 464 3559 bernwardi,
480 3509 546 3548 cum
570 3492 694 3547 venisset
717 3493 752 3547 sd
767 3508 918 3561 canonem,
967 3495 1139 3563 arctissime,
1156 3495 1229 3550 sicut
1252 3496 1433 3565 promiserat,
1458 3497 1629 3552 memoriam
1655 3497 1747 3569 ipsius
1762 3498 1908 3567 egitintar

160 3567 246 3621 viros.
267 3564 322 3620 Sed
350 3564 425 3619 inter
441 3563 572 3618 salutaris
597 3562 710 3618 victime
734 3564 979 3619 consecracionem
1006 3566 1143 3621 transitus
1157 3566 1210 3620 viri
1235 3566 1286 3621 Dei
1300 3566 1436 3621 divinitus
1451 3567 1490 3633 ,ei
1510 3568 1653 3623 revelatus
1667 3573 1731 3634 est;
1747 3571 1826 3624 unde
1846 3584 1906 3625 mox

158 3638 249 3692 eciam
264 3635 295 3690 in
311 3635 481 3690 memoriam
496 3634 699 3690 detunctorum
722 3634 849 3689 nominis
874 3636 935 3706 ejus
961 3636 1141 3692 mencionem
1162 3637 1247 3704 iecit;
1265 3643 1293 3692 et
1314 3638 1413 3692 omnia
1427 3653 1492 3708 quae
1506 3639 1677 3704 acciderant,
1707 3639 1794 3695 linita
1813 3641 1906 3703 missa,

158 3707 292 3764 fidelibus
314 3705 479 3778 publicarit.
504 3704 557 3769 Qui
581 3705 684 3759 coteste
710 3705 880 3760 miraculum
902 3706 1031 3761 curiosus
1050 3708 1222 3778 investigare
1250 3708 1408 3790 cupientes,
1434 3709 1530 3763 missis
1554 3710 1788 3780 exploratoribus
1807 3711 1838 3766 in
1857 3711 1906 3765 ltil-

158 3781 286 3847 demem,
315 3777 471 3832 certissime
486 3781 692 3847 cognoverunt,
709 3776 787 3847 quod
802 3776 902 3831 eadem
931 3778 1012 3844 hora,
1035 3778 1150 3849 quando
1173 3778 1403 3850 archiepiscopus
1428 3779 1551 3834 hostiam
1568 3785 1662 3834 nostre
1685 3781 1790 3836 salutis
1805 3781 1906 3836 immo·

159 3850 237 3916 lavit,
260 3848 356 3903 anima
369 3848 547 3903 sanctissima
571 3847 661 3901 tidelis
676 3851 704 3900 et
722 3847 871 3927 prudentis
892 3847 965 3902 servi
991 3848 1106 3903 Domini
1121 3848 1211 3903 nostri
1226 3850 1292 3903 lesu
1314 3850 1418 3905 Christi
1433 3850 1536 3905 celeste
1561 3851 1696 3921 gaudium
1716 3850 1860 3907 introivit.
1876 3881 1907 3892 -

158 3921 224 3976 Fuit
239 3919 442 3975 nichilominus
457 3919 487 3972 in
515 3918 634 3972 remotis
655 3918 785 3986 partibus
801 3934 817 3971 a
831 3917 955 3986 civitate,
973 3919 1073 3974 Lunda
1088 3921 1138 3987 (a),
1160 3919 1195 3973 ad
1212 3923 1244 3974 12
1270 3920 1393 3975 miliaria
1421 3921 1467 3988 (b),
1483 3921 1586 3992 viginti
1609 3937 1657 3976 sex
1681 3923 1769 3977 annis
1792 3923 1907 4004 qnidam

157 3992 285 4048 inclusus
300 3989 329 4044 in
346 3989 469 4059 quadam
494 3987 563 4042 silva
589 3988 706 4041 devotus
726 3988 886 4057 heremita,
902 3989 1054 4045 Anselmus
1068 3990 1195 4059 nomine,
1223 3991 1272 4060 qui
1289 3992 1386 4047 solitas
1403 3993 1458 4046 Deo
1473 4007 1571 4062 preces
1586 3991 1719 4060 fundens,
1743 3998 1845 4048 statim
1858 3994 1908 4049 init

158 4062 189 4117 in
203 4060 316 4133 spiritu.
332 4059 367 4113 iit
379 4059 451 4114 vidit
466 4059 528 4129 ipsa
543 4058 599 4123 die,
625 4072 682 4137 qua
698 4058 795 4111 anima
807 4058 860 4112 viri
886 4059 935 4113 Dei
950 4059 1067 4114 celestia
1078 4060 1201 4114 claustra
1216 4060 1326 4131 petivit,
1343 4063 1418 4117 celos
1441 4067 1556 4131 apertos
1571 4078 1636 4117 cum
1650 4062 1765 4130 ingenti
1782 4064 1905 4119 lumine:

158 4137 186 4186 et
213 4130 322 4186 audivit
335 4129 411 4183 inter
426 4129 538 4183 dulcem
566 4126 722 4182 melodiam
747 4128 898 4184 beatorum
925 4130 1078 4200 spirituum
1100 4131 1155 4186 hoc
1179 4146 1296 4187 carmen
1314 4133 1351 4188 ab
1380 4131 1490 4202 angelis
1514 4133 1611 4187 iterari
1628 4150 1634 4185 :
1652 4151 1666 4184 a
1682 4134 1704 4189 0
1721 4132 1792 4189 felix
1815 4136 1908 4190 anima

161 4200 331 4266 bernwardi,
350 4199 431 4268 cujus
460 4198 562 4253 merita
587 4197 754 4253 hominibus
779 4199 871 4255 adhuc
886 4206 953 4255 snut
975 4200 1133 4269 incognita,
1159 4202 1217 4256 Deo
1243 4208 1338 4258 autem
1359 4208 1387 4258 et
1402 4202 1483 4257 nobis
1503 4203 1585 4259 ratde
1612 4207 1687 4259 nota.
1714 4207 1806 4261 »Hac
1820 4205 1906 4261 tribua

158 4272 266 4326 vicibus
286 4269 431 4349 continuis
446 4268 492 4323 die
506 4269 540 4349 rte
581 4267 695 4322 sicionis
710 4268 780 4324 vidit
795 4274 823 4324 et
835 4270 952 4325 audivit.
975 4272 1136 4327 Prodictam
1157 4273 1365 4329 revelacionem
1380 4273 1423 4327 vir
1436 4273 1489 4329 Dei
1503 4275 1572 4329 dum
1587 4290 1736 4346 sepseram
1754 4275 1906 4331 devocione

158 4343 326 4408 revolveret,
342 4340 392 4393 uba
408 4346 504 4393 tumen
518 4340 538 4395 rt
550 4339 595 4393 ins
609 4339 736 4393 nominis
756 4339 801 4395 vir
821 4344 880 4396 tam
897 4342 996 4396 beatus
1011 4342 1174 4411 habitasset,
1190 4342 1347 4413 ignoraret,
1367 4360 1431 4398 ecce
1446 4344 1538 4400 astitit
1550 4345 1575 4399 ei
1596 4344 1771 4400 venerabilis
1787 4362 1906 4417 persona

158 4428 275 4538 procera
290 4416 408 4476 stature,
422 4415 541 4464 venusta
556 4409 638 4473 facie,
655 4425 786 4480 respersa
805 4412 894 4482 cauis,
919 4416 948 4467 et
962 4413 1149 4494 operimentis
1172 4414 1384 4483 pontificatibus
1408 4415 1521 4484 restite,
1545 4415 1641 4470 dicens
1655 4415 1681 4469 ei
1698 4431 1705 4470 :
1721 4435 1736 4466 a
1760 4416 1822 4490 Ego
1845 4432 1905 4472 sum

181 4482 344 4537 ernwardns
370 4481 518 4552 episcopus
542 4481 824 4550 Hildeusemmensis,
849 4498 937 4554 quem
951 4487 1027 4538 trina
1049 4483 1158 4538 risione
1181 4483 1211 4538 in
1237 4485 1323 4540 choro
1346 4487 1515 4558 angelorum
1538 4485 1695 4541 collaudari
1714 4487 1834 4543 audisti.
1853 4488 1905 4560 Ego

157 4554 297 4624 templum
312 4553 343 4606 in
358 4551 524 4608 Hildenscm
547 4553 656 4622 angelis
682 4554 836 4618 construxi,
860 4558 889 4609 et
912 4553 1037 4626 Virginis
1061 4554 1164 4610 Filium
1178 4555 1347 4626 patrimonii
1368 4556 1426 4611 mei
1441 4572 1633 4612 successorem
1649 4556 1714 4624 feci,
1738 4558 1905 4630 cunctisque

157 4624 247 4679 seculi
269 4623 463 4695 voluptatibus
485 4623 663 4691 renunciari3
682 4623 812 4679 habitum
835 4625 995 4695 angelicum
1020 4625 1151 4696 suscepi;
1170 4640 1246 4682 nune
1272 4643 1388 4700 quoque
1411 4629 1578 4698 centuplum
1599 4627 1695 4682 omnia
1710 4628 1816 4699 recipi,
1831 4629 1904 4686 scin

158 4697 207 4750 tati
225 4695 328 4766 jubilo,
359 4693 431 4749 sicut
445 4693 550 4761 vidisti,
574 4695 662 4750 vitam
688 4699 815 4749 eternam
841 4695 983 4766 possideo.
1003 4717 1017 4746 a
1036 4697 1084 4752 liis
1106 4696 1160 4751 sibi
1180 4712 1245 4751 cnm
1269 4698 1333 4753 aliis
1347 4698 1519 4769 quibusdam
1540 4699 1678 4764 revelatis,
1703 4715 1771 4754 cnm
1794 4698 1904 4770 ingenti

157 4767 268 4822 lumine
282 4765 433 4836 disparuit,
449 4770 476 4819 et
490 4781 543 4836 pro
558 4765 651 4837 gloria
666 4767 757 4821 sancti
777 4766 830 4819 viri
854 4764 998 4821 solitarius
1021 4782 1077 4838 que
1093 4767 1221 4822 audierat
1246 4769 1396 4824 strideret
1411 4769 1524 4825 tidelius
1544 4769 1689 4824 revelarit.
1714 4769 1793 4826 Obiit
1809 4771 1905 4842 itaque

156 4843 270 4894 sanctus
293 4838 391 4907 presul
406 4852 482 4891 anno
510 4836 625 4891 Domini
653 4836 718 4893 1023
741 4837 894 4892 utdictum
922 4841 974 4902 est,
990 4843 1019 4893 et
1039 4838 1168 4909 sepultus
1194 4837 1330 4910 incripta
1344 4839 1460 4895 ecclesia
1486 4856 1546 4907 sue,
1572 4856 1659 4911 quam
1683 4845 1904 4906 construxerat3

155 4910 241 4965 tatuit
266 4912 361 4963 autem
377 4909 431 4962 sub
454 4912 531 4963 terra
546 4907 629 4962 annis
651 4913 767 4962 centum
787 4911 816 4962 et
837 4907 1020 4980 septuaginta
1043 4908 1166 4963 duobus.
1190 4909 1280 4966 codem
1294 4911 1312 4965 t
1326 4927 1357 4966 en
1370 4912 1442 4965 iuter
1454 4912 1591 4966 miracula
1607 4916 1670 4980 post
1685 4926 1747 4980 cop.
1765 4916 1782 4966 'l
1798 4913 1903 4968 scribit.

156 4977 382 5107 :tsshllcrwardi4
405 4977 441 5015 ²⁸⁰
469 4993 529 5048 quae
552 4982 703 5047 sequuntur
728 4981 758 5034 tu
781 4977 870 5034 codice
897 4981 984 5034 tutio
1006 4994 1099 5048 mnu,
1128 4980 1221 5036 seculi
1246 4984 1335 5036 tumea
1358 4981 1510 5037 duodecimi
1537 4982 1665 5050 ineuntis,
1692 4981 1805 5051 adjecto
1834 4986 1904 5038 saort.

169 5056 180 5088 ⁴
225 5065 351 5106 onorere
385 5090 392 5104 .

190 5218 246 5289 (et)
270 5219 371 5274 Eume
389 5218 512 5271 Benacus
536 5215 659 5282 episcopo
679 5215 810 5270 Duceret
827 5217 1001 5286 compositam
1054 5215 1145 5287 igitur
1173 5218 1276 5272 saecralo
1300 5235 1329 5274 xr
1353 5221 1382 5274 et
1406 5235 1443 5272 xu
1468 5218 1586 5274 ineunte
1609 5217 1702 5272 vicum
1727 5219 1819 5275 tuisse
1843 5219 1908 5276 hinc

154 5305 218 5353 esse,
236 5288 322 5343 trudit
337 5287 472 5341 emnersio
489 5283 663 5338 Tbeatonr'co.
1054 5291 1174 5341 constat.

190 5361 245 5431 (aa)
266 5355 474 5427 Antiquissima
498 5353 618 5410 civitatis
642 5353 742 5425 patriae
767 5355 883 5421 mentio,
913 5372 1000 5428 qnam
1090 5357 1147 5428 (63)
1162 5358 1458 5432 Donnenbergprope
1472 5363 1630 5415 llannorsr.

189 5465 228 5537 (a)
246 5462 365 5518 thnde
379 5461 415 5517 ab
426 5461 536 5517 oriente
547 5463 733 5516 hannoverae.
1091 5464 1123 5533 (ὁ)
1139 5465 1266 5520 Romana
