<?xml version="1.0" encoding="UTF-8"?>
<!DOCTYPE html PUBLIC "-//W3C//DTD XHTML 1.0 Transitional//EN"
    "http://www.w3.org/TR/xhtml1/DTD/xhtml1-transitional.dtd">
<html xmlns="http://www.w3.org/1999/xhtml" xml:lang="en" lang="en">
 <head>
  <title>
</title>
<meta http-equiv="Content-Type" content="text/html;charset=utf-8" />
  <meta name='ocr-system' content='tesseract 3.04.00' />
  <meta name='ocr-capabilities' content='ocr_page ocr_carea ocr_par ocr_line ocrx_word'/>
</head>
<body>
  <div class='ocr_page' id='page_1' title='image "./patrologiaecurs17unkngoog_0338.png"; bbox 0 0 3878 6112; ppageno 0'>
   <div class='ocr_carea' id='block_1_1' title="bbox 86 257 1302 322">
    <p class='ocr_par' dir='ltr' id='par_1_1' title="bbox 86 257 1302 322">
     <span class='ocr_line' id='line_1_1' title="bbox 86 257 1302 322; baseline -0.008 -1"><span class='ocrx_word' id='word_1_1' title='bbox 86 267 139 322; x_wconf 78' lang='lat' dir='ltr'>ste</span> <span class='ocrx_word' id='word_1_2' title='bbox 629 259 831 318; x_wconf 72' lang='lat' dir='ltr'>nonensem</span> <span class='ocrx_word' id='word_1_3' title='bbox 851 258 1117 317; x_wconf 79' lang='lat' dir='ltr'>WOthdClENSIS</span> <span class='ocrx_word' id='word_1_4' title='bbox 1135 257 1302 315; x_wconf 78' lang='lat' dir='ltr'>urlscorl.</span> 
     </span>
    </p>
   </div>
   <div class='ocr_carea' id='block_1_2' title="bbox 86 378 1710 3888">
    <p class='ocr_par' dir='ltr' id='par_1_2' title="bbox 86 378 1710 3888">
     <span class='ocr_line' id='line_1_2' title="bbox 86 378 1710 458; baseline -0.003 -17"><span class='ocrx_word' id='word_1_5' title='bbox 86 383 315 458; x_wconf 79' lang='lat' dir='ltr'>praesumpserit,</span> <span class='ocrx_word' id='word_1_6' title='bbox 330 388 360 438; x_wconf 94' lang='lat' dir='ltr'>et</span> <span class='ocrx_word' id='word_1_7' title='bbox 373 387 482 455; x_wconf 85' lang='lat' dir='ltr'>postea,</span> <span class='ocrx_word' id='word_1_8' title='bbox 504 382 688 453; x_wconf 84' lang='lat' dir='ltr'>abepiscopo</span> <span class='ocrx_word' id='word_1_9' title='bbox 709 398 759 437; x_wconf 90' lang='lat' dir='ltr'>suo</span> <span class='ocrx_word' id='word_1_10' title='bbox 774 389 934 454; x_wconf 87' lang='lat' dir='ltr'>correptus,</span> <span class='ocrx_word' id='word_1_11' title='bbox 950 383 974 437; x_wconf 78' lang='lat' dir='ltr'>d</span> <span class='ocrx_word' id='word_1_12' title='bbox 992 397 1063 452; x_wconf 93' lang='lat' dir='ltr'>pum</span> <span class='ocrx_word' id='word_1_13' title='bbox 1088 380 1237 452; x_wconf 89' lang='lat' dir='ltr'>proprium</span> <span class='ocrx_word' id='word_1_14' title='bbox 1265 383 1293 434; x_wconf 89' lang='lat' dir='ltr'>et</span> <span class='ocrx_word' id='word_1_15' title='bbox 1316 378 1351 434; x_wconf 92' lang='lat' dir='ltr'>sd</span> <span class='ocrx_word' id='word_1_16' title='bbox 1374 379 1522 436; x_wconf 83' lang='lat' dir='ltr'>saecularia</span> <span class='ocrx_word' id='word_1_17' title='bbox 1544 386 1710 451; x_wconf 67' lang='lat' dir='ltr'>percurrat¹</span> 
     </span>
     <span class='ocr_line' id='line_1_3' title="bbox 87 468 1710 544; baseline -0.004 -14"><span class='ocrx_word' id='word_1_18' title='bbox 87 477 117 530; x_wconf 92' lang='lat' dir='ltr'>in</span> <span class='ocrx_word' id='word_1_19' title='bbox 130 482 208 529; x_wconf 87' lang='lat' dir='ltr'>certa</span> <span class='ocrx_word' id='word_1_20' title='bbox 220 472 449 544; x_wconf 80' lang='lat' dir='ltr'>praesumptione</span> <span class='ocrx_word' id='word_1_21' title='bbox 472 470 680 542; x_wconf 81' lang='lat' dir='ltr'>perduraverit,</span> <span class='ocrx_word' id='word_1_22' title='bbox 699 470 745 525; x_wconf 91' lang='lat' dir='ltr'>hic</span> <span class='ocrx_word' id='word_1_23' title='bbox 759 471 935 527; x_wconf 83' lang='lat' dir='ltr'>omnimodis</span> <span class='ocrx_word' id='word_1_24' title='bbox 990 469 1039 524; x_wconf 90' lang='lat' dir='ltr'>sed</span> <span class='ocrx_word' id='word_1_25' title='bbox 1054 470 1134 540; x_wconf 91' lang='lat' dir='ltr'>prius</span> <span class='ocrx_word' id='word_1_26' title='bbox 1150 469 1222 523; x_wconf 90' lang='lat' dir='ltr'>actio</span> <span class='ocrx_word' id='word_1_27' title='bbox 1238 468 1391 523; x_wconf 83' lang='lat' dir='ltr'><strong>ventiletur</strong></span> <span class='ocrx_word' id='word_1_28' title='bbox 1403 468 1481 537; x_wconf 90' lang='lat' dir='ltr'>apud</span> <span class='ocrx_word' id='word_1_29' title='bbox 1495 469 1664 540; x_wconf 86' lang='lat' dir='ltr'>episcopum</span> <span class='ocrx_word' id='word_1_30' title='bbox 1680 484 1710 540; x_wconf 89' lang='lat' dir='ltr'>pr</span> 
     </span>
     <span class='ocr_line' id='line_1_4' title="bbox 88 556 1710 630; baseline -0.004 -12"><span class='ocrx_word' id='word_1_31' title='bbox 88 560 363 629; x_wconf 75' lang='lat' dir='ltr'><strong>excommunicetur,</strong></span> <span class='ocrx_word' id='word_1_32' title='bbox 384 566 413 614; x_wconf 89' lang='lat' dir='ltr'>et</span> <span class='ocrx_word' id='word_1_33' title='bbox 425 559 459 613; x_wconf 95' lang='lat' dir='ltr'>sb</span> <span class='ocrx_word' id='word_1_34' title='bbox 484 558 602 613; x_wconf 89' lang='lat' dir='ltr'>ecclesis</span> <span class='ocrx_word' id='word_1_35' title='bbox 624 559 792 630; x_wconf 86' lang='lat' dir='ltr'>expellatur.</span> <span class='ocrx_word' id='word_1_36' title='bbox 819 561 852 615; x_wconf 85' lang='lat' dir='ltr'>Et</span> <span class='ocrx_word' id='word_1_37' title='bbox 872 560 936 630; x_wconf 90' lang='lat' dir='ltr'>qui·</span> <span class='ocrx_word' id='word_1_38' title='bbox 989 559 1034 613; x_wconf 91' lang='lat' dir='ltr'>vel</span> <span class='ocrx_word' id='word_1_39' title='bbox 1047 562 1122 613; x_wconf 89' lang='lat' dir='ltr'>certe</span> <span class='ocrx_word' id='word_1_40' title='bbox 1135 556 1253 612; x_wconf 90' lang='lat' dir='ltr'>consilio</span> <span class='ocrx_word' id='word_1_41' title='bbox 1274 556 1402 628; x_wconf 84' lang='lat' dir='ltr'>ejusdem</span> <span class='ocrx_word' id='word_1_42' title='bbox 1418 557 1555 629; x_wconf 83' lang='lat' dir='ltr'>episcopi,</span> <span class='ocrx_word' id='word_1_43' title='bbox 1571 557 1648 628; x_wconf 91' lang='lat' dir='ltr'>apud</span> <span class='ocrx_word' id='word_1_44' title='bbox 1664 572 1710 629; x_wconf 85' lang='lat' dir='ltr'>qm</span> 
     </span>
     <span class='ocr_line' id='line_1_5' title="bbox 88 642 1710 722; baseline -0.002 -17"><span class='ocrx_word' id='word_1_45' title='bbox 88 667 201 722; x_wconf 88' lang='lat' dir='ltr'>cunque</span> <span class='ocrx_word' id='word_1_46' title='bbox 221 663 286 702; x_wconf 92' lang='lat' dir='ltr'>cum</span> <span class='ocrx_word' id='word_1_47' title='bbox 311 663 345 701; x_wconf 90' lang='lat' dir='ltr'>eo</span> <span class='ocrx_word' id='word_1_48' title='bbox 369 645 635 714; x_wconf 88' lang='lat' dir='ltr'>communicaverit,</span> <span class='ocrx_word' id='word_1_49' title='bbox 658 647 791 702; x_wconf 91' lang='lat' dir='ltr'>similiter</span> <span class='ocrx_word' id='word_1_50' title='bbox 813 664 843 702; x_wconf 88' lang='lat' dir='ltr'>ss</span> <span class='ocrx_word' id='word_1_51' title='bbox 868 648 938 701; x_wconf 90' lang='lat' dir='ltr'>sciat</span> <span class='ocrx_word' id='word_1_52' title='bbox 991 661 1047 717; x_wconf 89' lang='lat' dir='ltr'>que</span> <span class='ocrx_word' id='word_1_53' title='bbox 1061 651 1157 718; x_wconf 87' lang='lat' dir='ltr'>partes</span> <span class='ocrx_word' id='word_1_54' title='bbox 1175 642 1262 717; x_wconf 82' lang='lat' dir='ltr'>[cum]</span> <span class='ocrx_word' id='word_1_55' title='bbox 1281 645 1426 699; x_wconf 90' lang='lat' dir='ltr'>voluerint</span> <span class='ocrx_word' id='word_1_56' title='bbox 1438 644 1579 715; x_wconf 87' lang='lat' dir='ltr'>judicium</span> <span class='ocrx_word' id='word_1_57' title='bbox 1595 645 1710 701; x_wconf 87' lang='lat' dir='ltr'>contine</span> 
     </span>
     <span class='ocr_line' id='line_1_6' title="bbox 89 733 1710 806; baseline -0.002 -12"><span class='ocrx_word' id='word_1_58' title='bbox 89 755 149 794; x_wconf 90' lang='lat' dir='ltr'>esse</span> <span class='ocrx_word' id='word_1_59' title='bbox 173 735 462 792; x_wconf 85' lang='lat' dir='ltr'>excommunicatum.</span> <span class='ocrx_word' id='word_1_60' title='bbox 486 733 624 789; x_wconf 76' lang='lat' dir='ltr'>Similiter</span> <span class='ocrx_word' id='word_1_61' title='bbox 648 734 684 789; x_wconf 91' lang='lat' dir='ltr'>de</span> <span class='ocrx_word' id='word_1_62' title='bbox 703 734 824 803; x_wconf 84' lang='lat' dir='ltr'>clericis,</span> <span class='ocrx_word' id='word_1_63' title='bbox 846 735 935 799; x_wconf 87' lang='lat' dir='ltr'>laicis,</span> <span class='ocrx_word' id='word_1_64' title='bbox 991 735 1056 806; x_wconf 91' lang='lat' dir='ltr'>quis</span> <span class='ocrx_word' id='word_1_65' title='bbox 1080 739 1175 790; x_wconf 91' lang='lat' dir='ltr'>sutem</span> <span class='ocrx_word' id='word_1_66' title='bbox 1190 740 1297 805; x_wconf 80' lang='lat' dir='ltr'>praeter</span> <span class='ocrx_word' id='word_1_67' title='bbox 1316 735 1378 790; x_wconf 77' lang='lat' dir='ltr'>haec</span> <span class='ocrx_word' id='word_1_68' title='bbox 1393 733 1502 802; x_wconf 87' lang='lat' dir='ltr'>fecerit,</span> <span class='ocrx_word' id='word_1_69' title='bbox 1519 735 1665 790; x_wconf 88' lang='lat' dir='ltr'>canonicis</span> <span class='ocrx_word' id='word_1_70' title='bbox 1686 750 1710 792; x_wconf 84' lang='lat' dir='ltr'>cr</span> 
     </span>
     <span class='ocr_line' id='line_1_7' title="bbox 88 821 1255 893; baseline -0.004 -11"><span class='ocrx_word' id='word_1_71' title='bbox 88 828 132 882; x_wconf 91' lang='lat' dir='ltr'>vel</span> <span class='ocrx_word' id='word_1_72' title='bbox 157 825 272 880; x_wconf 92' lang='lat' dir='ltr'>feminis</span> <span class='ocrx_word' id='word_1_73' title='bbox 286 822 541 878; x_wconf 81' lang='lat' dir='ltr'>excommunicatis</span> <span class='ocrx_word' id='word_1_74' title='bbox 557 823 768 878; x_wconf 89' lang='lat' dir='ltr'>observandum</span> <span class='ocrx_word' id='word_1_75' title='bbox 783 827 835 878; x_wconf 89' lang='lat' dir='ltr'>est.</span> <span class='ocrx_word' id='word_1_76' title='bbox 857 823 938 889; x_wconf 82' lang='lat' dir='ltr'>Quod</span> <span class='ocrx_word' id='word_1_77' title='bbox 991 823 1077 877; x_wconf 89' lang='lat' dir='ltr'>nibus</span> <span class='ocrx_word' id='word_1_78' title='bbox 1089 821 1255 893; x_wconf 86' lang='lat' dir='ltr'>subjacebit.</span> 
     </span>
     <span class='ocr_line' id='line_1_8' title="bbox 90 911 1710 998; baseline 0.008 -27"><span class='ocrx_word' id='word_1_79' title='bbox 90 916 113 971; x_wconf 91' lang='lat' dir='ltr'>si</span> <span class='ocrx_word' id='word_1_80' title='bbox 128 913 231 984; x_wconf 87' lang='lat' dir='ltr'>aliquis</span> <span class='ocrx_word' id='word_1_81' title='bbox 245 912 300 966; x_wconf 91' lang='lat' dir='ltr'>ists</span> <span class='ocrx_word' id='word_1_82' title='bbox 314 911 411 967; x_wconf 90' lang='lat' dir='ltr'>omnia</span> <span class='ocrx_word' id='word_1_83' title='bbox 421 912 634 982; x_wconf 88' lang='lat' dir='ltr'>contempserit,</span> <span class='ocrx_word' id='word_1_84' title='bbox 646 915 674 965; x_wconf 94' lang='lat' dir='ltr'>et</span> <span class='ocrx_word' id='word_1_85' title='bbox 684 911 836 984; x_wconf 89' lang='lat' dir='ltr'>episcopus</span> <span class='ocrx_word' id='word_1_86' title='bbox 844 928 939 967; x_wconf 90' lang='lat' dir='ltr'>emen·</span> <span class='ocrx_word' id='word_1_87' title='bbox 992 929 1056 984; x_wconf 56' lang='lat' dir='ltr'>epp,</span> <span class='ocrx_word' id='word_1_88' title='bbox 1079 928 1232 984; x_wconf 63' lang='lat' dir='ltr'>chxxlv,</span> <span class='ocrx_word' id='word_1_89' title='bbox 1246 956 1281 968; x_wconf 85' lang='lat'><em>-</em></span> <span class='ocrx_word' id='word_1_90' title='bbox 1300 928 1342 982; x_wconf 79' lang='lat' dir='ltr'>De</span> <span class='ocrx_word' id='word_1_91' title='bbox 1362 927 1528 997; x_wconf 76' lang='lat' dir='ltr'>presbyteris</span> <span class='ocrx_word' id='word_1_92' title='bbox 1549 932 1599 998; x_wconf 76' lang='lat' dir='ltr'>qui</span> <span class='ocrx_word' id='word_1_93' title='bbox 1618 945 1637 984; x_wconf 84' lang='lat' dir='ltr'>a</span> <span class='ocrx_word' id='word_1_94' title='bbox 1659 929 1710 998; x_wconf 84' lang='lat' dir='ltr'>piel</span> 
     </span>
     <span class='ocr_line' id='line_1_9' title="bbox 91 998 1710 1072; baseline -0.002 -12"><span class='ocrx_word' id='word_1_95' title='bbox 91 1005 158 1060; x_wconf 91' lang='lat' dir='ltr'>dare</span> <span class='ocrx_word' id='word_1_96' title='bbox 183 1000 308 1072; x_wconf 88' lang='lat' dir='ltr'>potuerit</span> <span class='ocrx_word' id='word_1_97' title='bbox 332 999 462 1065; x_wconf 88' lang='lat' dir='ltr'>minime,</span> <span class='ocrx_word' id='word_1_98' title='bbox 490 998 566 1069; x_wconf 90' lang='lat' dir='ltr'>regis</span> <span class='ocrx_word' id='word_1_99' title='bbox 592 999 704 1070; x_wconf 81' lang='lat' dir='ltr'>J&#39;udicio</span> <span class='ocrx_word' id='word_1_100' title='bbox 733 1000 832 1056; x_wconf 86' lang='lat' dir='ltr'>exsilio</span> <span class='ocrx_word' id='word_1_101' title='bbox 855 1002 938 1056; x_wconf 90' lang='lat' dir='ltr'>dam·</span> <span class='ocrx_word' id='word_1_102' title='bbox 1110 999 1299 1066; x_wconf 72' lang='lat' dir='ltr'>(amabuntur,</span> <span class='ocrx_word' id='word_1_103' title='bbox 1321 998 1452 1067; x_wconf 79' lang='lat' dir='ltr'>quomodo</span> <span class='ocrx_word' id='word_1_104' title='bbox 1463 1001 1582 1069; x_wconf 75' lang='lat' dir='ltr'>purgari</span> <span class='ocrx_word' id='word_1_105' title='bbox 1596 999 1710 1056; x_wconf 82' lang='lat' dir='ltr'>dcbeorrt</span> 
     </span>
     <span class='ocr_line' id='line_1_10' title="bbox 91 1085 1698 1160; baseline -0.001 -16"><span class='ocrx_word' id='word_1_106' title='bbox 91 1096 185 1145; x_wconf 88' lang='lat' dir='ltr'>netur.</span> <span class='ocrx_word' id='word_1_107' title='bbox 1028 1090 1084 1156; x_wconf 73' lang='lat' dir='ltr'>(Ec</span> <span class='ocrx_word' id='word_1_108' title='bbox 1106 1088 1200 1142; x_wconf 83' lang='lat' dir='ltr'>concil.</span> <span class='ocrx_word' id='word_1_109' title='bbox 1226 1087 1394 1152; x_wconf 83' lang='lat' dir='ltr'>Hilerdensi,</span> <span class='ocrx_word' id='word_1_110' title='bbox 1417 1103 1477 1157; x_wconf 85' lang='lat' dir='ltr'>cap.</span> <span class='ocrx_word' id='word_1_111' title='bbox 1500 1085 1556 1157; x_wconf 74' lang='lat'><strong>10.)</strong></span> <span class='ocrx_word' id='word_1_112' title='bbox 1581 1087 1698 1160; x_wconf 89' lang='lat' dir='ltr'>Siquis</span> 
     </span>
     <span class='ocr_line' id='line_1_11' title="bbox 90 1175 1710 1262; baseline -0.012 -11"><span class='ocrx_word' id='word_1_113' title='bbox 90 1198 154 1253; x_wconf 80' lang='lat' dir='ltr'>Car.</span> <span class='ocrx_word' id='word_1_114' title='bbox 181 1193 300 1249; x_wconf 80' lang='lat' dir='ltr'><strong>CLXXX.</strong></span> <span class='ocrx_word' id='word_1_115' title='bbox 329 1221 363 1230; x_wconf 97' lang='lat'>—</span> <span class='ocrx_word' id='word_1_116' title='bbox 387 1193 425 1245; x_wconf 82' lang='lat' dir='ltr'>ne</span> <span class='ocrx_word' id='word_1_117' title='bbox 437 1191 596 1262; x_wconf 82' lang='lat' dir='ltr'>presbytero</span> <span class='ocrx_word' id='word_1_118' title='bbox 618 1193 660 1246; x_wconf 80' lang='lat' dir='ltr'>uel</span> <span class='ocrx_word' id='word_1_119' title='bbox 674 1192 788 1247; x_wconf 68' lang='lat' dir='ltr'>diacono</span> <span class='ocrx_word' id='word_1_120' title='bbox 809 1192 939 1248; x_wconf 58' lang='lat' dir='ltr'>domnam</span> <span class='ocrx_word' id='word_1_121' title='bbox 992 1180 1067 1230; x_wconf 84' lang='lat' dir='ltr'>tera</span> <span class='ocrx_word' id='word_1_122' title='bbox 1085 1176 1168 1247; x_wconf 80' lang='lat' dir='ltr'>plebe</span> <span class='ocrx_word' id='word_1_123' title='bbox 1190 1175 1246 1230; x_wconf 91' lang='lat' dir='ltr'>sibi</span> <span class='ocrx_word' id='word_1_124' title='bbox 1261 1175 1413 1230; x_wconf 89' lang='lat' dir='ltr'>commissa</span> <span class='ocrx_word' id='word_1_125' title='bbox 1427 1176 1503 1230; x_wconf 92' lang='lat' dir='ltr'>mala</span> <span class='ocrx_word' id='word_1_126' title='bbox 1526 1176 1665 1246; x_wconf 89' lang='lat' dir='ltr'>opinione</span> <span class='ocrx_word' id='word_1_127' title='bbox 1685 1175 1710 1232; x_wconf 84' lang='lat' dir='ltr'>ir</span> 
     </span>
     <span class='ocr_line' id='line_1_12' title="bbox 189 1259 1710 1336; baseline 0.001 -18"><span class='ocrx_word' id='word_1_128' title='bbox 189 1267 238 1333; x_wconf 81' lang='lat' dir='ltr'>qui</span> <span class='ocrx_word' id='word_1_129' title='bbox 252 1266 425 1332; x_wconf 77' lang='lat' dir='ltr'>imperatoris</span> <span class='ocrx_word' id='word_1_130' title='bbox 441 1262 553 1316; x_wconf 68' lang='lat' dir='ltr'>ambus</span> <span class='ocrx_word' id='word_1_131' title='bbox 568 1263 694 1318; x_wconf 85' lang='lat' dir='ltr'>molestus</span> <span class='ocrx_word' id='word_1_132' title='bbox 707 1259 837 1318; x_wconf 65' lang='lat' dir='ltr'>estiterit.</span> <span class='ocrx_word' id='word_1_133' title='bbox 991 1263 1088 1331; x_wconf 88' lang='lat' dir='ltr'>fuerit,</span> <span class='ocrx_word' id='word_1_134' title='bbox 1105 1268 1134 1319; x_wconf 89' lang='lat' dir='ltr'>et</span> <span class='ocrx_word' id='word_1_135' title='bbox 1147 1264 1298 1336; x_wconf 88' lang='lat' dir='ltr'>episcopus</span> <span class='ocrx_word' id='word_1_136' title='bbox 1318 1263 1454 1335; x_wconf 76' lang='lat' dir='ltr'>legitimis</span> <span class='ocrx_word' id='word_1_137' title='bbox 1470 1264 1592 1319; x_wconf 87' lang='lat' dir='ltr'>testibus</span> <span class='ocrx_word' id='word_1_138' title='bbox 1607 1264 1710 1336; x_wconf 89' lang='lat' dir='ltr'>approl</span> 
     </span>
     <span class='ocr_line' id='line_1_13' title="bbox 127 1350 1710 1423; baseline 0 -15"><span class='ocrx_word' id='word_1_139' title='bbox 127 1354 181 1423; x_wconf 82' lang='lat' dir='ltr'>(Ec</span> <span class='ocrx_word' id='word_1_140' title='bbox 206 1352 299 1407; x_wconf 80' lang='lat' dir='ltr'>concil.</span> <span class='ocrx_word' id='word_1_141' title='bbox 314 1350 457 1416; x_wconf 65' lang='lat' dir='ltr'>staticula,</span> <span class='ocrx_word' id='word_1_142' title='bbox 474 1365 534 1419; x_wconf 83' lang='lat' dir='ltr'>esp.</span> <span class='ocrx_word' id='word_1_143' title='bbox 564 1350 665 1420; x_wconf 76' lang='grc' dir='ltr'>12.)δί</span> <span class='ocrx_word' id='word_1_144' title='bbox 692 1350 757 1422; x_wconf 92' lang='lat' dir='ltr'>quis</span> <span class='ocrx_word' id='word_1_145' title='bbox 780 1368 797 1406; x_wconf 91' lang='lat' dir='ltr'>a</span> <span class='ocrx_word' id='word_1_146' title='bbox 822 1351 939 1423; x_wconf 90' lang='lat' dir='ltr'>proprio</span> <span class='ocrx_word' id='word_1_147' title='bbox 992 1350 1128 1422; x_wconf 88' lang='lat' dir='ltr'>potuerit,</span> <span class='ocrx_word' id='word_1_148' title='bbox 1153 1353 1345 1422; x_wconf 88' lang='lat' dir='ltr'>suspendatur</span> <span class='ocrx_word' id='word_1_149' title='bbox 1368 1351 1403 1405; x_wconf 93' lang='lat' dir='ltr'>ab</span> <span class='ocrx_word' id='word_1_150' title='bbox 1418 1351 1513 1405; x_wconf 86' lang='lat' dir='ltr'>cilicio</span> <span class='ocrx_word' id='word_1_151' title='bbox 1527 1352 1679 1423; x_wconf 84' lang='lat' dir='ltr'>presbyter</span> <span class='ocrx_word' id='word_1_152' title='bbox 1699 1369 1710 1408; x_wconf 88' lang='grc' dir='ltr'><strong>ι</strong></span> 
     </span>
     <span class='ocr_line' id='line_1_14' title="bbox 92 1437 1710 1513; baseline -0.002 -16"><span class='ocrx_word' id='word_1_153' title='bbox 92 1443 226 1513; x_wconf 87' lang='lat' dir='ltr'>episcopo</span> <span class='ocrx_word' id='word_1_154' title='bbox 242 1437 391 1509; x_wconf 80' lang='lat' dir='ltr'>presbyter</span> <span class='ocrx_word' id='word_1_155' title='bbox 413 1442 461 1492; x_wconf 90' lang='lat' dir='ltr'>sut</span> <span class='ocrx_word' id='word_1_156' title='bbox 476 1438 624 1504; x_wconf 88' lang='lat' dir='ltr'>diaconus,</span> <span class='ocrx_word' id='word_1_157' title='bbox 651 1440 855 1510; x_wconf 89' lang='lat' dir='ltr'>sutasynodo</span> <span class='ocrx_word' id='word_1_158' title='bbox 880 1440 940 1494; x_wconf 85' lang='lat' dir='ltr'>fue·</span> <span class='ocrx_word' id='word_1_159' title='bbox 992 1440 1110 1510; x_wconf 90' lang='lat' dir='ltr'>diguam</span> <span class='ocrx_word' id='word_1_160' title='bbox 1135 1439 1366 1505; x_wconf 77' lang='lat' dir='ltr'>satisfactionem,</span> <span class='ocrx_word' id='word_1_161' title='bbox 1393 1455 1429 1493; x_wconf 93' lang='lat' dir='ltr'>ue</span> <span class='ocrx_word' id='word_1_162' title='bbox 1455 1441 1579 1511; x_wconf 83' lang='lat' dir='ltr'>populus</span> <span class='ocrx_word' id='word_1_163' title='bbox 1602 1440 1710 1494; x_wconf 83' lang='lat' dir='ltr'>tideliul</span> 
     </span>
     <span class='ocr_line' id='line_1_15' title="bbox 92 1526 1710 1600; baseline -0.001 -16"><span class='ocrx_word' id='word_1_164' title='bbox 92 1533 130 1584; x_wconf 89' lang='lat' dir='ltr'>rit</span> <span class='ocrx_word' id='word_1_165' title='bbox 144 1528 295 1600; x_wconf 88' lang='lat' dir='ltr'>episcopus</span> <span class='ocrx_word' id='word_1_166' title='bbox 309 1526 383 1580; x_wconf 89' lang='lat' dir='ltr'>forte</span> <span class='ocrx_word' id='word_1_167' title='bbox 402 1526 563 1590; x_wconf 88' lang='lat' dir='ltr'>damnatus,</span> <span class='ocrx_word' id='word_1_168' title='bbox 580 1531 608 1581; x_wconf 89' lang='lat' dir='ltr'>et</span> <span class='ocrx_word' id='word_1_169' title='bbox 623 1527 806 1598; x_wconf 88' lang='lat' dir='ltr'>imperatoris</span> <span class='ocrx_word' id='word_1_170' title='bbox 822 1529 939 1582; x_wconf 91' lang='lat' dir='ltr'>auribus</span> <span class='ocrx_word' id='word_1_171' title='bbox 993 1527 1159 1583; x_wconf 87' lang='lat' dir='ltr'>scandalum</span> <span class='ocrx_word' id='word_1_172' title='bbox 1185 1529 1320 1598; x_wconf 90' lang='lat' dir='ltr'>patiatur.</span> <span class='ocrx_word' id='word_1_173' title='bbox 1346 1527 1438 1597; x_wconf 81' lang='lat' dir='ltr'>Digna</span> <span class='ocrx_word' id='word_1_174' title='bbox 1462 1528 1540 1582; x_wconf 87' lang='lat' dir='ltr'>eninr</span> <span class='ocrx_word' id='word_1_175' title='bbox 1564 1527 1710 1582; x_wconf 76' lang='lat' dir='ltr'>satisfactis</span> 
     </span>
     <span class='ocr_line' id='line_1_16' title="bbox 93 1612 1710 1708; baseline -0.001 -37"><span class='ocrx_word' id='word_1_176' title='bbox 93 1618 230 1671; x_wconf 85' lang='lat' dir='ltr'>molestus</span> <span class='ocrx_word' id='word_1_177' title='bbox 254 1613 403 1680; x_wconf 86' lang='lat' dir='ltr'>exstiterit,</span> <span class='ocrx_word' id='word_1_178' title='bbox 429 1617 542 1684; x_wconf 87' lang='lat' dir='ltr'>oportet</span> <span class='ocrx_word' id='word_1_179' title='bbox 555 1614 590 1667; x_wconf 93' lang='lat' dir='ltr'>ad</span> <span class='ocrx_word' id='word_1_180' title='bbox 613 1629 715 1668; x_wconf 90' lang='lat' dir='ltr'>manus</span> <span class='ocrx_word' id='word_1_181' title='bbox 739 1614 938 1686; x_wconf 88' lang='lat' dir='ltr'>episcopcrum</span> <span class='ocrx_word' id='word_1_182' title='bbox 959 1613 1062 1708; x_wconf 84' lang='lat' dir='ltr'>Beiss</span> <span class='ocrx_word' id='word_1_183' title='bbox 1079 1612 1183 1683; x_wconf 88' lang='lat' dir='ltr'>quibus</span> <span class='ocrx_word' id='word_1_184' title='bbox 1205 1627 1271 1665; x_wconf 92' lang='lat' dir='ltr'>reus</span> <span class='ocrx_word' id='word_1_185' title='bbox 1292 1613 1427 1679; x_wconf 87' lang='lat' dir='ltr'>ereditur,</span> <span class='ocrx_word' id='word_1_186' title='bbox 1451 1619 1514 1684; x_wconf 85' lang='lat' dir='ltr'>post</span> <span class='ocrx_word' id='word_1_187' title='bbox 1529 1621 1637 1669; x_wconf 85' lang='lat' dir='ltr'>restam</span> <span class='ocrx_word' id='word_1_188' title='bbox 1660 1630 1710 1670; x_wconf 83' lang='lat' dir='ltr'>ses</span> 
     </span>
     <span class='ocr_line' id='line_1_17' title="bbox 93 1699 1710 1774; baseline -0.001 -14"><span class='ocrx_word' id='word_1_189' title='bbox 93 1704 219 1760; x_wconf 88' lang='lat' dir='ltr'>converti</span> <span class='ocrx_word' id='word_1_190' title='bbox 241 1702 404 1769; x_wconf 90' lang='lat' dir='ltr'>concilium,</span> <span class='ocrx_word' id='word_1_191' title='bbox 430 1707 458 1756; x_wconf 91' lang='lat' dir='ltr'>et</span> <span class='ocrx_word' id='word_1_192' title='bbox 473 1717 538 1773; x_wconf 90' lang='lat' dir='ltr'>quse</span> <span class='ocrx_word' id='word_1_193' title='bbox 552 1703 716 1770; x_wconf 87' lang='lat' dir='ltr'>putaverint</span> <span class='ocrx_word' id='word_1_194' title='bbox 730 1702 835 1758; x_wconf 89' lang='lat' dir='ltr'>habere</span> <span class='ocrx_word' id='word_1_195' title='bbox 852 1704 938 1774; x_wconf 82' lang='lat' dir='ltr'>justa,</span> <span class='ocrx_word' id='word_1_196' title='bbox 995 1701 1030 1754; x_wconf 88' lang='lat' dir='ltr'>de</span> <span class='ocrx_word' id='word_1_197' title='bbox 1056 1700 1192 1769; x_wconf 90' lang='lat' dir='ltr'>imposito</span> <span class='ocrx_word' id='word_1_198' title='bbox 1219 1699 1349 1767; x_wconf 92' lang='lat' dir='ltr'>crimine,</span> <span class='ocrx_word' id='word_1_199' title='bbox 1379 1702 1517 1756; x_wconf 91' lang='lat' dir='ltr'>innocens</span> <span class='ocrx_word' id='word_1_200' title='bbox 1541 1719 1603 1758; x_wconf 89' lang='lat' dir='ltr'>esse</span> <span class='ocrx_word' id='word_1_201' title='bbox 1633 1703 1710 1759; x_wconf 87' lang='lat' dir='ltr'>mani</span> 
     </span>
     <span class='ocr_line' id='line_1_18' title="bbox 93 1786 1705 1865; baseline -0.001 -17"><span class='ocrx_word' id='word_1_202' title='bbox 93 1792 227 1865; x_wconf 86' lang='lat' dir='ltr'>plurimis</span> <span class='ocrx_word' id='word_1_203' title='bbox 242 1789 385 1861; x_wconf 89' lang='lat' dir='ltr'>episcopis</span> <span class='ocrx_word' id='word_1_204' title='bbox 399 1795 564 1860; x_wconf 79' lang='lat' dir='ltr'>suggerant,</span> <span class='ocrx_word' id='word_1_205' title='bbox 580 1806 737 1861; x_wconf 90' lang='lat' dir='ltr'>eorumque</span> <span class='ocrx_word' id='word_1_206' title='bbox 753 1790 941 1847; x_wconf 86' lang='lat' dir='ltr'>discussiones</span> <span class='ocrx_word' id='word_1_207' title='bbox 994 1788 1076 1852; x_wconf 80' lang='lat' dir='ltr'>Quod</span> <span class='ocrx_word' id='word_1_208' title='bbox 1090 1787 1130 1841; x_wconf 90' lang='lat' dir='ltr'>ita</span> <span class='ocrx_word' id='word_1_209' title='bbox 1144 1786 1227 1841; x_wconf 91' lang='lat' dir='ltr'>nobis</span> <span class='ocrx_word' id='word_1_210' title='bbox 1239 1805 1255 1841; x_wconf 91' lang='lat' dir='ltr'>a</span> <span class='ocrx_word' id='word_1_211' title='bbox 1269 1789 1426 1857; x_wconf 90' lang='lat' dir='ltr'>majoribus</span> <span class='ocrx_word' id='word_1_212' title='bbox 1436 1792 1624 1845; x_wconf 88' lang='lat' dir='ltr'>coustitutum</span> <span class='ocrx_word' id='word_1_213' title='bbox 1640 1807 1705 1847; x_wconf 82' lang='lat' dir='ltr'>esse</span> 
     </span>
     <span class='ocr_line' id='line_1_19' title="bbox 95 1875 1710 1952; baseline -0.002 -15"><span class='ocrx_word' id='word_1_214' title='bbox 95 1879 245 1952; x_wconf 81' lang='lat' dir='ltr'>sejudicio</span> <span class='ocrx_word' id='word_1_215' title='bbox 266 1878 478 1949; x_wconf 71' lang='lat' dir='ltr'>prestolentur.</span> <span class='ocrx_word' id='word_1_216' title='bbox 495 1876 680 1932; x_wconf 87' lang='lat' dir='ltr'>Sivsrohaee</span> <span class='ocrx_word' id='word_1_217' title='bbox 702 1879 941 1950; x_wconf 86' lang='lat' dir='ltr'>parvipendentes</span> <span class='ocrx_word' id='word_1_218' title='bbox 996 1875 1051 1930; x_wconf 88' lang='lat' dir='ltr'>Sed</span> <span class='ocrx_word' id='word_1_219' title='bbox 1081 1876 1139 1929; x_wconf 90' lang='lat' dir='ltr'>sive</span> <span class='ocrx_word' id='word_1_220' title='bbox 1172 1877 1330 1931; x_wconf 89' lang='lat' dir='ltr'>secundum</span> <span class='ocrx_word' id='word_1_221' title='bbox 1363 1894 1495 1946; x_wconf 86' lang='lat' dir='ltr'>canones,</span> <span class='ocrx_word' id='word_1_222' title='bbox 1533 1880 1591 1934; x_wconf 88' lang='lat' dir='ltr'>sive</span> <span class='ocrx_word' id='word_1_223' title='bbox 1624 1879 1661 1935; x_wconf 93' lang='lat' dir='ltr'>ad</span> <span class='ocrx_word' id='word_1_224' title='bbox 1695 1896 1710 1934; x_wconf 89' lang='lat' dir='ltr'>a</span> 
     </span>
     <span class='ocr_line' id='line_1_20' title="bbox 96 1963 1710 2040; baseline 0.001 -17"><span class='ocrx_word' id='word_1_225' title='bbox 96 1967 209 2023; x_wconf 91' lang='lat' dir='ltr'>molesti</span> <span class='ocrx_word' id='word_1_226' title='bbox 231 1964 339 2019; x_wconf 90' lang='lat' dir='ltr'>fuerint</span> <span class='ocrx_word' id='word_1_227' title='bbox 360 1964 539 2034; x_wconf 89' lang='lat' dir='ltr'>imperatori,</span> <span class='ocrx_word' id='word_1_228' title='bbox 561 1965 616 2019; x_wconf 88' lang='lat' dir='ltr'>hoc</span> <span class='ocrx_word' id='word_1_229' title='bbox 639 1965 719 2019; x_wconf 89' lang='lat' dir='ltr'>nulls</span> <span class='ocrx_word' id='word_1_230' title='bbox 742 1967 825 2021; x_wconf 87' lang='lat' dir='ltr'>venia</span> <span class='ocrx_word' id='word_1_231' title='bbox 839 1967 941 2038; x_wconf 89' lang='lat' dir='ltr'>dignos</span> <span class='ocrx_word' id='word_1_232' title='bbox 996 1963 1123 2036; x_wconf 88' lang='lat' dir='ltr'>episcopi</span> <span class='ocrx_word' id='word_1_233' title='bbox 1138 1963 1193 2018; x_wconf 91' lang='lat' dir='ltr'>sibi</span> <span class='ocrx_word' id='word_1_234' title='bbox 1207 1965 1329 2036; x_wconf 87' lang='lat' dir='ltr'>collegas</span> <span class='ocrx_word' id='word_1_235' title='bbox 1344 1967 1390 2020; x_wconf 92' lang='lat' dir='ltr'>Vll</span> <span class='ocrx_word' id='word_1_236' title='bbox 1403 1968 1570 2038; x_wconf 86' lang='lat' dir='ltr'>conjungat,</span> <span class='ocrx_word' id='word_1_237' title='bbox 1586 1975 1616 2022; x_wconf 89' lang='lat' dir='ltr'>et</span> <span class='ocrx_word' id='word_1_238' title='bbox 1627 1969 1710 2040; x_wconf 84' lang='lat' dir='ltr'>juret</span> 
     </span>
     <span class='ocr_line' id='line_1_21' title="bbox 96 2052 1710 2125; baseline 0.001 -15"><span class='ocrx_word' id='word_1_239' title='bbox 96 2071 167 2122; x_wconf 89' lang='lat' dir='ltr'>esse,</span> <span class='ocrx_word' id='word_1_240' title='bbox 185 2070 237 2108; x_wconf 90' lang='lat' dir='ltr'>nec</span> <span class='ocrx_word' id='word_1_241' title='bbox 251 2053 346 2108; x_wconf 91' lang='lat' dir='ltr'>locum</span> <span class='ocrx_word' id='word_1_242' title='bbox 370 2053 571 2107; x_wconf 78' lang='lat' dir='ltr'>satisfactionis</span> <span class='ocrx_word' id='word_1_243' title='bbox 589 2053 706 2122; x_wconf 87' lang='lat' dir='ltr'>habere,</span> <span class='ocrx_word' id='word_1_244' title='bbox 723 2068 775 2107; x_wconf 91' lang='lat' dir='ltr'>nec</span> <span class='ocrx_word' id='word_1_245' title='bbox 798 2068 878 2124; x_wconf 89' lang='lat' dir='ltr'>spem</span> <span class='ocrx_word' id='word_1_246' title='bbox 893 2053 941 2107; x_wconf 89' lang='lat' dir='ltr'>fu·</span> <span class='ocrx_word' id='word_1_247' title='bbox 996 2068 1091 2107; x_wconf 89' lang='lat' dir='ltr'>corsru</span> <span class='ocrx_word' id='word_1_248' title='bbox 1116 2052 1209 2121; x_wconf 87' lang='lat' dir='ltr'>posito</span> <span class='ocrx_word' id='word_1_249' title='bbox 1230 2053 1407 2125; x_wconf 84' lang='lat' dir='ltr'>Evangelio:</span> <span class='ocrx_word' id='word_1_250' title='bbox 1426 2054 1502 2125; x_wconf 88' lang='lat' dir='ltr'>quod</span> <span class='ocrx_word' id='word_1_251' title='bbox 1524 2071 1590 2110; x_wconf 93' lang='lat' dir='ltr'>eum</span> <span class='ocrx_word' id='word_1_252' title='bbox 1613 2062 1710 2111; x_wconf 83' lang='lat' dir='ltr'>sancta</span> 
     </span>
     <span class='ocr_line' id='line_1_22' title="bbox 94 2139 1710 2213; baseline 0.001 -15"><span class='ocrx_word' id='word_1_253' title='bbox 94 2149 167 2198; x_wconf 85' lang='lat' dir='ltr'>turre</span> <span class='ocrx_word' id='word_1_254' title='bbox 178 2141 369 2210; x_wconf 74' lang='lat' dir='ltr'>restitutionis</span> <span class='ocrx_word' id='word_1_255' title='bbox 382 2141 497 2212; x_wconf 89' lang='lat' dir='ltr'>penitus</span> <span class='ocrx_word' id='word_1_256' title='bbox 510 2141 627 2211; x_wconf 90' lang='lat' dir='ltr'>operiri.</span> <span class='ocrx_word' id='word_1_257' title='bbox 996 2144 1025 2194; x_wconf 91' lang='lat' dir='ltr'>et</span> <span class='ocrx_word' id='word_1_258' title='bbox 1039 2139 1165 2195; x_wconf 88' lang='lat' dir='ltr'>Christus</span> <span class='ocrx_word' id='word_1_259' title='bbox 1188 2139 1265 2194; x_wconf 84' lang='lat' dir='ltr'>illius</span> <span class='ocrx_word' id='word_1_260' title='bbox 1288 2141 1349 2208; x_wconf 88' lang='lat' dir='ltr'>Dei,</span> <span class='ocrx_word' id='word_1_261' title='bbox 1366 2142 1416 2213; x_wconf 88' lang='lat' dir='ltr'>qui</span> <span class='ocrx_word' id='word_1_262' title='bbox 1439 2143 1510 2198; x_wconf 92' lang='lat' dir='ltr'>illud</span> <span class='ocrx_word' id='word_1_263' title='bbox 1525 2144 1592 2198; x_wconf 84' lang='lat' dir='ltr'>fecit</span> <span class='ocrx_word' id='word_1_264' title='bbox 1615 2150 1645 2199; x_wconf 88' lang='lat' dir='ltr'>et</span> <span class='ocrx_word' id='word_1_265' title='bbox 1659 2144 1710 2201; x_wconf 86' lang='lat' dir='ltr'>dor</span> 
     </span>
     <span class='ocr_line' id='line_1_23' title="bbox 95 2228 1710 2317; baseline -0.001 -13"><span class='ocrx_word' id='word_1_266' title='bbox 95 2249 159 2305; x_wconf 77' lang='lat' dir='ltr'>Cle.</span> <span class='ocrx_word' id='word_1_267' title='bbox 177 2248 310 2303; x_wconf 84' lang='lat' dir='ltr'><strong>CLXXXI.</strong></span> <span class='ocrx_word' id='word_1_268' title='bbox 335 2276 370 2287; x_wconf 92' lang='lat'>-</span> <span class='ocrx_word' id='word_1_269' title='bbox 392 2249 428 2301; x_wconf 84' lang='lat' dir='ltr'>lle</span> <span class='ocrx_word' id='word_1_270' title='bbox 447 2245 604 2315; x_wconf 74' lang='lat' dir='ltr'>presbytero</span> <span class='ocrx_word' id='word_1_271' title='bbox 619 2249 668 2316; x_wconf 80' lang='lat' dir='ltr'>qui</span> <span class='ocrx_word' id='word_1_272' title='bbox 690 2249 786 2315; x_wconf 71' lang='lat' dir='ltr'>pruma</span> <span class='ocrx_word' id='word_1_273' title='bbox 809 2247 942 2317; x_wconf 80' lang='lat' dir='ltr'>ercemplis</span> <span class='ocrx_word' id='word_1_274' title='bbox 996 2228 1182 2299; x_wconf 64' lang='lat' dir='ltr'>Elfflssellum</span> <span class='ocrx_word' id='word_1_275' title='bbox 1206 2229 1343 2297; x_wconf 61' lang='grc' dir='ltr'>ὓθῦῑῗῦθῑι</span> <span class='ocrx_word' id='word_1_276' title='bbox 1360 2234 1388 2284; x_wconf 65' lang='lat' dir='ltr'>ef</span> <span class='ocrx_word' id='word_1_277' title='bbox 1403 2231 1492 2284; x_wconf 55' lang='lat' dir='ltr'>Sancti</span> <span class='ocrx_word' id='word_1_278' title='bbox 1514 2236 1642 2302; x_wconf 62' lang='grc' dir='ltr'>(1118ῑοοΓ</span> <span class='ocrx_word' id='word_1_279' title='bbox 1661 2233 1710 2287; x_wconf 64' lang='lat' dir='ltr'>FN*</span> 
     </span>
     <span class='ocr_line' id='line_1_24' title="bbox 272 2316 1710 2390; baseline 0.003 -18"><span class='ocrx_word' id='word_1_280' title='bbox 272 2318 345 2372; x_wconf 87' lang='lat' dir='ltr'>mula</span> <span class='ocrx_word' id='word_1_281' title='bbox 363 2317 396 2371; x_wconf 90' lang='lat' dir='ltr'>de</span> <span class='ocrx_word' id='word_1_282' title='bbox 407 2332 435 2371; x_wconf 85' lang='lat' dir='ltr'>se</span> <span class='ocrx_word' id='word_1_283' title='bbox 449 2320 586 2386; x_wconf 81' lang='lat' dir='ltr'>suspicari</span> <span class='ocrx_word' id='word_1_284' title='bbox 598 2316 763 2386; x_wconf 84' lang='lat' dir='ltr'>permiserit.</span> <span class='ocrx_word' id='word_1_285' title='bbox 996 2316 1046 2387; x_wconf 88' lang='lat' dir='ltr'>qui</span> <span class='ocrx_word' id='word_1_286' title='bbox 1069 2316 1140 2371; x_wconf 88' lang='lat' dir='ltr'>illud</span> <span class='ocrx_word' id='word_1_287' title='bbox 1155 2317 1331 2386; x_wconf 89' lang='lat' dir='ltr'>scripserunt</span> <span class='ocrx_word' id='word_1_288' title='bbox 1351 2317 1391 2371; x_wconf 90' lang='lat' dir='ltr'>sic</span> <span class='ocrx_word' id='word_1_289' title='bbox 1406 2317 1553 2388; x_wconf 86' lang='lat' dir='ltr'>adjuvent,</span> <span class='ocrx_word' id='word_1_290' title='bbox 1570 2320 1648 2390; x_wconf 92' lang='lat' dir='ltr'>quod</span> <span class='ocrx_word' id='word_1_291' title='bbox 1664 2320 1710 2376; x_wconf 81' lang='lat' dir='ltr'>ills</span> 
     </span>
     <span class='ocr_line' id='line_1_25' title="bbox 130 2404 1710 2478; baseline 0 -16"><span class='ocrx_word' id='word_1_292' title='bbox 130 2406 186 2476; x_wconf 79' lang='lat' dir='ltr'>(Es</span> <span class='ocrx_word' id='word_1_293' title='bbox 200 2407 294 2461; x_wconf 83' lang='lat' dir='ltr'>concil.</span> <span class='ocrx_word' id='word_1_294' title='bbox 310 2406 461 2472; x_wconf 71' lang='lat' dir='ltr'>Aratum,</span> <span class='ocrx_word' id='word_1_295' title='bbox 473 2420 533 2474; x_wconf 86' lang='lat' dir='ltr'>cup.</span> <span class='ocrx_word' id='word_1_296' title='bbox 549 2405 589 2477; x_wconf 77' lang='lat' dir='ltr'>l.)</span> <span class='ocrx_word' id='word_1_297' title='bbox 600 2405 630 2459; x_wconf 92' lang='lat' dir='ltr'>Si</span> <span class='ocrx_word' id='word_1_298' title='bbox 644 2405 709 2475; x_wconf 86' lang='lat' dir='ltr'>quis</span> <span class='ocrx_word' id='word_1_299' title='bbox 721 2404 866 2477; x_wconf 87' lang='lat' dir='ltr'>presbyter</span> <span class='ocrx_word' id='word_1_300' title='bbox 876 2406 942 2460; x_wconf 81' lang='lat' dir='ltr'>vitre</span> <span class='ocrx_word' id='word_1_301' title='bbox 997 2405 1133 2458; x_wconf 89' lang='lat' dir='ltr'>minatam</span> <span class='ocrx_word' id='word_1_302' title='bbox 1157 2405 1299 2459; x_wconf 88' lang='lat' dir='ltr'>actionem</span> <span class='ocrx_word' id='word_1_303' title='bbox 1315 2405 1355 2461; x_wconf 90' lang='lat' dir='ltr'>ita</span> <span class='ocrx_word' id='word_1_304' title='bbox 1381 2422 1436 2460; x_wconf 91' lang='lat' dir='ltr'>uon</span> <span class='ocrx_word' id='word_1_305' title='bbox 1461 2409 1645 2478; x_wconf 89' lang='lat' dir='ltr'>perpetrarit,</span> <span class='ocrx_word' id='word_1_306' title='bbox 1671 2409 1710 2463; x_wconf 88' lang='lat' dir='ltr'>sic</span> 
     </span>
     <span class='ocr_line' id='line_1_26' title="bbox 95 2491 1710 2569; baseline 0.001 -20"><span class='ocrx_word' id='word_1_307' title='bbox 95 2511 153 2549; x_wconf 84' lang='lat' dir='ltr'>suae</span> <span class='ocrx_word' id='word_1_308' title='bbox 168 2495 318 2564; x_wconf 87' lang='lat' dir='ltr'>negligens</span> <span class='ocrx_word' id='word_1_309' title='bbox 340 2494 435 2563; x_wconf 89' lang='lat' dir='ltr'>pravis</span> <span class='ocrx_word' id='word_1_310' title='bbox 450 2492 588 2562; x_wconf 85' lang='lat' dir='ltr'>exemplis</span> <span class='ocrx_word' id='word_1_311' title='bbox 608 2493 684 2546; x_wconf 89' lang='lat' dir='ltr'>mala</span> <span class='ocrx_word' id='word_1_312' title='bbox 702 2493 737 2547; x_wconf 90' lang='lat' dir='ltr'>de</span> <span class='ocrx_word' id='word_1_313' title='bbox 761 2509 791 2547; x_wconf 89' lang='lat' dir='ltr'>se</span> <span class='ocrx_word' id='word_1_314' title='bbox 804 2494 943 2564; x_wconf 89' lang='lat' dir='ltr'>suspicari</span> <span class='ocrx_word' id='word_1_315' title='bbox 996 2491 1053 2545; x_wconf 91' lang='lat' dir='ltr'>illis</span> <span class='ocrx_word' id='word_1_316' title='bbox 1076 2492 1204 2546; x_wconf 87' lang='lat' dir='ltr'>oblatum</span> <span class='ocrx_word' id='word_1_317' title='bbox 1222 2497 1273 2547; x_wconf 83' lang='lat' dir='ltr'>est.</span> <span class='ocrx_word' id='word_1_318' title='bbox 1290 2494 1331 2560; x_wconf 83' lang='lat' dir='ltr'>Et,</span> <span class='ocrx_word' id='word_1_319' title='bbox 1356 2494 1387 2548; x_wconf 94' lang='lat' dir='ltr'>iu</span> <span class='ocrx_word' id='word_1_320' title='bbox 1410 2496 1464 2549; x_wconf 89' lang='lat' dir='ltr'>hac</span> <span class='ocrx_word' id='word_1_321' title='bbox 1478 2496 1673 2551; x_wconf 72' lang='lat' dir='ltr'>esurrectione</span> <span class='ocrx_word' id='word_1_322' title='bbox 1696 2513 1710 2569; x_wconf 80' lang='lat' dir='ltr'>p</span> 
     </span>
     <span class='ocr_line' id='line_1_27' title="bbox 94 2579 1710 2655; baseline 0.002 -18"><span class='ocrx_word' id='word_1_323' title='bbox 94 2582 269 2655; x_wconf 89' lang='lat' dir='ltr'>permiserit,</span> <span class='ocrx_word' id='word_1_324' title='bbox 294 2586 322 2634; x_wconf 91' lang='lat' dir='ltr'>ct</span> <span class='ocrx_word' id='word_1_325' title='bbox 346 2580 482 2651; x_wconf 90' lang='lat' dir='ltr'>populus,</span> <span class='ocrx_word' id='word_1_326' title='bbox 503 2580 538 2634; x_wconf 92' lang='lat' dir='ltr'>ab</span> <span class='ocrx_word' id='word_1_327' title='bbox 560 2581 694 2651; x_wconf 89' lang='lat' dir='ltr'>episcopo</span> <span class='ocrx_word' id='word_1_328' title='bbox 715 2582 943 2652; x_wconf 77' lang='lat' dir='ltr'>Jurameutoseu</span> <span class='ocrx_word' id='word_1_329' title='bbox 997 2594 1095 2633; x_wconf 90' lang='lat' dir='ltr'>secure</span> <span class='ocrx_word' id='word_1_330' title='bbox 1111 2579 1245 2650; x_wconf 88' lang='lat' dir='ltr'>deinceps</span> <span class='ocrx_word' id='word_1_331' title='bbox 1267 2595 1351 2635; x_wconf 89' lang='lat' dir='ltr'>suum</span> <span class='ocrx_word' id='word_1_332' title='bbox 1376 2589 1505 2637; x_wconf 77' lang='lat' dir='ltr'>exerceat</span> <span class='ocrx_word' id='word_1_333' title='bbox 1528 2584 1710 2640; x_wconf 86' lang='lat' dir='ltr'>ministeriun</span> 
     </span>
     <span class='ocr_line' id='line_1_28' title="bbox 96 2667 1710 2744; baseline 0.002 -20"><span class='ocrx_word' id='word_1_334' title='bbox 96 2671 192 2725; x_wconf 90' lang='lat' dir='ltr'>bsnno</span> <span class='ocrx_word' id='word_1_335' title='bbox 207 2667 431 2723; x_wconf 85' lang='lat' dir='ltr'>Christianitatis</span> <span class='ocrx_word' id='word_1_336' title='bbox 454 2668 633 2730; x_wconf 88' lang='lat' dir='ltr'>constrictus,</span> <span class='ocrx_word' id='word_1_337' title='bbox 648 2668 798 2722; x_wconf 81' lang='lat' dir='ltr'>infamiam</span> <span class='ocrx_word' id='word_1_338' title='bbox 817 2669 879 2740; x_wconf 90' lang='lat' dir='ltr'>ejus</span> <span class='ocrx_word' id='word_1_339' title='bbox 893 2685 942 2739; x_wconf 90' lang='lat' dir='ltr'>pa·</span> <span class='ocrx_word' id='word_1_340' title='bbox 997 2667 1221 2722; x_wconf 86' lang='lat' dir='ltr'>satisfactionem</span> <span class='ocrx_word' id='word_1_341' title='bbox 1246 2669 1378 2723; x_wconf 90' lang='lat' dir='ltr'>nonnulli</span> <span class='ocrx_word' id='word_1_342' title='bbox 1402 2671 1629 2740; x_wconf 73' lang='lat' dir='ltr'>praecedentium</span> <span class='ocrx_word' id='word_1_343' title='bbox 1651 2678 1710 2744; x_wconf 78' lang='lat' dir='ltr'>petr</span> 
     </span>
     <span class='ocr_line' id='line_1_29' title="bbox 95 2755 1710 2827; baseline 0.001 -14"><span class='ocrx_word' id='word_1_344' title='bbox 95 2758 234 2824; x_wconf 88' lang='lat' dir='ltr'>tefecerit,</span> <span class='ocrx_word' id='word_1_345' title='bbox 259 2762 287 2812; x_wconf 92' lang='lat' dir='ltr'>et</span> <span class='ocrx_word' id='word_1_346' title='bbox 311 2755 382 2811; x_wconf 89' lang='lat' dir='ltr'>certi</span> <span class='ocrx_word' id='word_1_347' title='bbox 408 2761 586 2810; x_wconf 85' lang='lat' dir='ltr'>accusatores</span> <span class='ocrx_word' id='word_1_348' title='bbox 611 2756 741 2810; x_wconf 90' lang='lat' dir='ltr'>criminis</span> <span class='ocrx_word' id='word_1_349' title='bbox 761 2756 822 2827; x_wconf 88' lang='lat' dir='ltr'>ejus</span> <span class='ocrx_word' id='word_1_350' title='bbox 843 2757 942 2811; x_wconf 86' lang='lat' dir='ltr'>defue-</span> <span class='ocrx_word' id='word_1_351' title='bbox 997 2760 1075 2809; x_wconf 88' lang='lat' dir='ltr'>ctum</span> <span class='ocrx_word' id='word_1_352' title='bbox 1098 2756 1221 2810; x_wconf 84' lang='lat' dir='ltr'>Leonem</span> <span class='ocrx_word' id='word_1_353' title='bbox 1243 2771 1359 2827; x_wconf 90' lang='lat' dir='ltr'>papam,</span> <span class='ocrx_word' id='word_1_354' title='bbox 1382 2757 1412 2811; x_wconf 93' lang='lat' dir='ltr'>iu</span> <span class='ocrx_word' id='word_1_355' title='bbox 1425 2758 1543 2812; x_wconf 90' lang='lat' dir='ltr'>basilica</span> <span class='ocrx_word' id='word_1_356' title='bbox 1567 2759 1659 2813; x_wconf 88' lang='lat' dir='ltr'>sancti</span> <span class='ocrx_word' id='word_1_357' title='bbox 1680 2760 1710 2815; x_wconf 77' lang='lat' dir='ltr'>rr</span> 
     </span>
     <span class='ocr_line' id='line_1_30' title="bbox 96 2842 1707 2917; baseline 0.001 -16"><span class='ocrx_word' id='word_1_358' title='bbox 96 2847 164 2913; x_wconf 89' lang='lat' dir='ltr'>rint,</span> <span class='ocrx_word' id='word_1_359' title='bbox 180 2845 369 2900; x_wconf 91' lang='lat' dir='ltr'>admoneatur</span> <span class='ocrx_word' id='word_1_360' title='bbox 385 2843 479 2914; x_wconf 91' lang='lat' dir='ltr'>primo</span> <span class='ocrx_word' id='word_1_361' title='bbox 494 2859 622 2898; x_wconf 90' lang='lat' dir='ltr'>seorsum</span> <span class='ocrx_word' id='word_1_362' title='bbox 638 2844 673 2897; x_wconf 91' lang='lat' dir='ltr'>ab</span> <span class='ocrx_word' id='word_1_363' title='bbox 687 2843 830 2915; x_wconf 89' lang='lat' dir='ltr'>episcopo,</span> <span class='ocrx_word' id='word_1_364' title='bbox 842 2844 944 2899; x_wconf 91' lang='lat' dir='ltr'>deinde</span> <span class='ocrx_word' id='word_1_365' title='bbox 999 2842 1075 2910; x_wconf 90' lang='lat' dir='ltr'>stoli,</span> <span class='ocrx_word' id='word_1_366' title='bbox 1091 2859 1185 2897; x_wconf 86' lang='lat' dir='ltr'>coram</span> <span class='ocrx_word' id='word_1_367' title='bbox 1208 2844 1448 2900; x_wconf 88' lang='lat' dir='ltr'>reverendissimo</span> <span class='ocrx_word' id='word_1_368' title='bbox 1469 2863 1573 2902; x_wconf 83' lang='lat' dir='ltr'>caesare</span> <span class='ocrx_word' id='word_1_369' title='bbox 1592 2848 1707 2917; x_wconf 84' lang='lat' dir='ltr'>Carolo,</span> 
     </span>
     <span class='ocr_line' id='line_1_31' title="bbox 97 2929 1700 3007; baseline 0 -17"><span class='ocrx_word' id='word_1_370' title='bbox 97 2935 151 2990; x_wconf 91' lang='lat' dir='ltr'>sub</span> <span class='ocrx_word' id='word_1_371' title='bbox 174 2933 285 2988; x_wconf 91' lang='lat' dir='ltr'>duobus</span> <span class='ocrx_word' id='word_1_372' title='bbox 303 2931 347 2987; x_wconf 87' lang='lat' dir='ltr'>vel</span> <span class='ocrx_word' id='word_1_373' title='bbox 360 2931 451 2986; x_wconf 91' lang='lat' dir='ltr'>tribus</span> <span class='ocrx_word' id='word_1_374' title='bbox 474 2932 603 2986; x_wconf 89' lang='lat' dir='ltr'>testibus.</span> <span class='ocrx_word' id='word_1_375' title='bbox 621 2929 650 2986; x_wconf 89' lang='lat' dir='ltr'>Si</span> <span class='ocrx_word' id='word_1_376' title='bbox 665 2948 723 2985; x_wconf 92' lang='lat' dir='ltr'>non</span> <span class='ocrx_word' id='word_1_377' title='bbox 743 2930 790 3001; x_wconf 77' lang='lat' dir='ltr'>lse]</span> <span class='ocrx_word' id='word_1_378' title='bbox 808 2932 939 2987; x_wconf 90' lang='lat' dir='ltr'>emenda·</span> <span class='ocrx_word' id='word_1_379' title='bbox 960 2930 981 2985; x_wconf 88' lang='lat' dir='ltr'>C</span> <span class='ocrx_word' id='word_1_380' title='bbox 1000 2935 1029 2985; x_wconf 90' lang='lat' dir='ltr'>et</span> <span class='ocrx_word' id='word_1_381' title='bbox 1053 2930 1136 3001; x_wconf 88' lang='lat' dir='ltr'>plebe</span> <span class='ocrx_word' id='word_1_382' title='bbox 1156 2931 1197 2984; x_wconf 92' lang='lat' dir='ltr'>ita</span> <span class='ocrx_word' id='word_1_383' title='bbox 1222 2930 1321 2986; x_wconf 88' lang='lat' dir='ltr'>fecisse</span> <span class='ocrx_word' id='word_1_384' title='bbox 1343 2940 1570 2988; x_wconf 89' lang='lat' dir='ltr'>commemorant</span> <span class='ocrx_word' id='word_1_385' title='bbox 1586 2951 1594 2989; x_wconf 78' lang='lat'>2</span> <span class='ocrx_word' id='word_1_386' title='bbox 1610 2942 1700 3007; x_wconf 87' lang='lat' dir='ltr'>atque</span> 
     </span>
     <span class='ocr_line' id='line_1_32' title="bbox 96 3019 1710 3092; baseline 0.002 -16"><span class='ocrx_word' id='word_1_387' title='bbox 96 3022 181 3087; x_wconf 88' lang='lat' dir='ltr'>verit,</span> <span class='ocrx_word' id='word_1_388' title='bbox 196 3021 227 3075; x_wconf 92' lang='lat' dir='ltr'>iu</span> <span class='ocrx_word' id='word_1_389' title='bbox 240 3023 381 3074; x_wconf 89' lang='lat' dir='ltr'>conventu</span> <span class='ocrx_word' id='word_1_390' title='bbox 396 3019 629 3090; x_wconf 84' lang='lat' dir='ltr'>presbyterorum</span> <span class='ocrx_word' id='word_1_391' title='bbox 645 3019 797 3090; x_wconf 89' lang='lat' dir='ltr'>episcopus</span> <span class='ocrx_word' id='word_1_392' title='bbox 810 3036 875 3074; x_wconf 92' lang='lat' dir='ltr'>cum</span> <span class='ocrx_word' id='word_1_393' title='bbox 892 3037 944 3091; x_wconf 91' lang='lat' dir='ltr'>pu-</span> <span class='ocrx_word' id='word_1_394' title='bbox 999 3020 1195 3073; x_wconf 86' lang='lat' dir='ltr'>venerandum</span> <span class='ocrx_word' id='word_1_395' title='bbox 1214 3020 1374 3091; x_wconf 87' lang='lat' dir='ltr'>principem</span> <span class='ocrx_word' id='word_1_396' title='bbox 1390 3027 1488 3076; x_wconf 92' lang='lat' dir='ltr'>contra</span> <span class='ocrx_word' id='word_1_397' title='bbox 1511 3024 1640 3092; x_wconf 85' lang='lat' dir='ltr'>ejusdem</span> <span class='ocrx_word' id='word_1_398' title='bbox 1655 3041 1710 3083; x_wconf 84' lang='lat' dir='ltr'>ssu</span> 
     </span>
     <span class='ocr_line' id='line_1_33' title="bbox 97 3106 1710 3179; baseline 0.002 -14"><span class='ocrx_word' id='word_1_399' title='bbox 97 3110 172 3165; x_wconf 89' lang='lat' dir='ltr'>blica</span> <span class='ocrx_word' id='word_1_400' title='bbox 193 3107 388 3179; x_wconf 86' lang='lat' dir='ltr'>increpatione</span> <span class='ocrx_word' id='word_1_401' title='bbox 405 3106 569 3161; x_wconf 88' lang='lat' dir='ltr'>admoneat.</span> <span class='ocrx_word' id='word_1_402' title='bbox 594 3107 623 3162; x_wconf 84' lang='lat' dir='ltr'>si</span> <span class='ocrx_word' id='word_1_403' title='bbox 646 3123 713 3162; x_wconf 87' lang='lat' dir='ltr'>vero</span> <span class='ocrx_word' id='word_1_404' title='bbox 734 3123 828 3178; x_wconf 76' lang='lat' dir='ltr'>usque</span> <span class='ocrx_word' id='word_1_405' title='bbox 853 3109 892 3162; x_wconf 91' lang='lat' dir='ltr'>sic</span> <span class='ocrx_word' id='word_1_406' title='bbox 915 3125 945 3163; x_wconf 88' lang='lat' dir='ltr'>ss</span> <span class='ocrx_word' id='word_1_407' title='bbox 999 3106 1186 3170; x_wconf 83' lang='lat' dir='ltr'>adversarios,</span> <span class='ocrx_word' id='word_1_408' title='bbox 1202 3107 1297 3178; x_wconf 88' lang='lat' dir='ltr'>diguae</span> <span class='ocrx_word' id='word_1_409' title='bbox 1311 3109 1428 3164; x_wconf 90' lang='lat' dir='ltr'>ultionis</span> <span class='ocrx_word' id='word_1_410' title='bbox 1442 3111 1595 3166; x_wconf 84' lang='lat' dir='ltr'>vindictam</span> <span class='ocrx_word' id='word_1_411' title='bbox 1610 3129 1710 3169; x_wconf 82' lang='lat' dir='ltr'>uxeres</span> 
     </span>
     <span class='ocr_line' id='line_1_34' title="bbox 98 3194 1705 3285; baseline -0.001 -33"><span class='ocrx_word' id='word_1_412' title='bbox 98 3197 261 3263; x_wconf 83' lang='lat' dir='ltr'>correxerit,</span> <span class='ocrx_word' id='word_1_413' title='bbox 277 3196 314 3250; x_wconf 91' lang='lat' dir='ltr'>ab</span> <span class='ocrx_word' id='word_1_414' title='bbox 330 3194 426 3249; x_wconf 86' lang='lat' dir='ltr'>officio</span> <span class='ocrx_word' id='word_1_415' title='bbox 449 3195 642 3264; x_wconf 81' lang='lat' dir='ltr'>suspendatur</span> <span class='ocrx_word' id='word_1_416' title='bbox 665 3196 802 3266; x_wconf 87' lang='lat' dir='ltr'>usquead</span> <span class='ocrx_word' id='word_1_417' title='bbox 827 3196 944 3267; x_wconf 91' lang='lat' dir='ltr'>dignam</span> <span class='ocrx_word' id='word_1_418' title='bbox 1001 3213 1068 3269; x_wconf 53' lang='lat' dir='ltr'>epp,</span> <span class='ocrx_word' id='word_1_419' title='bbox 1086 3214 1223 3270; x_wconf 65' lang='lat' dir='ltr'>ggppxp⁸</span> <span class='ocrx_word' id='word_1_420' title='bbox 1247 3245 1282 3254; x_wconf 78' lang='lat'>-</span> <span class='ocrx_word' id='word_1_421' title='bbox 1298 3216 1329 3272; x_wconf 73' lang='lat' dir='ltr'>s,-</span> <span class='ocrx_word' id='word_1_422' title='bbox 1347 3217 1448 3285; x_wconf 56' lang='lat' dir='ltr'>aliqui,</span> <span class='ocrx_word' id='word_1_423' title='bbox 1470 3233 1504 3272; x_wconf 52' lang='grc' dir='ltr'>ω</span> <span class='ocrx_word' id='word_1_424' title='bbox 1517 3218 1654 3274; x_wconf 52' lang='lat' dir='ltr'>mimis</span> <span class='ocrx_word' id='word_1_425' title='bbox 1668 3220 1705 3275; x_wconf 58' lang='lat' dir='ltr'>“g</span> 
     </span>
     <span class='ocr_line' id='line_1_35' title="bbox 98 3283 1710 3354; baseline 0.004 -14"><span class='ocrx_word' id='word_1_426' title='bbox 98 3284 331 3348; x_wconf 85' lang='lat' dir='ltr'>satisfactionem,</span> <span class='ocrx_word' id='word_1_427' title='bbox 348 3299 383 3337; x_wconf 94' lang='lat' dir='ltr'>ne</span> <span class='ocrx_word' id='word_1_428' title='bbox 398 3283 522 3354; x_wconf 89' lang='lat' dir='ltr'>populus</span> <span class='ocrx_word' id='word_1_429' title='bbox 539 3283 668 3337; x_wconf 87' lang='lat' dir='ltr'>fidelium</span> <span class='ocrx_word' id='word_1_430' title='bbox 680 3283 711 3337; x_wconf 93' lang='lat' dir='ltr'>in</span> <span class='ocrx_word' id='word_1_431' title='bbox 730 3299 763 3338; x_wconf 89' lang='lat' dir='ltr'>eo</span> <span class='ocrx_word' id='word_1_432' title='bbox 778 3284 945 3340; x_wconf 87' lang='lat' dir='ltr'>scandalum</span> <span class='ocrx_word' id='word_1_433' title='bbox 1035 3299 1083 3339; x_wconf 83' lang='lat' dir='ltr'>suo</span> <span class='ocrx_word' id='word_1_434' title='bbox 1105 3284 1250 3340; x_wconf 83' lang='lat' dir='ltr'>damnatus</span> <span class='ocrx_word' id='word_1_435' title='bbox 1275 3289 1371 3354; x_wconf 69' lang='lat' dir='ltr'>riserit,</span> <span class='ocrx_word' id='word_1_436' title='bbox 1387 3293 1418 3342; x_wconf 88' lang='lat' dir='ltr'>ut</span> <span class='ocrx_word' id='word_1_437' title='bbox 1440 3304 1494 3343; x_wconf 85' lang='lat' dir='ltr'>nou</span> <span class='ocrx_word' id='word_1_438' title='bbox 1509 3290 1603 3344; x_wconf 74' lang='lat' dir='ltr'>delen</span> <span class='ocrx_word' id='word_1_439' title='bbox 1622 3290 1659 3344; x_wconf 85' lang='lat' dir='ltr'>ab</span> <span class='ocrx_word' id='word_1_440' title='bbox 1682 3290 1710 3346; x_wconf 86' lang='lat' dir='ltr'>al</span> 
     </span>
     <span class='ocr_line' id='line_1_36' title="bbox 98 3355 1149 3444; baseline -0.005 -17"><span class='ocrx_word' id='word_1_441' title='bbox 98 3373 231 3444; x_wconf 86' lang='lat' dir='ltr'>patiatur.</span> <span class='ocrx_word' id='word_1_442' title='bbox 255 3371 284 3426; x_wconf 90' lang='lat' dir='ltr'>Si</span> <span class='ocrx_word' id='word_1_443' title='bbox 299 3374 394 3424; x_wconf 89' lang='lat' dir='ltr'>sutem</span> <span class='ocrx_word' id='word_1_444' title='bbox 418 3376 596 3425; x_wconf 89' lang='lat' dir='ltr'>accusatores</span> <span class='ocrx_word' id='word_1_445' title='bbox 620 3372 743 3441; x_wconf 89' lang='lat' dir='ltr'>legitimi</span> <span class='ocrx_word' id='word_1_446' title='bbox 760 3386 818 3427; x_wconf 91' lang='lat' dir='ltr'>uon</span> <span class='ocrx_word' id='word_1_447' title='bbox 838 3372 946 3428; x_wconf 86' lang='lat' dir='ltr'>fuerint</span> <span class='ocrx_word' id='word_1_448' title='bbox 1034 3355 1149 3422; x_wconf 70' lang='lat' dir='ltr'>(essuri.</span> 
     </span>
     <span class='ocr_line' id='line_1_37' title="bbox 99 3458 1710 3537; baseline 0.004 -22"><span class='ocrx_word' id='word_1_449' title='bbox 99 3461 149 3533; x_wconf 87' lang='lat' dir='ltr'>qui</span> <span class='ocrx_word' id='word_1_450' title='bbox 164 3463 225 3531; x_wconf 76' lang='lat' dir='ltr'>eJus</span> <span class='ocrx_word' id='word_1_451' title='bbox 239 3460 360 3514; x_wconf 90' lang='lat' dir='ltr'>crimina</span> <span class='ocrx_word' id='word_1_452' title='bbox 381 3459 540 3515; x_wconf 87' lang='lat' dir='ltr'>manifestis</span> <span class='ocrx_word' id='word_1_453' title='bbox 554 3460 668 3515; x_wconf 91' lang='lat' dir='ltr'>indiciis</span> <span class='ocrx_word' id='word_1_454' title='bbox 690 3460 812 3531; x_wconf 91' lang='lat' dir='ltr'>probsrs</span> <span class='ocrx_word' id='word_1_455' title='bbox 828 3467 944 3517; x_wconf 91' lang='lat' dir='ltr'>conten·</span> <span class='ocrx_word' id='word_1_456' title='bbox 1035 3458 1090 3529; x_wconf 78' lang='lat' dir='ltr'>(Ee</span> <span class='ocrx_word' id='word_1_457' title='bbox 1110 3461 1202 3515; x_wconf 82' lang='lat' dir='ltr'>concil.</span> <span class='ocrx_word' id='word_1_458' title='bbox 1230 3461 1334 3529; x_wconf 71' lang='lat' dir='ltr'>Asrsc,</span> <span class='ocrx_word' id='word_1_459' title='bbox 1361 3478 1422 3531; x_wconf 84' lang='lat' dir='ltr'>cop.</span> <span class='ocrx_word' id='word_1_460' title='bbox 1451 3465 1508 3530; x_wconf 78' lang='lat'>29.)</span> <span class='ocrx_word' id='word_1_461' title='bbox 1535 3465 1568 3519; x_wconf 86' lang='lat' dir='ltr'>Et</span> <span class='ocrx_word' id='word_1_462' title='bbox 1594 3465 1668 3522; x_wconf 93' lang='lat' dir='ltr'>illud</span> <span class='ocrx_word' id='word_1_463' title='bbox 1693 3482 1710 3537; x_wconf 89' lang='lat' dir='ltr'>p</span> 
     </span>
     <span class='ocr_line' id='line_1_38' title="bbox 100 3548 1710 3624; baseline 0.005 -21"><span class='ocrx_word' id='word_1_464' title='bbox 100 3549 203 3615; x_wconf 88' lang='lat' dir='ltr'>derint,</span> <span class='ocrx_word' id='word_1_465' title='bbox 219 3552 247 3603; x_wconf 94' lang='lat' dir='ltr'>et</span> <span class='ocrx_word' id='word_1_466' title='bbox 262 3549 323 3618; x_wconf 88' lang='lat' dir='ltr'>ipse</span> <span class='ocrx_word' id='word_1_467' title='bbox 346 3549 504 3619; x_wconf 87' lang='lat' dir='ltr'>negaverit,</span> <span class='ocrx_word' id='word_1_468' title='bbox 525 3553 588 3602; x_wconf 90' lang='lat' dir='ltr'>tum</span> <span class='ocrx_word' id='word_1_469' title='bbox 602 3548 663 3618; x_wconf 92' lang='lat' dir='ltr'>ipse</span> <span class='ocrx_word' id='word_1_470' title='bbox 680 3564 743 3603; x_wconf 92' lang='lat' dir='ltr'>cum</span> <span class='ocrx_word' id='word_1_471' title='bbox 767 3555 875 3618; x_wconf 88' lang='lat' dir='ltr'>septem</span> <span class='ocrx_word' id='word_1_472' title='bbox 896 3567 945 3604; x_wconf 88' lang='lat' dir='ltr'>so·</span> <span class='ocrx_word' id='word_1_473' title='bbox 999 3552 1032 3602; x_wconf 94' lang='lat' dir='ltr'>ut</span> <span class='ocrx_word' id='word_1_474' title='bbox 1046 3553 1170 3603; x_wconf 88' lang='lat' dir='ltr'>statuere</span> <span class='ocrx_word' id='word_1_475' title='bbox 1193 3549 1348 3620; x_wconf 91' lang='lat' dir='ltr'>dignentur</span> <span class='ocrx_word' id='word_1_476' title='bbox 1371 3557 1412 3618; x_wconf 91' lang='lat' dir='ltr'>ut,</span> <span class='ocrx_word' id='word_1_477' title='bbox 1428 3552 1453 3606; x_wconf 89' lang='lat' dir='ltr'>si</span> <span class='ocrx_word' id='word_1_478' title='bbox 1475 3553 1539 3623; x_wconf 85' lang='lat' dir='ltr'>quis</span> <span class='ocrx_word' id='word_1_479' title='bbox 1553 3554 1710 3624; x_wconf 86' lang='lat' dir='ltr'>cujuslibet</span> 
     </span>
     <span class='ocr_line' id='line_1_39' title="bbox 99 3635 1706 3714; baseline 0.005 -23"><span class='ocrx_word' id='word_1_480' title='bbox 99 3636 149 3691; x_wconf 92' lang='lat' dir='ltr'>ciis</span> <span class='ocrx_word' id='word_1_481' title='bbox 162 3636 221 3690; x_wconf 91' lang='lat' dir='ltr'>suis</span> <span class='ocrx_word' id='word_1_482' title='bbox 235 3637 363 3705; x_wconf 88' lang='lat' dir='ltr'>ejusdem</span> <span class='ocrx_word' id='word_1_483' title='bbox 385 3636 504 3702; x_wconf 91' lang='lat' dir='ltr'>ordinis,</span> <span class='ocrx_word' id='word_1_484' title='bbox 520 3635 544 3688; x_wconf 91' lang='lat' dir='ltr'>si</span> <span class='ocrx_word' id='word_1_485' title='bbox 558 3636 644 3702; x_wconf 89' lang='lat' dir='ltr'>valet,</span> <span class='ocrx_word' id='word_1_486' title='bbox 669 3635 823 3691; x_wconf 89' lang='lat' dir='ltr'>acrimine</span> <span class='ocrx_word' id='word_1_487' title='bbox 844 3642 945 3691; x_wconf 90' lang='lat' dir='ltr'>semet·</span> <span class='ocrx_word' id='word_1_488' title='bbox 999 3636 1129 3704; x_wconf 88' lang='lat' dir='ltr'>clericus,</span> <span class='ocrx_word' id='word_1_489' title='bbox 1147 3637 1256 3706; x_wconf 87' lang='lat' dir='ltr'>judicio</span> <span class='ocrx_word' id='word_1_490' title='bbox 1282 3641 1493 3710; x_wconf 88' lang='lat' dir='ltr'>episcoporum,</span> <span class='ocrx_word' id='word_1_491' title='bbox 1517 3658 1706 3714; x_wconf 86' lang='lat' dir='ltr'>quocumque</span> 
     </span>
     <span class='ocr_line' id='line_1_40' title="bbox 99 3724 1696 3796; baseline 0.006 -18"><span class='ocrx_word' id='word_1_492' title='bbox 99 3725 195 3796; x_wconf 90' lang='lat' dir='ltr'>ipsum</span> <span class='ocrx_word' id='word_1_493' title='bbox 210 3728 357 3796; x_wconf 85' lang='lat' dir='ltr'>expurget.</span> <span class='ocrx_word' id='word_1_494' title='bbox 383 3724 525 3778; x_wconf 81' lang='lat' dir='ltr'>bissenus</span> <span class='ocrx_word' id='word_1_495' title='bbox 550 3739 627 3789; x_wconf 88' lang='lat' dir='ltr'>vero,</span> <span class='ocrx_word' id='word_1_496' title='bbox 651 3724 675 3778; x_wconf 91' lang='lat' dir='ltr'>si</span> <span class='ocrx_word' id='word_1_497' title='bbox 702 3724 805 3778; x_wconf 89' lang='lat' dir='ltr'>eoderu</span> <span class='ocrx_word' id='word_1_498' title='bbox 826 3725 945 3779; x_wconf 90' lang='lat' dir='ltr'>crimine</span> <span class='ocrx_word' id='word_1_499' title='bbox 999 3725 1085 3779; x_wconf 87' lang='lat' dir='ltr'>fuerit</span> <span class='ocrx_word' id='word_1_500' title='bbox 1109 3724 1272 3794; x_wconf 87' lang='lat' dir='ltr'>damnatus,</span> <span class='ocrx_word' id='word_1_501' title='bbox 1295 3742 1354 3781; x_wconf 92' lang='lat' dir='ltr'>non</span> <span class='ocrx_word' id='word_1_502' title='bbox 1378 3727 1463 3783; x_wconf 90' lang='lat' dir='ltr'>liceat</span> <span class='ocrx_word' id='word_1_503' title='bbox 1487 3745 1554 3783; x_wconf 93' lang='lat' dir='ltr'>eum</span> <span class='ocrx_word' id='word_1_504' title='bbox 1577 3731 1636 3785; x_wconf 84' lang='lat' dir='ltr'>sire</span> <span class='ocrx_word' id='word_1_505' title='bbox 1659 3732 1696 3788; x_wconf 89' lang='lat' dir='ltr'>sb</span> 
     </span>
     <span class='ocr_line' id='line_1_41' title="bbox 99 3813 1710 3888; baseline 0.006 -21"><span class='ocrx_word' id='word_1_506' title='bbox 99 3813 355 3880; x_wconf 88' lang='lat' dir='ltr'>accusatusfnerit,</span> <span class='ocrx_word' id='word_1_507' title='bbox 372 3813 557 3882; x_wconf 87' lang='lat' dir='ltr'>semetipsum</span> <span class='ocrx_word' id='word_1_508' title='bbox 573 3828 638 3867; x_wconf 92' lang='lat' dir='ltr'>cum</span> <span class='ocrx_word' id='word_1_509' title='bbox 655 3813 747 3866; x_wconf 90' lang='lat' dir='ltr'>tribus</span> <span class='ocrx_word' id='word_1_510' title='bbox 762 3818 885 3868; x_wconf 84' lang='lat' dir='ltr'>excuset.</span> <span class='ocrx_word' id='word_1_511' title='bbox 1000 3813 1104 3885; x_wconf 88' lang='lat' dir='ltr'>quibus</span> <span class='ocrx_word' id='word_1_512' title='bbox 1129 3814 1254 3884; x_wconf 80' lang='lat' dir='ltr'>praefuit,</span> <span class='ocrx_word' id='word_1_513' title='bbox 1284 3815 1341 3870; x_wconf 90' lang='lat' dir='ltr'>sive</span> <span class='ocrx_word' id='word_1_514' title='bbox 1361 3832 1378 3869; x_wconf 91' lang='lat' dir='ltr'>a</span> <span class='ocrx_word' id='word_1_515' title='bbox 1402 3818 1530 3888; x_wconf 85' lang='lat' dir='ltr'>quolibet</span> <span class='ocrx_word' id='word_1_516' title='bbox 1552 3820 1674 3876; x_wconf 89' lang='lat' dir='ltr'>bomine</span> <span class='ocrx_word' id='word_1_517' title='bbox 1697 3822 1710 3878; x_wconf 92' lang='lat' dir='ltr'>d</span> 
     </span>
    </p>
   </div>
   <div class='ocr_carea' id='block_1_3' title="bbox 99 3901 1710 4168">
    <p class='ocr_par' dir='ltr' id='par_1_3' title="bbox 99 3901 1710 4168">
     <span class='ocr_line' id='line_1_42' title="bbox 289 3901 1710 3978; baseline -0.001 -18"><span class='ocrx_word' id='word_1_518' title='bbox 289 3918 353 3972; x_wconf 55' lang='lat' dir='ltr'>epp,</span> <span class='ocrx_word' id='word_1_519' title='bbox 375 3917 498 3972; x_wconf 63' lang='lat' dir='ltr'>chxn,</span> <span class='ocrx_word' id='word_1_520' title='bbox 513 3946 547 3956; x_wconf 88' lang='lat'><em>-</em></span> <span class='ocrx_word' id='word_1_521' title='bbox 562 3920 597 3971; x_wconf 69' lang='lat' dir='ltr'>pe</span> <span class='ocrx_word' id='word_1_522' title='bbox 612 3918 704 3970; x_wconf 61' lang='lat' dir='ltr'><strong><em>eadem</em></strong></span> <span class='ocrx_word' id='word_1_523' title='bbox 718 3933 757 3971; x_wconf 63' lang='lat' dir='ltr'>re,</span> <span class='ocrx_word' id='word_1_524' title='bbox 1000 3901 1168 3972; x_wconf 82' lang='lat' dir='ltr'>interposite</span> <span class='ocrx_word' id='word_1_525' title='bbox 1183 3917 1268 3972; x_wconf 88' lang='lat' dir='ltr'>poeua</span> <span class='ocrx_word' id='word_1_526' title='bbox 1288 3903 1386 3958; x_wconf 88' lang='lat' dir='ltr'>damni</span> <span class='ocrx_word' id='word_1_527' title='bbox 1402 3906 1530 3975; x_wconf 75' lang='lat' dir='ltr'>pecuniae</span> <span class='ocrx_word' id='word_1_528' title='bbox 1542 3913 1630 3978; x_wconf 87' lang='lat' dir='ltr'>atque</span> <span class='ocrx_word' id='word_1_529' title='bbox 1646 3911 1710 3965; x_wconf 87' lang='lat' dir='ltr'>bom</span> 
     </span>
     <span class='ocr_line' id='line_1_43' title="bbox 135 3996 1710 4088; baseline 0.004 -42"><span class='ocrx_word' id='word_1_530' title='bbox 135 4003 296 4073; x_wconf 56' lang='lat' dir='ltr'>(monog,</span> <span class='ocrx_word' id='word_1_531' title='bbox 314 4003 492 4068; x_wconf 57' lang='lat' dir='ltr'>maurim,</span> <span class='ocrx_word' id='word_1_532' title='bbox 517 4002 946 4075; x_wconf 63' lang='lat' dir='ltr'>cap‚21‚)51qujspresbyr0r</span> <span class='ocrx_word' id='word_1_533' title='bbox 1001 4005 1053 4088; x_wconf 82' lang='lat' dir='ltr'>nec</span> <span class='ocrx_word' id='word_1_534' title='bbox 1082 3996 1195 4045; x_wconf 73' lang='lat' dir='ltr'>aetatem</span> <span class='ocrx_word' id='word_1_535' title='bbox 1221 4007 1274 4044; x_wconf 88' lang='lat' dir='ltr'>nec</span> <span class='ocrx_word' id='word_1_536' title='bbox 1307 4008 1406 4047; x_wconf 82' lang='lat' dir='ltr'>sexum</span> <span class='ocrx_word' id='word_1_537' title='bbox 1433 3997 1629 4050; x_wconf 84' lang='lat' dir='ltr'>excusandum</span> <span class='ocrx_word' id='word_1_538' title='bbox 1666 4013 1710 4053; x_wconf 88' lang='lat' dir='ltr'>ess</span> 
     </span>
     <span class='ocr_line' id='line_1_44' title="bbox 99 4083 1091 4168; baseline 0.002 -23"><span class='ocrx_word' id='word_1_539' title='bbox 99 4097 198 4145; x_wconf 87' lang='lat' dir='ltr'>contra</span> <span class='ocrx_word' id='word_1_540' title='bbox 211 4093 328 4158; x_wconf 86' lang='lat' dir='ltr'>laicum,</span> <span class='ocrx_word' id='word_1_541' title='bbox 343 4090 387 4144; x_wconf 87' lang='lat' dir='ltr'>vel</span> <span class='ocrx_word' id='word_1_542' title='bbox 399 4092 486 4144; x_wconf 91' lang='lat' dir='ltr'>laicus</span> <span class='ocrx_word' id='word_1_543' title='bbox 498 4097 597 4144; x_wconf 89' lang='lat' dir='ltr'>contra</span> <span class='ocrx_word' id='word_1_544' title='bbox 610 4091 809 4168; x_wconf 81' lang='lat' dir='ltr'>presbyterum</span> <span class='ocrx_word' id='word_1_545' title='bbox 820 4093 945 4164; x_wconf 85' lang='lat' dir='ltr'>aliquam</span> <span class='ocrx_word' id='word_1_546' title='bbox 1000 4083 1091 4148; x_wconf 60' lang='lat' dir='ltr'>issani·</span> 
     </span>
    </p>
   </div>
   <div class='ocr_carea' id='block_1_4' title="bbox 94 4177 1710 4788">
    <p class='ocr_par' dir='ltr' id='par_1_4' title="bbox 94 4177 1710 4788">
     <span class='ocr_line' id='line_1_45' title="bbox 99 4177 1692 4260; baseline 0.009 -28"><span class='ocrx_word' id='word_1_547' title='bbox 99 4179 186 4232; x_wconf 89' lang='lat' dir='ltr'>habet</span> <span class='ocrx_word' id='word_1_548' title='bbox 207 4177 396 4248; x_wconf 86' lang='lat' dir='ltr'>querimouiae</span> <span class='ocrx_word' id='word_1_549' title='bbox 420 4178 656 4244; x_wconf 86' lang='lat' dir='ltr'>controversiam,</span> <span class='ocrx_word' id='word_1_550' title='bbox 681 4179 814 4252; x_wconf 88' lang='lat' dir='ltr'>episcopo</span> <span class='ocrx_word' id='word_1_551' title='bbox 840 4182 944 4251; x_wconf 82' lang='lat' dir='ltr'>praeci-</span> <span class='ocrx_word' id='word_1_552' title='bbox 961 4205 982 4260; x_wconf 65' lang='grc' dir='ltr'>Β</span> <span class='ocrx_word' id='word_1_553' title='bbox 1002 4184 1065 4238; x_wconf 74' lang='lat' dir='ltr'>Cur.</span> <span class='ocrx_word' id='word_1_554' title='bbox 1082 4184 1232 4239; x_wconf 86' lang='lat' dir='ltr'><strong>CLXXXVI.</strong></span> <span class='ocrx_word' id='word_1_555' title='bbox 1254 4216 1288 4226; x_wconf 91' lang='lat'><em>-</em></span> <span class='ocrx_word' id='word_1_556' title='bbox 1314 4188 1348 4240; x_wconf 82' lang='lat' dir='ltr'>lle</span> <span class='ocrx_word' id='word_1_557' title='bbox 1366 4189 1527 4259; x_wconf 77' lang='lat' dir='ltr'>presbytero</span> <span class='ocrx_word' id='word_1_558' title='bbox 1547 4205 1565 4242; x_wconf 87' lang='lat' dir='ltr'>s</span> <span class='ocrx_word' id='word_1_559' title='bbox 1588 4193 1692 4259; x_wconf 79' lang='lat' dir='ltr'>populo</span> 
     </span>
     <span class='ocr_line' id='line_1_46' title="bbox 99 4265 1710 4347; baseline 0.008 -28"><span class='ocrx_word' id='word_1_560' title='bbox 99 4267 208 4336; x_wconf 91' lang='lat' dir='ltr'>piente,</span> <span class='ocrx_word' id='word_1_561' title='bbox 223 4265 284 4320; x_wconf 90' lang='lat' dir='ltr'>sine</span> <span class='ocrx_word' id='word_1_562' title='bbox 306 4281 493 4335; x_wconf 90' lang='lat' dir='ltr'>personarum</span> <span class='ocrx_word' id='word_1_563' title='bbox 514 4266 679 4336; x_wconf 83' lang='lat' dir='ltr'>acceptioue</span> <span class='ocrx_word' id='word_1_564' title='bbox 695 4268 822 4324; x_wconf 89' lang='lat' dir='ltr'>liniatur.</span> <span class='ocrx_word' id='word_1_565' title='bbox 848 4269 947 4324; x_wconf 86' lang='lat' dir='ltr'>laicus</span> <span class='ocrx_word' id='word_1_566' title='bbox 1037 4273 1092 4340; x_wconf 83' lang='lat' dir='ltr'>(Er</span> <span class='ocrx_word' id='word_1_567' title='bbox 1125 4275 1205 4342; x_wconf 85' lang='lat' dir='ltr'>epist.</span> <span class='ocrx_word' id='word_1_568' title='bbox 1241 4276 1389 4343; x_wconf 78' lang='lat' dir='ltr'>Gregorii.)</span> <span class='ocrx_word' id='word_1_569' title='bbox 1423 4277 1462 4331; x_wconf 86' lang='lat' dir='ltr'>De</span> <span class='ocrx_word' id='word_1_570' title='bbox 1498 4278 1669 4347; x_wconf 89' lang='lat' dir='ltr'>presbytero</span> <span class='ocrx_word' id='word_1_571' title='bbox 1703 4296 1710 4332; x_wconf 80' lang='lat' dir='ltr'>r</span> 
     </span>
     <span class='ocr_line' id='line_1_47' title="bbox 99 4354 1710 4434; baseline 0.009 -27"><span class='ocrx_word' id='word_1_572' title='bbox 99 4369 151 4425; x_wconf 92' lang='lat' dir='ltr'>per</span> <span class='ocrx_word' id='word_1_573' title='bbox 167 4354 374 4424; x_wconf 88' lang='lat' dir='ltr'>jurameutum,</span> <span class='ocrx_word' id='word_1_574' title='bbox 399 4354 422 4408; x_wconf 89' lang='lat' dir='ltr'>si</span> <span class='ocrx_word' id='word_1_575' title='bbox 439 4369 552 4408; x_wconf 87' lang='lat' dir='ltr'>necesse</span> <span class='ocrx_word' id='word_1_576' title='bbox 576 4355 622 4422; x_wconf 90' lang='lat' dir='ltr'>sit,</span> <span class='ocrx_word' id='word_1_577' title='bbox 647 4372 677 4409; x_wconf 90' lang='lat' dir='ltr'>se</span> <span class='ocrx_word' id='word_1_578' title='bbox 694 4361 831 4427; x_wconf 83' lang='lat' dir='ltr'>expurget</span> <span class='ocrx_word' id='word_1_579' title='bbox 847 4373 854 4411; x_wconf 92' lang='lat'>:</span> <span class='ocrx_word' id='word_1_580' title='bbox 871 4374 946 4430; x_wconf 90' lang='lat' dir='ltr'>pres·</span> <span class='ocrx_word' id='word_1_581' title='bbox 1000 4361 1129 4432; x_wconf 88' lang='lat' dir='ltr'>quolibet</span> <span class='ocrx_word' id='word_1_582' title='bbox 1150 4362 1295 4416; x_wconf 88' lang='lat' dir='ltr'>sacerdote</span> <span class='ocrx_word' id='word_1_583' title='bbox 1319 4365 1459 4434; x_wconf 90' lang='lat' dir='ltr'>spopulo</span> <span class='ocrx_word' id='word_1_584' title='bbox 1484 4373 1627 4431; x_wconf 83' lang='lat' dir='ltr'>accusato,</span> <span class='ocrx_word' id='word_1_585' title='bbox 1650 4368 1674 4423; x_wconf 89' lang='lat' dir='ltr'>si</span> <span class='ocrx_word' id='word_1_586' title='bbox 1698 4384 1710 4424; x_wconf 90' lang='lat' dir='ltr'>c</span> 
     </span>
     <span class='ocr_line' id='line_1_48' title="bbox 98 4442 1710 4521; baseline 0.009 -25"><span class='ocrx_word' id='word_1_587' title='bbox 98 4443 181 4512; x_wconf 81' lang='lat' dir='ltr'>byter</span> <span class='ocrx_word' id='word_1_588' title='bbox 206 4457 272 4496; x_wconf 89' lang='lat' dir='ltr'>vero</span> <span class='ocrx_word' id='word_1_589' title='bbox 300 4442 359 4496; x_wconf 88' lang='lat' dir='ltr'>vice</span> <span class='ocrx_word' id='word_1_590' title='bbox 384 4443 542 4512; x_wconf 80' lang='lat' dir='ltr'>J&#39;ursmenli</span> <span class='ocrx_word' id='word_1_591' title='bbox 568 4458 620 4513; x_wconf 92' lang='lat' dir='ltr'>per</span> <span class='ocrx_word' id='word_1_592' title='bbox 649 4449 775 4499; x_wconf 87' lang='lat' dir='ltr'>sanctam</span> <span class='ocrx_word' id='word_1_593' title='bbox 801 4461 946 4501; x_wconf 86' lang='lat' dir='ltr'>consecra·</span> <span class='ocrx_word' id='word_1_594' title='bbox 1000 4449 1106 4503; x_wconf 86' lang='lat' dir='ltr'>fuerint</span> <span class='ocrx_word' id='word_1_595' title='bbox 1135 4454 1220 4504; x_wconf 90' lang='lat' dir='ltr'>testes</span> <span class='ocrx_word' id='word_1_596' title='bbox 1249 4452 1298 4521; x_wconf 93' lang='lat' dir='ltr'>qui</span> <span class='ocrx_word' id='word_1_597' title='bbox 1328 4452 1441 4506; x_wconf 90' lang='lat' dir='ltr'>crimini</span> <span class='ocrx_word' id='word_1_598' title='bbox 1467 4453 1546 4508; x_wconf 90' lang='lat' dir='ltr'>illato</span> <span class='ocrx_word' id='word_1_599' title='bbox 1571 4457 1710 4513; x_wconf 82' lang='lat' dir='ltr'>veritates</span> 
     </span>
     <span class='ocr_line' id='line_1_49' title="bbox 99 4531 1707 4607; baseline 0.011 -24"><span class='ocrx_word' id='word_1_600' title='bbox 99 4531 206 4584; x_wconf 89' lang='lat' dir='ltr'>tionem</span> <span class='ocrx_word' id='word_1_601' title='bbox 231 4531 449 4601; x_wconf 89' lang='lat' dir='ltr'>interrogetur:</span> <span class='ocrx_word' id='word_1_602' title='bbox 467 4531 535 4600; x_wconf 87' lang='lat' dir='ltr'>quia</span> <span class='ocrx_word' id='word_1_603' title='bbox 556 4531 718 4585; x_wconf 87' lang='lat' dir='ltr'>sacerdotes</span> <span class='ocrx_word' id='word_1_604' title='bbox 742 4548 777 4586; x_wconf 87' lang='lat' dir='ltr'>ex</span> <span class='ocrx_word' id='word_1_605' title='bbox 791 4533 946 4597; x_wconf 76' lang='lat' dir='ltr'>levicausa</span> <span class='ocrx_word' id='word_1_606' title='bbox 996 4536 1199 4607; x_wconf 88' lang='lat' dir='ltr'>jusjurandum</span> <span class='ocrx_word' id='word_1_607' title='bbox 1216 4538 1271 4592; x_wconf 90' lang='lat' dir='ltr'>erit</span> <span class='ocrx_word' id='word_1_608' title='bbox 1291 4538 1321 4592; x_wconf 93' lang='lat' dir='ltr'>in</span> <span class='ocrx_word' id='word_1_609' title='bbox 1337 4539 1440 4606; x_wconf 89' lang='lat' dir='ltr'>medio,</span> <span class='ocrx_word' id='word_1_610' title='bbox 1461 4546 1489 4595; x_wconf 90' lang='lat' dir='ltr'>ct</span> <span class='ocrx_word' id='word_1_611' title='bbox 1504 4541 1586 4597; x_wconf 89' lang='lat' dir='ltr'>illum</span> <span class='ocrx_word' id='word_1_612' title='bbox 1602 4547 1707 4601; x_wconf 87' lang='lat' dir='ltr'>testem</span> 
     </span>
     <span class='ocr_line' id='line_1_50' title="bbox 94 4618 1710 4706; baseline 0.009 -34"><span class='ocrx_word' id='word_1_613' title='bbox 94 4620 193 4690; x_wconf 89' lang='lat' dir='ltr'>jurare</span> <span class='ocrx_word' id='word_1_614' title='bbox 204 4635 262 4672; x_wconf 88' lang='lat' dir='ltr'>nou</span> <span class='ocrx_word' id='word_1_615' title='bbox 274 4618 387 4673; x_wconf 86' lang='lat' dir='ltr'>debent.</span> <span class='ocrx_word' id='word_1_616' title='bbox 403 4619 501 4674; x_wconf 74' lang='lat' dir='ltr'>Manus</span> <span class='ocrx_word' id='word_1_617' title='bbox 509 4634 561 4689; x_wconf 90' lang='lat' dir='ltr'>per</span> <span class='ocrx_word' id='word_1_618' title='bbox 571 4635 659 4690; x_wconf 89' lang='lat' dir='ltr'>quam</span> <span class='ocrx_word' id='word_1_619' title='bbox 671 4637 775 4691; x_wconf 91' lang='lat' dir='ltr'>corpus</span> <span class='ocrx_word' id='word_1_620' title='bbox 787 4626 816 4676; x_wconf 89' lang='lat' dir='ltr'>et</span> <span class='ocrx_word' id='word_1_621' title='bbox 828 4623 945 4693; x_wconf 90' lang='lat' dir='ltr'>sangnis</span> <span class='ocrx_word' id='word_1_622' title='bbox 998 4623 1032 4678; x_wconf 89' lang='lat' dir='ltr'>ds</span> <span class='ocrx_word' id='word_1_623' title='bbox 1048 4625 1220 4679; x_wconf 82' lang='lat' dir='ltr'>iunocentiae</span> <span class='ocrx_word' id='word_1_624' title='bbox 1237 4642 1294 4679; x_wconf 81' lang='lat' dir='ltr'>susa</span> <span class='ocrx_word' id='word_1_625' title='bbox 1315 4628 1449 4698; x_wconf 89' lang='lat' dir='ltr'>puritate,</span> <span class='ocrx_word' id='word_1_626' title='bbox 1464 4630 1510 4684; x_wconf 94' lang='lat' dir='ltr'>cui</span> <span class='ocrx_word' id='word_1_627' title='bbox 1533 4631 1613 4686; x_wconf 92' lang='lat' dir='ltr'>nuda</span> <span class='ocrx_word' id='word_1_628' title='bbox 1625 4637 1655 4687; x_wconf 91' lang='lat' dir='ltr'>et</span> <span class='ocrx_word' id='word_1_629' title='bbox 1668 4648 1710 4706; x_wconf 80' lang='lat' dir='ltr'>apr</span> 
     </span>
     <span class='ocr_line' id='line_1_51' title="bbox 96 4705 1643 4788; baseline 0.008 -27"><span class='ocrx_word' id='word_1_630' title='bbox 96 4705 201 4761; x_wconf 86' lang='lat' dir='ltr'>Christi</span> <span class='ocrx_word' id='word_1_631' title='bbox 223 4710 436 4772; x_wconf 86' lang='lat' dir='ltr'>consecrantur,</span> <span class='ocrx_word' id='word_1_632' title='bbox 461 4707 625 4776; x_wconf 72' lang='lat' dir='ltr'>Jursmeuto</span> <span class='ocrx_word' id='word_1_633' title='bbox 650 4708 818 4778; x_wconf 87' lang='lat' dir='ltr'>polluaturl</span> <span class='ocrx_word' id='word_1_634' title='bbox 842 4710 940 4765; x_wconf 79' lang='lat' dir='ltr'>Absit!</span> <span class='ocrx_word' id='word_1_635' title='bbox 997 4712 1105 4778; x_wconf 89' lang='lat' dir='ltr'>omnia,</span> <span class='ocrx_word' id='word_1_636' title='bbox 1121 4714 1218 4784; x_wconf 88' lang='lat' dir='ltr'>sicque</span> <span class='ocrx_word' id='word_1_637' title='bbox 1234 4716 1390 4770; x_wconf 85' lang='lat' dir='ltr'>maneatin</span> <span class='ocrx_word' id='word_1_638' title='bbox 1406 4717 1524 4788; x_wconf 90' lang='lat' dir='ltr'>proprio</span> <span class='ocrx_word' id='word_1_639' title='bbox 1537 4718 1643 4788; x_wconf 90' lang='lat' dir='ltr'>gradu.</span> 
     </span>
    </p>
   </div>
   <div class='ocr_carea' id='block_1_5' title="bbox 94 4794 1710 4964">
    <p class='ocr_par' dir='ltr' id='par_1_5' title="bbox 94 4794 1710 4964">
     <span class='ocr_line' id='line_1_52' title="bbox 96 4794 1710 4883; baseline -0.002 -34"><span class='ocrx_word' id='word_1_640' title='bbox 96 4811 161 4849; x_wconf 92' lang='lat' dir='ltr'>cum</span> <span class='ocrx_word' id='word_1_641' title='bbox 183 4795 323 4849; x_wconf 87' lang='lat' dir='ltr'>Dominus</span> <span class='ocrx_word' id='word_1_642' title='bbox 343 4794 374 4848; x_wconf 93' lang='lat' dir='ltr'>in</span> <span class='ocrx_word' id='word_1_643' title='bbox 396 4795 547 4865; x_wconf 85' lang='lat' dir='ltr'>Evangelio</span> <span class='ocrx_word' id='word_1_644' title='bbox 569 4795 717 4866; x_wconf 87' lang='lat' dir='ltr'>discipulis</span> <span class='ocrx_word' id='word_1_645' title='bbox 734 4795 804 4864; x_wconf 91' lang='lat' dir='ltr'>suis,</span> <span class='ocrx_word' id='word_1_646' title='bbox 820 4812 944 4869; x_wconf 89' lang='lat' dir='ltr'>quorum</span> <span class='ocrx_word' id='word_1_647' title='bbox 998 4818 1061 4873; x_wconf 38' lang='lat' dir='ltr'>epp·</span> <span class='ocrx_word' id='word_1_648' title='bbox 1084 4819 1247 4874; x_wconf 42' lang='lat' dir='ltr'><strong>CLXXXVH·</strong></span> <span class='ocrx_word' id='word_1_649' title='bbox 1271 4851 1305 4860; x_wconf 73' lang='grc'>,,</span> <span class='ocrx_word' id='word_1_650' title='bbox 1320 4821 1361 4875; x_wconf 63' lang='lat' dir='ltr'>De</span> <span class='ocrx_word' id='word_1_651' title='bbox 1384 4824 1487 4878; x_wconf 57' lang='lat' dir='ltr'><em>dmm-3</em></span> <span class='ocrx_word' id='word_1_652' title='bbox 1508 4828 1638 4881; x_wconf 47' lang='lat' dir='ltr'><em>convica-3</em></span> <span class='ocrx_word' id='word_1_653' title='bbox 1659 4831 1710 4883; x_wconf 43' lang='grc' dir='ltr'>αι</span> 
     </span>
     <span class='ocr_line' id='line_1_53' title="bbox 94 4883 1710 4964; baseline 0.008 -27"><span class='ocrx_word' id='word_1_654' title='bbox 94 4883 185 4938; x_wconf 87' lang='lat' dir='ltr'>vicem</span> <span class='ocrx_word' id='word_1_655' title='bbox 201 4900 258 4938; x_wconf 93' lang='lat' dir='ltr'>non</span> <span class='ocrx_word' id='word_1_656' title='bbox 279 4883 392 4953; x_wconf 91' lang='lat' dir='ltr'>indigni</span> <span class='ocrx_word' id='word_1_657' title='bbox 406 4883 437 4937; x_wconf 92' lang='lat' dir='ltr'>in</span> <span class='ocrx_word' id='word_1_658' title='bbox 452 4889 549 4937; x_wconf 88' lang='lat' dir='ltr'>sancta</span> <span class='ocrx_word' id='word_1_659' title='bbox 564 4884 691 4954; x_wconf 87' lang='lat' dir='ltr'>gerimus</span> <span class='ocrx_word' id='word_1_660' title='bbox 705 4884 829 4939; x_wconf 86' lang='lat' dir='ltr'>Ecclesia</span> <span class='ocrx_word' id='word_1_661' title='bbox 842 4885 918 4940; x_wconf 87' lang='lat' dir='ltr'>dicat</span> <span class='ocrx_word' id='word_1_662' title='bbox 934 4903 941 4941; x_wconf 75' lang='grc' dir='ltr'><strong><em>ε</em></strong></span> <span class='ocrx_word' id='word_1_663' title='bbox 1031 4892 1058 4943; x_wconf 88' lang='lat' dir='ltr'>si</span> <span class='ocrx_word' id='word_1_664' title='bbox 1071 4892 1147 4944; x_wconf 84' lang='lat' dir='ltr'>intra</span> <span class='ocrx_word' id='word_1_665' title='bbox 1162 4907 1263 4944; x_wconf 84' lang='lat' dir='ltr'>anuum</span> <span class='ocrx_word' id='word_1_666' title='bbox 1279 4907 1389 4947; x_wconf 81' lang='lat' dir='ltr'>eausam</span> <span class='ocrx_word' id='word_1_667' title='bbox 1401 4908 1479 4948; x_wconf 83' lang='lat' dir='ltr'>suum</span> <span class='ocrx_word' id='word_1_668' title='bbox 1492 4911 1613 4964; x_wconf 78' lang='lat' dir='ltr'>purgare</span> <span class='ocrx_word' id='word_1_669' title='bbox 1628 4902 1710 4954; x_wconf 76' lang='lat' dir='ltr'>contar</span> 
     </span>
    </p>
   </div>
   <div class='ocr_carea' id='block_1_6' title="bbox 94 4961 1710 5208">
    <p class='ocr_par' dir='ltr' id='par_1_6' title="bbox 94 4961 1710 5208">
     <span class='ocr_line' id='line_1_54' title="bbox 95 4961 1509 5042; baseline 0.002 -15"><span class='ocrx_word' id='word_1_670' title='bbox 95 4973 189 5027; x_wconf 88' lang='lat' dir='ltr'>Nolite</span> <span class='ocrx_word' id='word_1_671' title='bbox 214 4971 330 5026; x_wconf 91' lang='lat' dir='ltr'>omnino</span> <span class='ocrx_word' id='word_1_672' title='bbox 351 4973 459 5041; x_wconf 85' lang='lat' dir='ltr'>jurare.</span> <span class='ocrx_word' id='word_1_673' title='bbox 480 4971 523 5026; x_wconf 90' lang='lat' dir='ltr'>Sit</span> <span class='ocrx_word' id='word_1_674' title='bbox 537 4976 633 5025; x_wconf 90' lang='lat' dir='ltr'>sutem</span> <span class='ocrx_word' id='word_1_675' title='bbox 658 4987 753 5026; x_wconf 92' lang='lat' dir='ltr'>sermo</span> <span class='ocrx_word' id='word_1_676' title='bbox 770 4977 873 5037; x_wconf 86' lang='lat' dir='ltr'>vester,</span> <span class='ocrx_word' id='word_1_677' title='bbox 889 4978 941 5042; x_wconf 90' lang='lat' dir='ltr'>est,</span> <span class='ocrx_word' id='word_1_678' title='bbox 1030 4961 1107 5014; x_wconf 63' lang='lat' dir='ltr'>”lilla</span> <span class='ocrx_word' id='word_1_679' title='bbox 1121 4976 1174 5015; x_wconf 69' lang='lat'>”⁰³3</span> <span class='ocrx_word' id='word_1_680' title='bbox 1188 4977 1279 5016; x_wconf 57' lang='lat' dir='ltr'>&amp;titum</span> <span class='ocrx_word' id='word_1_681' title='bbox 1293 4969 1353 5031; x_wconf 84' lang='lat' dir='ltr'>post</span> <span class='ocrx_word' id='word_1_682' title='bbox 1368 4964 1509 5020; x_wconf 55' lang='lat' dir='ltr'>audimur·</span> 
     </span>
     <span class='ocr_line' id='line_1_55' title="bbox 94 5047 1710 5130; baseline 0.007 -17"><span class='ocrx_word' id='word_1_683' title='bbox 94 5065 146 5127; x_wconf 87' lang='lat' dir='ltr'>est,</span> <span class='ocrx_word' id='word_1_684' title='bbox 163 5075 230 5125; x_wconf 89' lang='lat' dir='ltr'>nou,</span> <span class='ocrx_word' id='word_1_685' title='bbox 256 5075 323 5113; x_wconf 91' lang='lat' dir='ltr'>uon.</span> <span class='ocrx_word' id='word_1_686' title='bbox 347 5058 428 5123; x_wconf 85' lang='lat' dir='ltr'>Quod</span> <span class='ocrx_word' id='word_1_687' title='bbox 444 5063 540 5113; x_wconf 92' lang='lat' dir='ltr'>sutem</span> <span class='ocrx_word' id='word_1_688' title='bbox 564 5058 608 5114; x_wconf 92' lang='lat' dir='ltr'>his</span> <span class='ocrx_word' id='word_1_689' title='bbox 624 5059 817 5115; x_wconf 89' lang='lat' dir='ltr'>abundantius</span> <span class='ocrx_word' id='word_1_690' title='bbox 839 5064 893 5130; x_wconf 89' lang='lat' dir='ltr'>est,</span> <span class='ocrx_word' id='word_1_691' title='bbox 909 5076 942 5115; x_wconf 86' lang='lat' dir='ltr'>ex</span> <span class='ocrx_word' id='word_1_692' title='bbox 1032 5047 1085 5118; x_wconf 77' lang='lat' dir='ltr'>(na</span> <span class='ocrx_word' id='word_1_693' title='bbox 1107 5051 1201 5104; x_wconf 70' lang='lat' dir='ltr'>⁶⁰¹⁴ftl·</span> <span class='ocrx_word' id='word_1_694' title='bbox 1228 5051 1319 5118; x_wconf 69' lang='lat' dir='ltr'>Aft‘t&#39;t·</span> <span class='ocrx_word' id='word_1_695' title='bbox 1343 5068 1404 5121; x_wconf 86' lang='lat' dir='ltr'>cap.</span> <span class='ocrx_word' id='word_1_696' title='bbox 1431 5052 1489 5125; x_wconf 52' lang='lat'>4⁶)</span> <span class='ocrx_word' id='word_1_697' title='bbox 1508 5055 1634 5111; x_wconf 68' lang='lat' dir='ltr'>Rurfflm</span> <span class='ocrx_word' id='word_1_698' title='bbox 1660 5072 1710 5112; x_wconf 78' lang='lat'>0⁰¹¹</span> 
     </span>
     <span class='ocr_line' id='line_1_56' title="bbox 94 5136 1709 5208; baseline 0.001 -13"><span class='ocrx_word' id='word_1_699' title='bbox 94 5150 168 5200; x_wconf 83' lang='lat' dir='ltr'>malo</span> <span class='ocrx_word' id='word_1_700' title='bbox 184 5153 237 5201; x_wconf 68' lang='lat' dir='ltr'>est.</span> <span class='ocrx_word' id='word_1_701' title='bbox 996 5139 1039 5189; x_wconf 87' lang='lat' dir='ltr'>est</span> <span class='ocrx_word' id='word_1_702' title='bbox 1064 5140 1094 5190; x_wconf 91' lang='lat' dir='ltr'>ut</span> <span class='ocrx_word' id='word_1_703' title='bbox 1121 5136 1274 5208; x_wconf 87' lang='lat' dir='ltr'>aliquoties</span> <span class='ocrx_word' id='word_1_704' title='bbox 1301 5139 1411 5193; x_wconf 89' lang='lat' dir='ltr'>clericis</span> <span class='ocrx_word' id='word_1_705' title='bbox 1438 5141 1576 5197; x_wconf 89' lang='lat' dir='ltr'>convictis</span> <span class='ocrx_word' id='word_1_706' title='bbox 1603 5148 1633 5199; x_wconf 89' lang='lat' dir='ltr'>et</span> <span class='ocrx_word' id='word_1_707' title='bbox 1657 5159 1709 5199; x_wconf 89' lang='lat' dir='ltr'>con</span> 
     </span>
    </p>
   </div>
   <div class='ocr_carea' id='block_1_7' title="bbox 94 5222 1710 5391">
    <p class='ocr_par' dir='ltr' id='par_1_7' title="bbox 94 5222 1710 5391">
     <span class='ocr_line' id='line_1_57' title="bbox 94 5222 1710 5303; baseline 0.01 -18"><span class='ocrx_word' id='word_1_708' title='bbox 94 5232 157 5286; x_wconf 80' lang='lat' dir='ltr'>Cre.</span> <span class='ocrx_word' id='word_1_709' title='bbox 180 5234 343 5290; x_wconf 85' lang='lat' dir='ltr'>CLXXXlll.</span> <span class='ocrx_word' id='word_1_710' title='bbox 360 5265 394 5275; x_wconf 94' lang='lat'>—</span> <span class='ocrx_word' id='word_1_711' title='bbox 411 5236 568 5291; x_wconf 69' lang='lat' dir='ltr'>siclericus</span> <span class='ocrx_word' id='word_1_712' title='bbox 590 5236 720 5290; x_wconf 87' lang='lat' dir='ltr'>adversus</span> <span class='ocrx_word' id='word_1_713' title='bbox 742 5238 868 5292; x_wconf 69' lang='lat' dir='ltr'>chrisma</span> <span class='ocrx_word' id='word_1_714' title='bbox 890 5239 942 5292; x_wconf 81' lang='lat' dir='ltr'>lra-</span> <span class='ocrx_word' id='word_1_715' title='bbox 995 5222 1238 5293; x_wconf 64' lang='lat' dir='ltr'>⁸¹¹(l1100flfflifltr</span> <span class='ocrx_word' id='word_1_716' title='bbox 1256 5228 1298 5280; x_wconf 53' lang='grc' dir='ltr'>γε]</span> <span class='ocrx_word' id='word_1_717' title='bbox 1311 5232 1429 5298; x_wconf 64' lang='lat' dir='ltr'>impiet</span> <span class='ocrx_word' id='word_1_718' title='bbox 1451 5245 1551 5284; x_wconf 71' lang='lat' dir='ltr'>0⁰f¹¹¹1¹</span> <span class='ocrx_word' id='word_1_719' title='bbox 1567 5247 1710 5303; x_wconf 72' lang='lat' dir='ltr'><strong>(1⁰⁰fflffl&#39;</strong></span> 
     </span>
     <span class='ocr_line' id='line_1_58' title="bbox 146 5305 1710 5391; baseline 0.012 -35"><span class='ocrx_word' id='word_1_720' title='bbox 146 5305 348 5372; x_wconf 72' lang='lat' dir='ltr'>trinepotum,</span> <span class='ocrx_word' id='word_1_721' title='bbox 364 5307 401 5360; x_wconf 85' lang='lat' dir='ltr'>ad</span> <span class='ocrx_word' id='word_1_722' title='bbox 413 5308 556 5360; x_wconf 75' lang='lat' dir='ltr'>secularis</span> <span class='ocrx_word' id='word_1_723' title='bbox 568 5321 621 5360; x_wconf 83' lang='lat' dir='ltr'>nou</span> <span class='ocrx_word' id='word_1_724' title='bbox 634 5308 886 5377; x_wconf 81' lang='lat' dir='ltr'>rerurrstjudicic.</span> <span class='ocrx_word' id='word_1_725' title='bbox 995 5310 1051 5366; x_wconf 83' lang='lat' dir='ltr'>diae</span> <span class='ocrx_word' id='word_1_726' title='bbox 1067 5313 1202 5382; x_wconf 89' lang='lat' dir='ltr'>parcitur,</span> <span class='ocrx_word' id='word_1_727' title='bbox 1226 5314 1268 5368; x_wconf 89' lang='lat' dir='ltr'>vel</span> <span class='ocrx_word' id='word_1_728' title='bbox 1292 5320 1411 5386; x_wconf 88' lang='lat' dir='ltr'>propter</span> <span class='ocrx_word' id='word_1_729' title='bbox 1427 5317 1557 5373; x_wconf 85' lang='lat' dir='ltr'>Ecclesiae</span> <span class='ocrx_word' id='word_1_730' title='bbox 1580 5318 1710 5391; x_wconf 77' lang='lat' dir='ltr'>opprobii</span> 
     </span>
    </p>
   </div>
   <div class='ocr_carea' id='block_1_8' title="bbox 90 5392 1708 5568">
    <p class='ocr_par' dir='ltr' id='par_1_8' title="bbox 90 5392 1708 5568">
     <span class='ocr_line' id='line_1_59' title="bbox 129 5392 1708 5481; baseline 0.013 -36"><span class='ocrx_word' id='word_1_731' title='bbox 129 5392 191 5458; x_wconf 77' lang='lat' dir='ltr'>(Es</span> <span class='ocrx_word' id='word_1_732' title='bbox 204 5394 297 5447; x_wconf 83' lang='lat' dir='ltr'>concil.</span> <span class='ocrx_word' id='word_1_733' title='bbox 315 5395 457 5460; x_wconf 75' lang='lat' dir='ltr'>chalced,</span> <span class='ocrx_word' id='word_1_734' title='bbox 475 5410 536 5464; x_wconf 75' lang='lat' dir='ltr'>erip.</span> <span class='ocrx_word' id='word_1_735' title='bbox 552 5397 591 5462; x_wconf 84' lang='lat'>9.)</span> <span class='ocrx_word' id='word_1_736' title='bbox 607 5394 635 5449; x_wconf 91' lang='lat' dir='ltr'>Si</span> <span class='ocrx_word' id='word_1_737' title='bbox 659 5396 721 5465; x_wconf 88' lang='lat' dir='ltr'>quis</span> <span class='ocrx_word' id='word_1_738' title='bbox 745 5396 864 5451; x_wconf 87' lang='lat' dir='ltr'>clericus</span> <span class='ocrx_word' id='word_1_739' title='bbox 888 5397 940 5452; x_wconf 90' lang='lat' dir='ltr'>sd·</span> <span class='ocrx_word' id='word_1_740' title='bbox 994 5398 1168 5457; x_wconf 90' lang='lat' dir='ltr'>insolentem</span> <span class='ocrx_word' id='word_1_741' title='bbox 1192 5402 1408 5460; x_wconf 89' lang='lat' dir='ltr'>insultationem</span> <span class='ocrx_word' id='word_1_742' title='bbox 1435 5405 1640 5463; x_wconf 71' lang='lat' dir='ltr'>hereticorum</span> <span class='ocrx_word' id='word_1_743' title='bbox 1662 5413 1708 5481; x_wconf 81' lang='lat' dir='ltr'>atq</span> 
     </span>
     <span class='ocr_line' id='line_1_60' title="bbox 90 5479 1702 5568; baseline 0.014 -34"><span class='ocrx_word' id='word_1_744' title='bbox 90 5495 189 5535; x_wconf 88' lang='lat' dir='ltr'>versus</span> <span class='ocrx_word' id='word_1_745' title='bbox 202 5479 340 5536; x_wconf 87' lang='lat' dir='ltr'>clericum</span> <span class='ocrx_word' id='word_1_746' title='bbox 353 5482 441 5538; x_wconf 84' lang='lat' dir='ltr'>habet</span> <span class='ocrx_word' id='word_1_747' title='bbox 451 5482 611 5556; x_wconf 89' lang='lat' dir='ltr'>negotium,</span> <span class='ocrx_word' id='word_1_748' title='bbox 627 5498 687 5539; x_wconf 91' lang='lat' dir='ltr'>uon</span> <span class='ocrx_word' id='word_1_749' title='bbox 702 5484 815 5541; x_wconf 88' lang='lat' dir='ltr'>deserst</span> <span class='ocrx_word' id='word_1_750' title='bbox 829 5484 940 5557; x_wconf 89' lang='lat' dir='ltr'>cpisco-</span> <span class='ocrx_word' id='word_1_751' title='bbox 993 5487 1100 5558; x_wconf 89' lang='lat' dir='ltr'>tilium,</span> <span class='ocrx_word' id='word_1_752' title='bbox 1116 5489 1142 5546; x_wconf 92' lang='lat' dir='ltr'>si</span> <span class='ocrx_word' id='word_1_753' title='bbox 1161 5491 1235 5549; x_wconf 87' lang='lat' dir='ltr'>forte</span> <span class='ocrx_word' id='word_1_754' title='bbox 1251 5508 1345 5552; x_wconf 76' lang='lat' dir='ltr'>cause</span> <span class='ocrx_word' id='word_1_755' title='bbox 1360 5509 1418 5550; x_wconf 79' lang='lat' dir='ltr'>sua</span> <span class='ocrx_word' id='word_1_756' title='bbox 1432 5495 1532 5552; x_wconf 83' lang='lat' dir='ltr'>adesse</span> <span class='ocrx_word' id='word_1_757' title='bbox 1550 5495 1702 5568; x_wconf 72' lang='lat' dir='ltr'>rotamur,</span> 
     </span>
    </p>
   </div>
   <div class='ocr_carea' id='block_1_9' title="bbox 0 0 1953 6112">
    <p class='ocr_par' dir='ltr' id='par_1_9' title="bbox 0 0 1953 6112">
     <span class='ocr_line' id='line_1_61' title="bbox 0 0 1953 6112; baseline 0 0"><span class='ocrx_word' id='word_1_758' title='bbox 0 0 1953 6112; x_wconf 95' lang='lat' dir='ltr'> </span> 
     </span>
    </p>
   </div>
  </div>
 </body>
</html>
