3878 6112
51 256 101 309 tt?
883 265 980 321 ACTA·
1759 282 1808 335 ll8

50 379 191 450 predictis
212 397 281 436 vero
307 381 451 453 parochie
472 383 602 438 terminis
631 385 668 439 ab
691 385 814 441 Ecclesia
830 386 900 441 Wir-
917 388 941 444 A
960 388 1201 460 quandocumque
1218 391 1313 455 tamen
1337 390 1381 445 rel
1410 391 1585 466 ubicumque
1607 412 1641 451 ea
1668 402 1803 469 provectu

51 469 241 540 zeburgensis
255 471 449 540 commutatis,
465 488 501 527 ue
515 472 670 544 quatieret
696 474 727 528 iu
757 479 903 546 posterum
958 483 1061 532 sauctae
1087 478 1231 543 Ecclesia,
1272 480 1313 534 vel
1343 481 1405 551 eJus
1439 482 1624 550 exaltatione,
1652 485 1803 554 locatione,
1916 532 1921 546 .

50 559 182 628 querela,
199 559 243 612 rel
253 558 405 627 dubitatio,
423 561 582 631 subjectam
595 561 737 617 conscribi
767 563 901 635 paginam
956 580 1015 618 non
1038 565 1148 638 aliquid
1164 567 1419 638 magnillcioparis
1440 570 1539 625 audire
1567 571 1730 644 contigerit,
1750 574 1803 629 im·

51 648 187 702 fecerunt
205 663 214 702 ι
234 647 282 702 cui
293 648 463 721 subscripsit
483 650 578 721 primo
593 650 710 722 quidem
740 651 802 723 ipse
816 651 901 707 Heiu-
957 654 1360 722 meusoedevotiouisalfectn,
1390 662 1419 711 et
1438 658 1596 728 spiritualis
1617 661 1801 716 exultationis

50 736 127 790 ricus
167 736 413 810 wirzeburgensis
445 738 611 811 Episcopus,
638 739 742 795 deiude
773 740 899 811 ejusdem
956 741 1058 796 effectu
1072 742 1152 796 illum
1170 743 1295 810 laudare,
1321 744 1490 801 benedicere
1504 752 1532 801 et
1560 750 1717 819 praedicare
1747 749 1801 805 de-

50 825 178 880 ecclesia
214 826 372 897 praepositi,
405 826 464 882 sire
485 827 645 899 presbyteri
686 843 808 883 numero
845 844 901 883 no·
953 830 1487 902 bemuscojusbacdonasunt,cta
1514 852 1572 907 quo
1601 837 1678 892 bona
1697 843 1800 893 cuncta

52 930 126 969 iem.
954 917 1137 974 ineffabiliter
1150 921 1319 992 procedunt.
1336 923 1390 988 Qui
1405 923 1480 979 inter
1491 924 1714 980 innumerabilia
1730 940 1801 981 sem·

87 1006 157 1057 lus
175 1003 312 1059 Omnium
329 1010 432 1058 sancire
456 1003 507 1058 llei
533 1003 665 1060 Ecclesia
686 1004 814 1060 bdelium
841 1009 900 1060 tam
953 1006 1073 1078 piterure
1098 1009 1274 1081 dignationis
1299 1019 1488 1080 sacramenta,
1519 1029 1553 1069 ea
1571 1019 1598 1070 et
1626 1014 1658 1070 in
1680 1030 1800 1072 suorum

52 1093 239 1162 praesentium
264 1108 352 1163 quam
382 1096 547 1147 l'uturorum
574 1094 705 1147 notitiam
728 1109 786 1149 non
810 1095 898 1150 latere
953 1096 1088 1151 cordibus
1104 1098 1267 1171 Principum
1283 1100 1379 1164 dictet,
1395 1101 1512 1172 quaead
1528 1102 1686 1158 mullorum
1703 1117 1799 1158 exem·

51 1178 257 1242 desideramus,
285 1180 410 1251 qualiter
449 1180 673 1251 gloriosissimus
708 1182 768 1236 Rex
789 1182 897 1237 llaiuri·
952 1184 1044 1253 plum,
1059 1189 1088 1239 et
1102 1185 1224 1241 salutem
1240 1187 1390 1257 prolatura
1407 1192 1556 1257 procurat.

53 1282 110 1333 cus,
144 1267 263 1336 divinae,
299 1273 331 1323 ut
357 1268 511 1336 credimus,
539 1268 743 1324 admonitionis
780 1268 898 1324 stimulo
989 1270 1518 1344 le.«1uqoinusunumest,quod
1546 1289 1635 1345 super
1660 1272 1798 1329 divinitus
1908 1293 1914 1302 ’

51 1362 250 1427 compunctus,
277 1357 312 1411 de
335 1356 463 1427 praediis,
495 1373 560 1429 quas
582 1357 633 1411 llri
657 1359 758 1428 gretia,
784 1358 896 1413 beredi-
952 1354 1067 1425 lactum,
1109 1358 1262 1414 maximam
1292 1358 1437 1414 mentibus
1463 1360 1568 1415 nostris
1593 1359 1723 1416 letitiam
1751 1376 1799 1432 ge·

52 1445 184 1516 latioque
204 1446 271 1516 jura
295 1451 458 1517 pareutum,
486 1446 517 1501 iu
543 1461 603 1500 suoe
632 1446 818 1517 possessionis
844 1447 897 1502 do·
951 1446 1071 1502 ueracit.
1097 1447 1266 1503 Audivimus
1290 1447 1367 1520 quod
1400 1448 1538 1504 Dominus
1562 1454 1661 1503 noster
1687 1448 1796 1504 lleiuri-

52 1532 175 1587 miuium
205 1534 407 1603 pervenerant,
433 1531 483 1587 llei
512 1530 660 1587 seruitium
686 1548 803 1603 augere,
831 1532 894 1604 epi·
950 1549 1000 1588 cus
1025 1535 1250 1604 gloriosissimus
1265 1540 1294 1591 et
1317 1535 1606 1606 invictissimusllex,
1630 1534 1798 1592 divinasibi

51 1626 200 1688 scopatrrm
219 1619 432 1687 constituendo,
448 1620 628 1688 desiderans3
643 1637 701 1693 quo
716 1621 745 1676 id
767 1621 896 1693 legitime
951 1621 1109 1693 inspiranto
1124 1624 1224 1695 gretia,
1241 1641 1273 1680 ex
1297 1624 1357 1679 suis
1384 1624 1513 1696 prediis,
1540 1629 1569 1680 et
1598 1629 1718 1696 paterna
1744 1623 1797 1679 ba·

50 1709 319 1781 rationabiliterque
346 1709 409 1764 lieri
439 1709 591 1780 potuisset,
618 1709 781 1765 Heinricum
814 1725 896 1764 reue-
951 1711 1073 1767 reditate
1101 1713 1131 1767 in
1152 1715 1225 1779 loco,
1254 1715 1304 1784 qui
1336 1713 1442 1769 dicitur
1462 1714 1625 1770 babenberc
1651 1713 1798 1786 episcopa·

48 1796 169 1852 rabilem
184 1796 428 1867 wirzeburgensis
453 1797 580 1851 ecclesiae
604 1796 791 1867 provisorem,
821 1812 896 1870 que·
952 1800 1052 1855 lumin
1079 1801 1188 1857 bonore
1213 1803 1372 1858 beatissimi
1390 1800 1468 1858 Petri
1489 1802 1694 1873 apostolorum
1717 1801 1796 1874 prin·

47 1885 591 1956 tenusquemdamlocumliabenberg
606 1890 806 1956 nirucupatum
829 1900 893 1940 cum
949 1887 1020 1960 cipis
1052 1890 1243 1958 constituerit,
1282 1896 1310 1945 et
1334 1890 1563 1947 commutatione
1594 1891 1678 1958 lacta,
1711 1889 1797 1961 digua

47 1987 118 2044 pago
136 1973 358 2045 Raezengevum
385 1973 505 2035 dictum,
533 1973 584 2044 qni
604 1973 638 2028 ad
658 1990 718 2028 sure
742 1973 895 2030 drmceseos
949 1982 977 2031 et
992 1978 1123 2048 legaliter
1138 1995 1204 2035 cum
1219 1979 1337 2034 ecclesia
1372 1985 1476 2046 vestre,
1502 1983 1614 2051 partem
1641 1977 1796 2051 quamdam

46 2067 152 2117 statam
176 2063 323 2133 portinere
348 2062 508 2128 ridebatur,
533 2061 568 2116 de
593 2078 645 2117 suo
663 2062 729 2133 jure
757 2063 896 2118 insnum
949 2081 981 2120 er
997 2066 1060 2135 ejus
1074 2066 1191 2122 dloecesi
1210 2066 1360 2138 acquisivit
1377 2083 1384 2122 :
1401 2071 1487 2139 atque
1514 2067 1568 2123 boc
1596 2066 1797 2122 concambium

44 2150 137 2222 jasad
152 2150 183 2206 id
194 2150 401 2222 perticiendum
417 2151 641 2218 transfunderat,
657 2150 785 2206 studiose
809 2151 896 2221 coepit
948 2155 1118 2225 Apostolicre
1146 2154 1222 2208 sedis
1261 2154 1445 2225 privilegium
1468 2154 1674 2211 corroborarit.
1714 2153 1796 2222 Quod

47 2238 190 2310 flagitare.
206 2240 287 2304 Quae,
305 2240 443 2310 quoniam
455 2240 542 2310 justas
556 2245 585 2294 et
598 2239 785 2296 rationabiles
803 2256 896 2296 causes
949 2243 1068 2315 quidem
1092 2243 1233 2298 eximium
1260 2246 1289 2298 et
1324 2243 1467 2298 laudabile
1488 2259 1574 2317 opus,
1611 2243 1726 2314 atejus
1755 2242 1797 2298 di·

47 2326 231 2392 ridebantur,
272 2327 403 2398 ejusdem
431 2327 627 2398 augustissimi
664 2333 693 2383 et
717 2329 896 2384 invictissimi
949 2331 1117 2404 guissimam
1134 2330 1346 2395 liberalitatem,
1360 2336 1519 2386 etvestrem
1534 2331 1703 2387 charitatem
1727 2330 1795 2386 satis

49 2416 136 2487 Regis
158 2415 349 2486 petitionibus
360 2416 554 2488 acquiescens,
578 2432 642 2471 cum
657 2417 803 2472 communi
826 2418 895 2472 cleri
949 2419 1064 2492 egregie
1083 2419 1295 2491 praedicabilem
1312 2419 1509 2487 commandat;
1522 2436 1588 2475 cum
1606 2424 1635 2474 et
1653 2434 1738 2475 suum
1752 2422 1796 2474 est

49 2505 192 2576 suiatqoe
216 2504 353 2572 militum,
383 2519 435 2559 nec
451 2521 508 2559 uon
533 2504 623 2560 totius
651 2507 750 2577 pupuli
774 2505 894 2561 consilio
948 2525 1002 2580 per
1020 2508 1229 2578 operationem,
1253 2514 1283 2562 et
1309 2512 1434 2563 restrum
1458 2508 1496 2563 sit
1520 2523 1573 2579 per
1600 2507 1792 2563 dilectionem.

46 2598 240 2656 etconsensu,
263 2592 416 2664 prelatum
441 2593 536 2647 lociim
555 2608 622 2648 cum
645 2593 781 2665 predicto
809 2610 894 2666 pago,
949 2596 983 2653 ln
1007 2611 1065 2666 quo
1090 2594 1283 2665 omnipotenti
1307 2594 1364 2650 lieo
1392 2595 1547 2650 immensas
1575 2594 1683 2667 gratias
1701 2594 1796 2653 reteri·

47 2681 122 2735 libus
136 2681 323 2752 parochianis
334 2680 459 2736 ecclesiis
484 2681 621 2753 exceptis,
640 2699 706 2737 cum
729 2682 789 2737 suis
816 2683 894 2754 adja·
949 2699 1024 2749 rutis,
1039 2682 1074 2737 ad
1089 2682 1170 2752 cujus
1189 2680 1422 2738 inaestimabilem
1435 2683 1556 2754 gloriam
1570 2687 1688 2755 spectat,
1717 2682 1794 2755 quod

44 2769 158 2838 ceutiis,
185 2786 310 2842 quarum
341 2770 402 2826 brec
433 2775 502 2825 snut
529 2770 658 2836 nomina,
690 2772 893 2839 Wacbenrode,
948 2787 1000 2843 per
1028 2771 1136 2841 Regem
1161 2776 1292 2825 nostrum
1320 2771 1497 2838 Heinricum,
1522 2770 1633 2826 bonum
1672 2775 1701 2827 et
1727 2770 1795 2827 lide·

44 2859 204 2925 lonerstat,
245 2858 424 2927 llulcbusen,
458 2858 538 2914 omni
567 2859 752 2929 postmodum
786 2865 895 2917 remote
948 2860 1006 2915 lem
1019 2859 1185 2915 ministrum
1207 2859 1544 2927 suum,luudatissimam
1570 2875 1671 2931 pacem
1701 2859 1794 2914 omni·

42 2946 280 3012 contradictione,
306 2962 366 3001 sues
388 2947 523 3018 potestati
545 2947 672 3003 tradidit.
697 2948 824 3003 Alterius
844 2959 929 3012 rto-G
949 2950 1001 3004 bus
1032 2947 1158 3002 ecclesiis
1180 2952 1306 3020 prestat,
1345 2952 1374 3002 et
1400 2948 1521 3019 insuper
1548 2964 1652 3003 novam
1689 2947 1797 3004 format

44 3040 101 3090 tem
120 3034 203 3107 pagi,
232 3034 283 3106 qui
309 3035 435 3090 Volcield
461 3040 586 3103 vocatur,
617 3036 647 3092 in
675 3053 734 3109 quo
759 3037 894 3109 praelatus
949 3037 1108 3103 ecclesiam,
1123 3051 1279 3108 perquam
1303 3039 1331 3090 et
1352 3036 1388 3091 de
1402 3036 1521 3091 inimico
1542 3034 1664 3092 humani
1681 3034 1795 3107 generis

45 3124 122 3177 locus
136 3124 211 3177 situs
225 3126 278 3188 est,
295 3127 405 3195 partem
421 3122 515 3178 eidem
531 3123 602 3195 Regi
634 3125 784 3192 concessit,
806 3141 895 3194 quau·
948 3124 978 3179 in
998 3123 1103 3180 ricinos
1117 3124 1282 3179 Sclavorum
1294 3127 1405 3194 gentes,
1420 3124 1478 3178 Deo
1492 3122 1661 3194 opitulante,
1687 3122 1793 3176 bium·

43 3216 103 3265 tum
115 3216 161 3266 est
174 3210 211 3266 de
227 3209 410 3266 babenberch
425 3211 461 3266 ad
487 3212 596 3267 llumen
619 3213 722 3279 Vraha,
743 3212 779 3267 de
802 3214 895 3268 Vratie
948 3211 1061 3284 pbabit,
1087 3218 1117 3267 et
1138 3211 1382 3267 innumerabilem
1410 3211 1550 3266 familiam
1571 3225 1625 3283 per
1649 3211 1794 3266 lavacrum

45 3300 74 3355 in
90 3301 250 3356 liateuzam
270 3300 745 3372 llumeu,etsicjuxtadecursom
765 3302 895 3372 ejusdem
949 3300 1178 3367 regenerationis
1204 3299 1259 3355 sibi
1281 3299 1495 3372 multiplicabit.
1523 3301 1580 3356 llos
1605 3303 1702 3354 autern
1729 3314 1794 3354 cum

48 3386 176 3443 lluminis
203 3388 233 3443 in
248 3387 336 3455 lein,
355 3393 384 3443 et
408 3388 475 3444 iude
502 3389 538 3444 ad
566 3389 691 3444 rivulum
719 3390 893 3452 Wichibecb,
949 3388 1087 3445 omnibus
1111 3395 1215 3444 nostrae
1242 3389 1396 3444 diaeceseos
1420 3389 1565 3461 Episcopis
1588 3389 1642 3444 buc
1666 3387 1812 3452 divinum,
1890 3376 1893 3381 ’

46 3474 151 3531 deinde
179 3475 217 3531 ad
240 3482 326 3547 caput
347 3477 476 3546 ejusdem
497 3477 597 3542 rieuli3
615 3477 712 3549 sicque
734 3494 792 3549 qua
814 3478 894 3533 citis·
950 3494 1022 3549 opus
1036 3478 1068 3532 in
1082 3493 1237 3532 commune
1252 3476 1413 3543 laudamus,
1428 3482 1515 3549 atque
1527 3477 1559 3533 in
1573 3494 1607 3532 eo
1623 3476 1700 3547 juste
1725 3492 1795 3531 con-

47 3562 171 3628 sime,et
185 3563 316 3633 proxime
331 3564 479 3636 pervenire
492 3570 587 3636 potest
607 3566 641 3619 ad
667 3565 770 3621 Vraha.
792 3568 895 3622 Actum
949 3564 1105 3618 sentientes
1118 3568 1148 3618 et
1161 3564 1259 3619 subter
1272 3564 1482 3620 conscribentes
1499 3564 1530 3620 in
1558 3569 1732 3635 perpetuum
1750 3579 1796 3617 aa·

46 3650 77 3706 in
116 3651 233 3706 civitate
261 3653 500 3725 wirzeburgensi,
537 3659 678 3724 praesente
714 3655 894 3711 serenissimo
948 3652 1230 3707 lerecoulirmemus.
1246 3674 1260 3702 ιι

48 3740 226 3811 imperatore
255 3740 396 3810 Helorion,
435 3757 470 3798 ee
492 3742 667 3808 conditione,
698 3748 730 3799 ut
752 3745 894 3800 decimam
987 3740 1221 3798 ramesienses
1232 3739 1330 3795 divina
1344 3740 1556 3811 preordinante
1567 3739 1720 3795 clementia
1735 3740 1795 3795 lisa

47 3829 78 3885 in
98 3828 250 3885 novalibus
274 3829 337 3899 jam
366 3830 470 3900 incisis,
499 3832 581 3887 etad
609 3848 741 3889 mansum
780 3850 893 3888 mensu·
949 3829 1086 3885 omuibus
1117 3828 1232 3883 Eclesire
1256 3827 1324 3884 litiis
1348 3834 1408 3882 tam
1432 3828 1537 3883 laturis
1559 3843 1647 3900 quam
1673 3842 1797 3899 prasen-

48 3917 116 3971 ratis
150 3933 218 3972 cum
240 3919 329 3973 veteri
349 3919 460 3975 decime
483 3936 542 3975 non
578 3926 764 3988 commutata,
792 3922 894 3977 Wirze·
949 3917 1036 3972 tibus.
1052 3914 1253 3970 Salaberrimis
1274 3914 1346 3969 sacri
1367 3914 1464 3985 eloqui
1485 3912 1713 3968 institutionibus
1727 3927 1793 3967 eru·

48 4004 199 4076 burgensis
214 4006 333 4061 ecclesia
342 4006 478 4065 retineat.
501 4008 535 4063 ln
557 4008 706 4064 novalibus
735 4025 801 4064 vero
829 4015 896 4080 post
949 4006 1056 4072 dimur,
1072 4008 1101 4060 et
1116 4019 1339 4077 premonemur,
1354 4008 1387 4060 ut
1403 4004 1572 4075 temporalia
1599 4002 1796 4076 relinquentes

49 4091 115 4147 bine
136 4092 301 4149 excolendis
335 4094 475 4149 decimam
505 4095 749 4167 babenbergensis
777 4099 895 4153 ecclesia
949 4093 1035 4161 buna,
1060 4096 1089 4146 et
1120 4097 1235 4146 terrena
1262 4096 1468 4164 postponentes
1501 4090 1664 4158 commoda,
1687 4095 1796 4147 eterna

49 4180 195 4253 possideat
206 4197 273 4237 cum
287 4183 637 4241 termiuocommutato.›
952 4189 981 4236 et
997 4179 1059 4240 sine
1085 4179 1143 4234 fine
1167 4195 1304 4235 mansura
1333 4178 1363 4232 iu
1386 4179 1464 4234 caelis
1487 4178 1655 4234 studeamus
1676 4176 1796 4250 adipisci

85 4273 128 4325 tt.
144 4268 199 4325 Sed
231 4275 260 4326 et
279 4271 401 4326 loannes
419 4271 610 4343 Aquileiensis
637 4273 800 4330 Patriarcba
823 4291 895 4347 opus
911 4240 932 4294 Ι)
951 4268 1131 4325 consistoria.
1169 4267 1265 4324 Gloria
1290 4267 1368 4323 enim
1404 4284 1532 4340 praesens
1558 4266 1678 4338 fugitiva
1699 4271 1743 4322 est
1768 4271 1798 4322 et

49 4359 109 4412 tam
127 4356 277 4412 laudabile
300 4359 386 4428 ltegis
409 4359 654 4427 excellentissimi,
678 4366 707 4416 et
730 4361 808 4432 piem
828 4378 898 4434 erga
951 4373 1035 4423 vana,
1057 4357 1126 4412 dum
1154 4354 1325 4426 possidetur,
1358 4354 1414 4410 nisi
1440 4370 1474 4410 ea
1497 4353 1607 4426 aliquid
1636 4353 1670 4410 de
1689 4353 1796 4411 caelesti

50 4442 195 4498 (brisim
207 4443 390 4499 devotionem
406 4450 466 4500 toto
488 4446 592 4502 affectu
616 4447 799 4519 amplectens,
814 4449 897 4507 lleiu-
952 4444 1113 4500 eternitate
1124 4443 1276 4516 cogitetur.
1297 4443 1351 4500 Sed
1368 4443 1418 4498 liei
1437 4442 1583 4497 miseratio
1607 4443 1735 4497 humano
1747 4458 1797 4514 ge·

50 4530 108 4586 rico
130 4530 273 4602 Episcopo
295 4531 525 4604 wirzeburgensi
553 4533 754 4604 gratulationis
779 4537 897 4605 plenam
952 4532 1015 4588 ueri
1031 4531 1157 4603 providit
1183 4531 1355 4598 remedium,
1389 4531 1506 4603 quando
1543 4536 1657 4603 partem
1677 4529 1798 4587 caelestis

50 4620 151 4693 scripsi
166 4619 332 4688 epistolam.
366 4642 380 4670 κ
396 4620 562 4677 Beatissimo
587 4622 707 4678 Domino
735 4626 764 4677 et
787 4623 898 4678 sincera
950 4621 1062 4691 petrice,
1101 4625 1222 4674 terrenae
1250 4619 1415 4674 substantia
1450 4619 1518 4674 lecit
1552 4635 1612 4674 esse
1647 4619 1795 4691 pretium:

51 4707 189 4763 charitate
208 4706 355 4778 diligendo
375 4707 508 4764 lleiurico
532 4715 637 4765 sanctie
654 4710 898 4784 Wirzeburgeusis
952 4710 1042 4783 liujus
1069 4723 1139 4780 ergo
1166 4724 1218 4763 uos
1245 4707 1405 4763 clementias
1442 4723 1501 4763 non
1524 4706 1718 4778 immemores,
1746 4723 1798 4763 uec

51 4796 176 4851 eoelesiae
201 4794 341 4866 Episcopo
371 4796 548 4865 venerabili,¹
576 4801 698 4854 teanum
724 4799 899 4870 Apelleiusis
951 4798 1118 4869 ignorantes
1131 4812 1183 4851 nos
1205 4795 1333 4867 gratuito
1357 4795 1462 4850 diviua
1489 4795 1682 4850 miserationis
1703 4810 1799 4865 respe-

52 4883 176 4938 ecclesiae
214 4884 378 4955 patriarcba
414 4901 480 4941 cum
503 4887 637 4942 omnibus
662 4904 720 4943 suae
746 4889 898 4944 dioeceseos
951 4892 1010 4953 ctu,
1035 4884 1126 4957 regali
1165 4883 1304 4955 dignitate
1339 4884 1519 4952 sublimatos,
1549 4897 1710 4954 congruum
1737 4897 1798 4936 esse

53 4970 209 5042 Episcopis,
234 4969 391 5026 fraternam
415 4972 598 5028 dilectionem
628 4975 717 5043 ineo,
745 4977 796 5047 qni
820 4977 900 5048 prior
951 4976 1082 5031 ducimus
1112 4989 1171 5028 non
1204 4973 1298 5027 solum
1333 4971 1464 5027 ecclesias
1496 4971 1532 5026 ab
1571 4967 1799 5055 antecessoribus

52 5056 148 5113 dilexit
168 5073 231 5124 nos,
247 5062 276 5112 et
298 5059 416 5114 tradidit
440 5062 626 5132 semetipsum
643 5079 694 5134 pro
715 5063 808 5130 uobis,
832 5065 897 5119 lesu
952 5063 1056 5117 nostris
1074 5065 1248 5116 constructas
1264 5060 1412 5132 ampliare,
1439 5059 1489 5115 sed
1502 5059 1536 5114 ad
1562 5059 1700 5129 majorem
1732 5058 1798 5130 glo·

53 5145 162 5201 Cbristo
189 5145 312 5202 Domino
350 5154 459 5204 nostro.
489 5149 575 5213 Licet,
605 5149 770 5207 Reverende
799 5149 897 5218 irater,
953 5150 1026 5206 riam
1039 5151 1091 5206 nei
1106 5165 1193 5204 noras
1208 5149 1361 5217 oedilicars,
1381 5163 1486 5219 easque
1515 5144 1676 5201 devotionis
1695 5151 1799 5202 nostrae

52 5232 183 5290 murno
197 5233 358 5290 dilectionis
371 5252 440 5291 cura
455 5253 508 5291 nos
523 5237 687 5304 admoneat,
704 5244 735 5293 ut
753 5239 784 5295 iu
804 5240 898 5294 omni·
954 5237 1038 5293 donis
1070 5237 1241 5308 gratissimis
1267 5238 1402 5293 exaltare.
1432 5237 1613 5307 Quapropter
1643 5234 1799 5290 Dominicis

52 5320 101 5375 bas
122 5320 262 5392 operibus
290 5322 373 5377 bonis
397 5340 462 5395 qum
490 5326 619 5379 conditor
637 5325 757 5381 humani
784 5327 899 5397 generis
954 5342 1012 5381 non
1024 5326 1143 5381 surdum
1163 5326 1294 5381 auditum
1322 5314 1485 5396 praebentes
1510 5323 1672 5395 preceptis,
1691 5328 1720 5378 et
1741 5323 1799 5379 dei·

52 5408 278 5464 misericorditer
304 5409 340 5466 ad
376 5413 499 5467 salutem
525 5412 654 5483 quotidie
677 5413 816 5486 disponit,
846 5415 900 5471 im·
953 5415 1014 5472 licis
1042 5414 1269 5487 obtemperando
1306 5412 1488 5468 intendentes
1516 5410 1706 5480 suasionibus,
1735 5413 1799 5467 the·

51 5512 165 5550 mensas
195 5498 354 5567 gratiarum
371 5498 496 5554 actiones
529 5499 585 5571 ipsi
611 5517 696 5572 agere
731 5501 898 5569 debeamus,
953 5502 1168 5559 saurosdivinre
1181 5501 1321 5572 largitatis
1334 5500 1533 5558 munificentia
1558 5499 1641 5568 uobis
1669 5499 1798 5566 collatos,
