3878 6112
90 228 137 281 aar
624 224 826 280 nunculiam
847 222 1113 280 wouutclltusts
1132 222 1300 280 Erlscorl.
1793 227 1848 281 892

89 344 218 416 pestibus
254 344 290 398 ad
318 342 550 414 gastrimargiam
587 342 807 413 pertinentibus,
842 343 939 397 obser·
956 347 979 397 a
998 341 1198 411 conjugesua,
1219 339 1581 409 etprolevelitvobiscum
1601 341 1723 412 spiritali
1742 343 1848 415 gaudio

88 434 214 488 vandum
231 437 282 487 est.
995 429 1097 495 laetari,
1111 432 1140 482 et
1165 429 1318 483 verborum
1343 434 1503 484 vestrorum
1525 431 1712 486 relectionem
1736 432 1846 503 accipe-

326 520 391 575 Car.
402 513 403 517 ’
415 520 444 573 V.
462 550 495 558 -
510 520 650 574 Herodem
665 535 703 573 rc.
996 535 1036 586 rc,
1053 522 1081 572 et
1099 517 1181 571 vobis
1207 517 1390 573 relectionem
1414 520 1558 573 carnalem
1584 520 1733 574 charitatis
1755 519 1848 575 cilicio

124 611 177 678 (Ec
188 625 284 664 conon.
298 610 490 679 apostolorum,
504 609 577 662 titul.
595 609 652 674 42.)
680 608 846 679 Episcopus,
876 624 940 679 pre·
995 607 1139 661 cxhibere.
1163 606 1281 676 Oportet
1295 606 1383 674 euim,
1398 612 1431 663 ut
1446 607 1469 661 si
1496 608 1611 679 quando
1630 609 1756 680 quilibet
1782 609 1848 662 tide

87 699 192 767 sbyter,
208 704 257 751 aut
272 698 408 752 diaconus
425 697 494 750 alera
508 701 594 767 atque
615 697 747 751 ebrietati
761 698 940 768 {deserviens
995 695 1077 761 lium,
1094 694 1257 749 carnalibus
1279 710 1330 748 vos
1345 693 1435 749 reficit
1463 695 1600 767 epulis,a
1632 697 1713 751 iobis
1738 696 1847 752 reficia-

87 791 137 841 aut
152 786 272 848 desinat,
293 791 343 839 aut
362 788 436 838 certe
459 783 622 839 damnetur.
653 785 860 851 Subdiacouus,
893 791 942 839 aut
995 782 1344 854 turepulisspiritalibus.

90 875 253 940 lector,aut
272 878 371 927 cantor
404 871 508 925 similia
532 872 648 941 taciens,
678 878 727 927 aot
752 875 872 940 desinat,
892 880 941 929 aut
994 890 1059 945 CM„
1076 890 1172 945 χι-
1200 890 1462 957 ngeprrussumt,
1479 894 1510 945 „t
1528 890 1595 945 ordo
1613 893 1732 960 patirur,
1755 895 1842 961 poent·

88 962 292 1018 communioua
307 961 444 1033 privetur.
460 960 599 1015 Similiter
613 962 699 1016 etiam
719 962 817 1017 laicus.
1386 965 1451 1016 tect.

317 1051 380 1105 Car.
397 1048 440 1102 Vl.
457 1077 492 1088 —
508 1050 548 1104 De
563 1051 655 1104 codem
670 1067 709 1105 rc.
1030 1051 1084 1122 (Ec
1096 1051 1207 1105 concilio
1222 1051 1371 1119 Agathou,
1387 1055 1476 1121 capite
1494 1051 1546 1120 10.)
1560 1052 1660 1123 ltaque
1674 1068 1743 1106 eum
1764 1067 1844 1122 quem

124 1139 179 1208 (Ea
204 1139 304 1200 eodem,
343 1140 432 1208 capite
455 1137 511 1208 la.)
536 1139 565 1192 Si
595 1140 659 1210 quis
692 1139 854 1209 episcopus,
892 1143 941 1194 aut
994 1138 1206 1192 ebriumluisse
1234 1138 1403 1205 constiterit,
1433 1140 1549 1194 utordo
1576 1140 1694 1212 patitur,
1728 1145 1779 1195 aut
1801 1141 1843 1194 tri-

89 1227 194 1298 aliquis
215 1228 375 1294 ordinatus,
395 1229 424 1282 iu
450 1229 659 1283 consuetudine
692 1227 821 1282 ebriosus
844 1227 939 1297 luerit,
993 1227 1073 1298 ginta
1086 1227 1198 1281 dierum
1223 1227 1317 1298 spacio
1343 1229 1584 1282 acommunione
1604 1229 1763 1283 statuimus
1784 1230 1845 1282 sub-

89 1319 139 1371 aut
153 1316 276 1386 desinat,
293 1321 342 1371 aut
355 1318 525 1389 deponatur.
993 1316 1178 1382 movendum,
1195 1320 1243 1370 aut
1258 1315 1399 1387 corporali
1425 1316 1552 1371 dandum
1574 1317 1725 1388 supplicio.

88 1423 688 1490 Car.Vll.-Quclcsconoioaesuccrdotum
707 1424 794 1493 epulis
813 1425 940 1478 iuteresse
994 1422 1058 1477 Car.
1073 1422 1130 1476 llll.
1157 1450 1192 1462 -
1209 1421 1288 1488 Quod
1307 1423 1371 1476 uino
1387 1422 1520 1476 inebriari
1541 1438 1595 1477 non
1623 1423 1695 1481 licet.
1727 1421 1776 1477 scd
1802 1424 1844 1488 su·

449 1497 573 1551 deleant·
1322 1492 1450 1561 piendum
1469 1497 1516 1547 sit.

125 1581 180 1653 (Em
192 1581 290 1637 decret.
307 1584 418 1638 Eusebii
437 1600 495 1654 po,
517 1585 606 1652 cupite
626 1583 681 1653 10.)
698 1583 817 1653 Oportet
831 1581 975 1675 capiaco-B
1030 1581 1085 1651 (Ea
1103 1580 1184 1635 dictis
1200 1579 1332 1650 Auqust)
1359 1582 1436 1651 Fuge
1456 1581 1555 1635 vinum
1582 1580 1661 1635 relat
1693 1596 1845 1648 venenum,

88 1686 160 1741 pum
184 1672 338 1726 moderatis
374 1673 467 1744 epulis
506 1679 672 1727 contentum
711 1688 782 1738 csse,
816 1687 939 1742 suosque
995 1686 1031 1724 ne
1046 1671 1169 1724 ebrietas
1181 1675 1296 1741 superet
1311 1676 1349 1736 te,
1375 1671 1607 1741 expoliatumque
1634 1670 1793 1725 virtutibus
1822 1675 1846 1724 te

89 1758 221 1814 convivas
237 1761 271 1814 ad
290 1762 498 1816 comedendum
524 1766 553 1815 et
566 1762 722 1831 potandum
743 1777 801 1815 uon
824 1776 938 1830 urgere,
994 1758 1105 1812 nudum
1116 1757 1230 1813 efficiat.
1245 1758 1349 1812 Vinum
1365 1760 1453 1824 anim,
1472 1764 1503 1812 ut
1517 1763 1613 1813 sancta
1635 1757 1787 1829 Scriptura
1804 1759 1847 1813 di·

89 1847 161 1918 quin
183 1847 277 1919 potius
294 1865 408 1921 semper
435 1851 595 1904 sobrietatis
610 1851 738 1919 praebeat
763 1849 938 1920 exemplum.
995 1847 1042 1913 cit,
1050 1851 1210 1917 apostatare
1218 1845 1667 1917 iacitetiamsapienteshttende
1683 1847 1743 1901 Noe
1757 1846 1847 1901 viram

89 1937 301 1992 Removeantur
314 1938 348 1993 ab
372 1938 434 2007 eJ'us
448 1937 577 1992 convivio
601 1941 703 1991 cuncta
717 1937 873 2008 turpidinis
893 1952 940 1991 ar·
994 1935 1151 2005 sapientem
1167 1939 1196 1989 et
1210 1940 1351 2004 sanctum,
1367 1935 1513 2006 quomodo
1530 1950 1581 2005 per
1595 1934 1768 1990 ebrietatem
1797 1952 1847 1990 nu-

89 2029 236 2096 gumeuta,
253 2042 311 2079 non
339 2026 449 2081 ludicra
477 2026 647 2098 spectacula,
671 2042 729 2079 non
763 2030 940 2080 acromatum
994 2026 1076 2080 datus
1100 2031 1151 2094 est,
1174 2025 1329 2080 dormiens.
1353 2027 1473 2081 Attende
1496 2030 1525 2080 et
1554 2026 1626 2081 Loth
1646 2025 1845 2097 patriarcham,

91 2113 264 2185 vaniloquia,
281 2131 340 2168 non
370 2115 516 2169 fatuorum
540 2115 728 2185 stultiloquia,
753 2129 812 2168 non
840 2113 941 2168 scurri·
995 2114 1296 2186 quiperehrietatem
1323 2114 1506 2185 impudenter
1525 2130 1554 2169 se
1568 2115 1753 2169 commiscuit
1777 2114 1846 2169 filia-

88 2201 161 2257 lium
195 2202 385 2257 admittantur
413 2203 567 2275 praestigia.
593 2203 695 2256 adsint
724 2203 881 2274 peregrini,
912 2206 942 2257 et
993 2203 1400 2258 bus.HincbeatusBas1lius
1424 2203 1516 2258 dicit:
1542 2203 1689 2273 ldultiper
1711 2202 1847 2257 vinomo

88 2306 241 2360 pauperes,
268 2295 295 2346 et
322 2291 441 2357 debiles,
472 2293 522 2363 qni
556 2291 590 2344 de
628 2291 795 2344 sacerdotali
841 2307 942 2345 mensa
995 2291 1350 2362 doemouibuscaptisunt
1369 2307 1444 2346 :nec
1463 2298 1507 2346 est
1527 2291 1604 2346 aliud
1628 2291 1845 2363 ebrietasquam

90 2378 235 2433 Christum
263 2379 463 2434 benedicentes
498 2378 729 2433 benedictionem
768 2378 939 2449 percipiant.
995 2378 1246 2433 manifestissimus
1270 2379 1392 2434 daemon.
1411 2380 1482 2435 ilinc
1501 2379 1642 2450 propheta
1666 2380 1727 2435 ait:
1752 2379 1847 2434 Forni-

89 2467 234 2522 Recitetur
260 2485 339 2521 sacra
381 2468 475 2528 lectio,
524 2467 714 2537 subsequatur
752 2467 823 2521 vivae
865 2468 941 2521 vocis
995 2467 1068 2521 catio
1085 2467 1246 2522 ctebrietas
1275 2467 1369 2522 aufert
1392 2485 1451 2522 cor.
1475 2469 1604 2523 Ebrietas
1626 2469 1706 2522 enim
1734 2474 1845 2539 pertur-

89 2555 258 2620 exhortatio‚
276 2561 308 2608 ul
326 2571 384 2609 uon
407 2560 519 2608 tanturn
535 2554 677 2623 corporali
698 2555 771 2623 cibe,
797 2555 856 2608 imo
880 2570 942 2609 rer·
995 2554 1141 2609 hattonem
1157 2555 1243 2626 parit,
1260 2555 1355 2626 giguit
1367 2555 1471 2610 mentis
1493 2556 1629 2624 furorem,
1650 2560 1679 2610 et
1700 2556 1846 2610 tlammam

90 2732 228 2799 tutentur,
240 2736 272 2786 ut
281 2732 312 2786 iu
323 2731 457 2786 omnibus
467 2731 674 2786 honorificetur
685 2734 770 2799 Deus,
781 2748 833 2803 per
844 2733 940 2788 Jesurn
995 2747 1045 2798 no,
1063 2732 1165 2803 inquo
1187 2737 1231 2786 est
1249 2732 1368 2786 luxuria.
1394 2732 1422 2786 Si
1446 2732 1510 2803 quis
1534 2736 1630 2787 aulem
1658 2737 1760 2786 contra
1787 2733 1846 2786 hec

91 2819 236 2875 Christum
249 2820 404 2876 Dominum
426 2824 566 2874 nostrum.
994 2819 1095 2874 lecerit
1115 2822 1278 2874 sanctorum
1301 2824 1415 2887 statuta,
1440 2820 1558 2891 dignam
1580 2837 1613 2874 ac
1635 2818 1755 2890 longam
1784 2824 1846 2890 agat

313 2907 660 2964 Car.Vlll.-Deccdern
678 2924 717 2961 re·
956 2899 1220 2978 Cpoenitcntiam:
1249 2908 1317 2980 quia
1334 2924 1424 2962 unum
1452 2913 1543 2963 estex
1570 2907 1616 2963 his
1640 2909 1844 2980 peccatisque

128 3000 183 3067 (Eu
222 2997 403 3067 penitentiuli
446 2995 568 3064 Theodo.)
598 2995 734 3050 Sacerdos
770 2995 891 3068 quilibet
918 2997 942 3052 si
994 2997 1143 3051 hominem
1166 3013 1183 3051 a
1207 3013 1296 3068 regno
1321 2997 1371 3052 Ilei
1404 3001 1549 3069 separant,
1575 2997 1688 3052 dicente
1721 2998 1844 3068 apostolo

90 3085 251 3140 inebrietur
270 3101 322 3155 per
347 3085 552 3155 ignorantiam,
579 3090 689 3156 septem
712 3085 772 3139 dies
793 3085 940 3155 poeniteat,
995 3086 1084 3140 Paulo
1100 3101 1107 3140 :
1124 3087 1221 3156 Neque
1237 3084 1341 3140 ebriosi
1358 3102 1480 3157 regnum
1498 3087 1549 3140 Dei
1564 3085 1762 3156 possidebunt.

90 3174 121 3228 in
145 3189 220 3244 pane
248 3178 277 3227 et
305 3189 397 3243 aqua,
426 3174 450 3227 si
471 3188 524 3243 per
545 3171 761 3243 negligentiam,
798 3189 832 3226 ιιι
866 3173 940 3242 dies;
996 3171 1060 3227 Car.
1076 3174 1145 3228 xlll.
1164 3174 1206 3227 De
1219 3173 1276 3227 illis
1291 3176 1340 3241 qui
1352 3189 1401 3242 per
1411 3174 1568 3229 ebrietatem
1580 3176 1711 3227 uomitum
1731 3176 1842 3239 sumunt.

91 3263 177 3330 siper
192 3266 389 3331 contemptum
405 3277 441 3315 xc
455 3261 526 3315 dies.
542 3259 683 3315 Diaconos
708 3261 754 3315 vel
773 3262 940 3332 monachus,
1032 3261 1086 3330 (Ec
1100 3262 1281 3331 punitmrtioti
1302 3262 1442 3333 Romano.)
1458 3261 1512 3326 Qui
1536 3277 1587 3332 per
1615 3262 1785 3318 ebrietatem
1802 3280 1843 3317 ro·

91 3347 249 3402 secundum
263 3348 405 3415 ordinem,
423 3352 453 3402 ut
477 3348 615 3418 scriptum
642 3353 696 3417 cst,
713 3364 763 3402 seu
780 3352 809 3402 et
836 3348 942 3420 reliqui
995 3350 1099 3404 mitum
1124 3350 1201 3418 iacit,
1219 3351 1243 3404 si
1272 3351 1422 3422 presbyter
1437 3357 1486 3405 aut
1504 3351 1642 3405 diaconus
1657 3356 1711 3418 est,
1732 3368 1767 3406 xa
1791 3352 1844 3406 dics

91 3435 196 3504 clerici,
208 3442 237 3490 et
252 3437 376 3491 ministri
388 3437 469 3508 juxta
494 3436 636 3501 ordinem,
654 3436 763 3506 judicio
787 3437 942 3493 sacerdotis
994 3440 1140 3510 paeniteat.
1166 3438 1196 3493 Si
1210 3439 1368 3494 monachus
1393 3456 1445 3493 xxx
1473 3439 1699 3510 diespoenitcat;
1727 3441 1753 3494 si
1791 3441 1842 3494 cle·

91 3525 259 3596 poeniteant.
276 3524 353 3580 haici
363 3525 440 3580 velut
453 3530 517 3579 rota
532 3541 591 3579 non
601 3524 738 3579 habentes
754 3524 779 3579 si
801 3525 943 3582 inebrian-
995 3527 1083 3594 ricus,
1097 3543 1131 3582 xx
1142 3527 1219 3594 dies;
1235 3527 1258 3580 si
1273 3528 1370 3591 laicus,
1386 3544 1422 3582 xv
1441 3528 1513 3596 dies,

91 3619 149 3680 tur,
172 3618 332 3685 arguantur
356 3631 373 3668 a
400 3614 554 3680 sacerdote,
585 3614 663 3686 quod
687 3613 792 3668 ebriosi
819 3631 940 3686 regnum
1217 3616 1358 3672 cinxit.
1372 3647 1407 3656 —
1427 3620 1462 3671 De
1477 3617 1568 3671 eodem
1582 3631 1621 3671 rc.

92 3703 143 3758 Dei
164 3718 224 3757 non
251 3703 450 3774 possidebunt,
476 3709 504 3758 et
528 3701 663 3757 interitus
690 3703 726 3757 sit
755 3703 887 3772 ebrietas,
915 3710 944 3761 et
1032 3705 1084 3767 (Ec
1102 3706 1286 3773 punitcratiola'
1318 3705 1395 3760 Beda
1415 3705 1590 3775 presbytcri.)
1618 3703 1733 3771 haicus,
1756 3703 1842 3774 siper

91 3791 243 3862 compellat
259 3807 307 3844 eos
325 3791 473 3861 paenitere.
492 3790 546 3855 Qui
560 3791 636 3862 cogit
659 3791 807 3846 hominem
832 3798 863 3846 ut
894 3793 941 3846 in·
995 3791 1165 3846 ebrietatem
1194 3793 1334 3846 vomitum
1363 3793 1439 3863 iacit,
1469 3799 1524 3848 tres
1546 3811 1562 3847 a
1587 3808 1683 3860 carne,
1712 3796 1741 3847 et
1772 3792 1840 3857 rino,

91 3880 217 3934 ebrietur
227 3880 414 3934 humanitatis
440 3880 541 3950 gratia,
575 3880 728 3934 accerrime
758 3880 940 3952 corripiatur,
996 3884 1024 3934 et
1038 3879 1158 3935 cervisia
1170 3881 1319 3936 abstineat.

92 3973 120 4022 et
153 3985 191 4022 vn
233 3968 293 4022 dies
327 3968 483 4038 paeniteat,
511 3967 609 4039 siper
636 3972 843 4038 contemptum,
887 3986 943 4024 xxx
996 3968 1059 4023 Car.
1074 3969 1232 4024 lut-Do
1247 3971 1303 4024 illis
1318 3971 1367 4038 qut
1380 3985 1428 4038 per
1446 3969 1600 4038 superbiam
1619 3970 1688 4024 otios
1699 3970 1840 4023 inebriant.

91 4055 162 4110 dies.
180 4056 280 4110 Nullus
293 4055 473 4111 Christianus
487 4055 576 4109 alium
598 4055 791 4110 Christianum
816 4057 880 4126 plus
895 4057 941 4110 bi·
1032 4057 1086 4128 (Ec
1099 4057 1211 4127 eodem.)
1233 4057 1261 4112 si
1278 4058 1342 4128 quis
1357 4073 1408 4127 per
1422 4057 1582 4128 nequitiam
1597 4059 1687 4112 alium
1713 4057 1841 4126 inebriat,

92 4144 160 4198 bere
184 4150 268 4216 cogat
292 4149 501 4216 quamnatura·
527 4142 657 4198 sufficiat.
685 4144 765 4208 Quod
787 4144 811 4198 si
832 4145 977 4235 lecerit,D
996 4145 1187 4216 quadraginta
1202 4145 1262 4199 dies
1276 4145 1420 4216 poeniteat.
1441 4144 1520 4208 Quod
1536 4145 1560 4199 si
1582 4144 1611 4200 in
1640 4145 1843 4201 consuetudine

89 4231 173 4302 juxta
186 4232 216 4287 id
231 4233 307 4303 quod
323 4232 353 4285 in
369 4231 560 4303 poenitentiali
574 4231 705 4300 habetur,
721 4232 869 4303 poeniteat.
995 4233 1139 4303 hahuerit,
1157 4232 1361 4288 communione
1376 4232 1514 4303 privetur,
1538 4234 1629 4289 donec
1650 4234 1739 4304 digne
1755 4234 1843 4305 poeni-

324 4320 388 4374 Car.
407 4320 449 4374 lx.
465 4349 500 4359 -
518 4319 656 4374 Decedam
672 4336 711 4375 re.
996 4326 1065 4387 teat,
1081 4325 1110 4376 et
1123 4321 1353 4377 emendationem
1373 4320 1529 4393 promittat.

129 4407 186 4475 (Ea
197 4406 277 4462 dictis
296 4408 440 4462 Fructuosi
463 4409 604 4478 episcopi.)
620 4407 649 4462 si
672 4407 736 4480 quis
755 4409 943 4465 ecclesiastica
1103 4410 1170 4466 clo.
1187 4409 1252 4464 XVI.
1268 4439 1304 4449 -
1320 4409 1396 4476 Quod
1414 4409 1549 4477 fugiendo
1560 4411 1596 4464 sit
1612 4411 1741 4466 ebrietas.

93 4496 231 4567 praeditos
242 4494 434 4563 ordinatione,
465 4501 515 4551 aut
538 4498 695 4551 monachus
715 4500 944 4568 repertusfuerit
1032 4501 1087 4566 (Ec
1098 4499 1170 4553 decr.
1187 4499 1328 4556 Clementis
1342 4514 1422 4568 pop,
1433 4499 1522 4567 capite
1537 4496 1593 4568 35.)
1610 4497 1840 4568 Ebrietatemop·

93 4584 234 4653 ebriosus,
255 4584 286 4638 in
310 4600 385 4655 panc
409 4590 437 4639 el
462 4602 537 4656 aqua
562 4585 653 4640 tribus
671 4587 810 4657 poeniteat
835 4589 942 4644 mensi·
996 4585 1064 4659 pido
1093 4586 1273 4657 prohibebat,
1290 4586 1442 4657 propheta,
1464 4590 1492 4639 et
1511 4585 1638 4639 ebriosos
1662 4601 1794 4657 corpore,
1818 4592 1844 4640 et

92 4675 155 4730 bus.
997 4674 1094 4729 animo
1124 4680 1253 4729 mortuos
1279 4691 1339 4729 esse
1371 4673 1554 4746 predicabat.
1591 4675 1631 4728 lle
1665 4675 1773 4746 quibus
1797 4690 1844 4746 per

329 4761 393 4816 Car.
411 4762 704 4817 ll.-Dceodcrure.
996 4765 1162 4834 exemplum
1187 4764 1305 4818 aiebat:
1341 4765 1388 4818 Vre
1412 4762 1462 4834 qui
1499 4762 1674 4833 consurgitis
1703 4779 1790 4818 mane
1812 4763 1844 4817 ad

128 4852 182 4923 (Ea
210 4851 266 4905 dcc.
295 4852 432 4919 Eutychio
457 4866 548 4921 popa,
583 4854 672 4921 cupite
701 4853 756 4920 la.)
781 4851 941 4908 Observan·
996 4851 1164 4907 ebrictatem
1180 4854 1355 4920 sectandam,
1372 4855 1400 4905 et
1413 4851 1574 4921 potandum
1594 4866 1687 4922 usque
1700 4852 1845 4922 advespe-

92 4939 161 4993 dum
177 4938 323 5005 estvobis,
340 4942 372 4992 ut
402 4943 431 4992 et
459 4954 508 4992 vos
536 4940 572 4993 ab
597 4939 734 4994 ebrietate
764 4940 941 5005 abstineatis,
997 4956 1069 5007 ram,
1081 4946 1113 4995 ut
1133 4940 1198 4995 rino
1222 4940 1357 4994 aestuetis.
1386 4940 1513 5009 Cithara,
1529 4943 1557 4993 et
1584 4938 1657 5009 lyra,
1685 4943 1714 4994 et
1740 4945 1846 5011 lympa-

92 5030 120 5079 et
135 5031 167 5080 ut
180 5026 279 5097 plebes
304 5025 426 5080 suddilae
449 5024 621 5094 abstineant,
643 5027 813 5097 praedicetis.
834 5028 866 5082 m
891 5044 942 5082 nc·
974 5080 976 5085 ,
996 5044 1078 5094 ιιιιιιι,
1094 5033 1123 5083 et
1134 5028 1216 5096 tibia,
1229 5033 1258 5082 et
1275 5028 1375 5082 vinum
1387 5027 1417 5082 in
1438 5027 1574 5083 conviviis
1596 5027 1707 5094 vestris,
1731 5034 1848 5100 etopus

92 5129 149 5184 que
164 5130 215 5183 per
227 5116 359 5169 tabernas
374 5114 446 5168 eatis
459 5113 596 5181 bibendo,
612 5120 662 5170 aut
684 5115 873 5179 comedendo,
895 5133 943 5171 ne·
998 5116 1112 5171 Domini
1127 5133 1185 5171 non
1204 5117 1357 5187 respicitis,
1373 5133 1425 5171 nec
1441 5133 1529 5187 opera
1549 5131 1691 5170 manuum
1704 5117 1768 5186 ejus
1782 5133 1849 5171 con·

92 5218 148 5272 que
162 5202 272 5271 domos,
286 5208 335 5257 aut
349 5203 424 5258 vicos
439 5203 605 5257 curiositate
630 5204 758 5275 qualibet
771 5205 940 5275 peragretis,
996 5205 1135 5259 sideratis.
1145 5204 1290 5259 Etiterum
1301 5202 1636 5276 :quuipotentesestis
1645 5203 1681 5258 ad
1690 5203 1849 5258 bibendum

92 5305 267 5360 nequecum
293 5282 428 5358 loeririnis,
449 5295 578 5347 autcum
608 5291 785 5363 quibuslibet
812 5294 943 5364 personis
996 5293 1107 5359 vinum,
1127 5293 1378 5348 etririfortesad
1399 5293 1574 5347 miscendam
1598 5291 1779 5360 ebrietatem,
1800 5291 1849 5364 qui

92 5376 214 5448 impuris
241 5377 369 5432 convivia
383 5378 548 5446 exerceatis,
566 5378 622 5432 nisi
648 5379 722 5433 torte
737 5380 943 5451 paterfamilias
996 5381 1157 5454 justilicatis
1171 5382 1293 5453 impium
1320 5398 1372 5452 pro
1388 5381 1566 5449 muneribus,
1581 5385 1611 5434 et
1621 5379 1766 5450 justitiam
1779 5380 1849 5452 justi

93 5465 215 5537 quilibet
234 5481 283 5519 vos
313 5465 347 5519 ad
376 5466 496 5522 domum
524 5485 605 5522 suam
624 5468 797 5537 invitaverit,
824 5475 852 5523 et
877 5486 943 5524 cum
998 5469 1116 5525 aufertis
1131 5470 1167 5524 ab
1184 5486 1227 5525 co.
1249 5471 1370 5540 Propter
1384 5470 1449 5535 hoc,
1479 5468 1686 5522 sicutderorat
1711 5469 1848 5539 stipulam
