3878 6112
13 267 21 306 ·.
74 238 125 293 lid
170 212 178 219 .
481 239 722 298 uncusrottuu
742 245 837 302 tlttut
855 248 909 304 XX.
929 277 964 289 -
984 250 1089 307 tisun
1109 250 1262 309 DECIMUS
1280 251 1423 310 SEXTUS.
1770 264 1824 320 etl

22 400 33 434 -‚
74 362 136 419 Car.
153 362 241 419 XXIV.
257 392 291 402 -
313 361 510 417 Deckmdsiu
530 364 602 430 (also
617 367 919 422 testimouiocouoictis.
939 370 1090 425 Atantum
1118 369 1277 424 commodis
1302 370 1440 443 cogitant,
1467 388 1525 427 nou
1553 373 1588 428 de
1616 375 1731 433 futuris.
1760 381 1824 436 Vita

34 518 37 523 ι
105 452 162 523 (Ee
185 452 295 506 concitae
322 451 492 519 Epaonenei,
509 453 667 524 capitali.)
695 454 840 509 Statutum
866 462 919 522 est,
975 458 1053 512 enim
1075 458 1127 512 ista
1148 474 1299 530 vesperum
1321 459 1499 515 futuravero
1515 477 1599 516 mane
1623 465 1771 536 accipitur.
1791 469 1823 524 lit

72 544 102 594 ut
131 539 156 593 si
180 539 245 610 quis
274 538 393 594 clericus
415 539 446 593 iu
475 538 546 594 ialso
577 542 744 596 testimonio
773 544 920 598 convictus
973 544 1047 601 hene
1077 547 1119 601 ait
1143 547 1225 618 quasi
1248 547 1318 617 lupi,
1348 547 1417 619 quia
1441 550 1575 619 luporum
1608 567 1687 607 more
1720 561 1823 611 cuncte

71 627 167 690 luerit,
185 642 250 680 reus
266 626 381 698 capitali
400 626 521 681 crimine
545 636 707 698 censeatur,
723 636 752 685 et
765 631 852 687 olllcii
873 648 919 687 or·
974 635 1125 706 diripiunt,
1142 640 1170 690 et
1184 635 1228 689 vix
1243 651 1334 707 pauca
1346 637 1524 707 pauperihus
1536 639 1731 713 derelinqunt.

73 716 138 771 dine
153 716 338 787 degradetur.
1039 723 1101 778 Car.
1118 724 1217 780 xxvtt.
1233 753 1269 765 -
1283 725 1323 779 De
1335 725 1453 780 verbosis
1461 726 1612 795 judicibus,
1629 735 1655 784 et
1667 732 1756 786 elatis.

282 804 345 859 Csr.
363 804 437 859 llllV.
454 834 488 846 -
504 806 543 860 De
552 806 704 875 judicibus.
1009 813 1067 882 (Ec
1077 812 1147 866 libro
1157 813 1280 880 officior.
1293 816 1321 868 S.
1332 815 1442 881 isidor.)
1457 816 1572 870 verbosi
1583 818 1695 888 judices
1706 820 1820 890 stolati,

104 893 162 962 (liar
184 893 265 948 dictis
280 894 310 947 S.
335 892 448 963 isidor.)
470 894 512 948 dd
535 894 671 949 delictum
696 895 821 966 pertinet
833 897 918 968 prin·
973 900 1322 971 utsapientesrideantur,
1335 917 1393 955 non
1404 902 1679 973 discutiuutcausas,
1691 908 1740 962 sed
1751 925 1824 965 asse·

67 981 178 1053 cipum,
203 981 253 1052 qui
278 997 383 1051 pravos
402 981 515 1051 judices
541 991 641 1037 contra
668 986 846 1041 voluntatem
869 985 919 1041 Dei
973 993 1050 1056 runt,
1067 989 1163 1058 sicque
1173 989 1456 1059 conturbantjudicii
1468 991 1608 1060 ordinem,
1620 992 1689 1048 dum
1701 1012 1752 1049 suo
1762 1013 1821 1052 uou

10 1050 25 1139 i
66 1070 184 1142 populis
204 1070 336 1126 fidelibus
360 1070 540 1140 praeierunt:
558 1073 627 1126 Nam
643 1073 715 1128 sicut
735 1075 835 1144 populi
850 1092 918 1146 pec·
972 1076 1823 1153 contentiolilcio,alienapraesumunt,quidamdomjudica·

10 1162 24 1205 Ι·
64 1165 165 1214 catum
188 1158 324 1212 delictum
340 1163 391 1226 est,
410 1160 527 1230 quaudo
544 1161 687 1232 principes
704 1163 770 1217 mali
787 1169 863 1232 sunt,
878 1164 918 1219 sic
972 1165 1329 1236 reincipiuntirascuntur,
1342 1167 1493 1237 ipsamque
1501 1168 1602 1239 judicii
1614 1172 1820 1228 sententiamin

63 1247 207 1318 principis
232 1252 274 1300 est
300 1252 455 1317 peccatum,
479 1249 596 1318 qnando
608 1250 720 1320 judices
743 1251 836 1323 iniqui
857 1253 916 1337 exi·
972 1254 1114 1309 insaniam
1125 1259 1251 1320 vertunt,
1263 1254 1298 1308 dc
1312 1255 1415 1325 quibus
1426 1260 1502 1310 recte
1513 1259 1742 1330 perprcphetam
1753 1262 1821 1317 diei·

63 1340 157 1391 stunt.
185 1336 277 1390 Bonus
298 1336 388 1406 judex
412 1336 486 1390 sicut
511 1353 611 1392 nocere
637 1339 746 1393 civibus
765 1341 863 1406 nescit,
878 1342 917 1395 ita
971 1348 1028 1412 tur,
1051 1343 1101 1413 qui
1114 1348 1285 1397 convertunt
1306 1344 1336 1397 in
1352 1343 1476 1398 furorem
1491 1345 1643 1415 judicium.
1660 1348 1714 1412 Qui
1729 1350 1820 1404 iratus

61 1423 203 1495 prodesse
227 1424 361 1477 omnihus
378 1424 466 1478 novit.
483 1424 553 1478 Aliis
574 1427 651 1480 enim
666 1431 782 1497 praestat
797 1444 918 1484 censura
968 1430 1088 1501 judicat,
1104 1429 1134 1484 in
1157 1430 1283 1485 furorem
1304 1431 1443 1499 judicium
1466 1435 1567 1500 mutat,
1583 1439 1611 1488 et
1631 1442 1697 1491 aute
1713 1438 1820 1507 prolert

59 1512 196 1584 justitiae,
213 1511 277 1565 aliis
292 1511 429 1566 bonitate.
453 1512 506 1576 Qui
520 1513 629 1583 judicia
643 1515 706 1569 siue
726 1531 915 1585 personarum
970 1518 1143 1572 sententiam
1159 1534 1244 1589 quam
1261 1525 1406 1589 agnoscat.
1424 1521 1514 1573 Furor
1535 1521 1566 1575 in
1579 1522 1685 1592 judice,
1703 1525 1820 1581 inresti-

60 1601 231 1673 aeeeptioue
254 1600 381 1672 suscipit,
400 1616 458 1655 uon
475 1600 602 1657 infirmat
618 1603 771 1674 justitiam,
787 1606 915 1660 avaritiae
971 1606 1116 1677 gallonem
1143 1607 1204 1660 veri
1229 1622 1284 1660 non
1302 1607 1375 1661 valet
1390 1606 1529 1679 attingere
1546 1625 1553 1663 :
1570 1610 1638 1680 quia
1661 1627 1743 1666 mens
1758 1614 1820 1685 ejus

61 1690 194 1758 flamma,
220 1705 272 1744 uec
289 1689 383 1744 studet
401 1690 514 1745 auferre
530 1691 622 1758 alteri,
639 1693 714 1762 qood
738 1693 834 1764 cupiat
849 1694 913 1749 sihi.
971 1695 1087 1750 turbata
1111 1695 1218 1763 furore,
1244 1694 1278 1748 ab
1303 1693 1508 1750 inscrutatione
1527 1698 1669 1753 alienatur
1688 1699 1817 1770 justitiae.

61 1779 136 1835 Bcui
156 1778 280 1850 judices,
304 1778 446 1849 justitiam
461 1779 497 1835 ad
520 1781 610 1834 solam
627 1781 814 1836 obtinendam
838 1784 914 1837 salu·
971 1783 1127 1838 lracuudus
1152 1782 1239 1854 judex
1250 1782 1353 1854 judicii
1375 1799 1494 1838 examen
1509 1786 1594 1856 plene
1619 1787 1748 1842 contueri
1762 1805 1821 1845 non

61 1871 125 1922 tem
141 1873 281 1922 aeternam
304 1866 475 1937 suscipiunt,
501 1884 629 1923 neceam
647 1870 813 1925 muneribus
837 1873 916 1925 acc'e·
971 1870 1154 1942 valet:quia
1181 1871 1302 1941 caligine
1333 1871 1436 1926 luroris
1462 1888 1522 1927 non
1543 1873 1629 1930 ridet.
1654 1875 1819 1940 Quiautem

61 1956 125 2027 ptis
139 1953 329 2021 distribuunt,
354 1961 385 2009 ut
399 1956 466 2009 dum
484 1957 518 2011 de
529 1957 608 2027 iusto
623 1957 732 2027 judicio
749 1960 917 2029 temporalia
972 1960 1086 2031 repulso
1110 1960 1206 2014 iurore
1229 1959 1355 2027 discutit,
1378 1960 1489 2014 facilius
1504 1960 1540 2015 ad
1563 1964 1754 2018 contuendam
1771 1982 1820 2019 ve·

59 2045 206 2117 jeracon
226 2048 377 2114 appetunt,
402 2045 520 2115 praemio
537 2051 643 2100 aeteruo
665 2046 802 2102 ditentur.
819 2047 917 2104 Omnis
970 2037 1086 2103 ritatem
1111 2047 1214 2101 mentis
1243 2048 1396 2102 serenitate
1424 2050 1571 2121 consurgit
1591 2066 1598 2104 ε
1615 2054 1643 2104 et
1671 2052 1732 2105 siue
1761 2053 1819 2106 ulla

61 2133 117 2208 qui
129 2133 209 2205 juste
229 2133 355 2205 judicat„
371 2138 506 2189 steteram
522 2134 552 2190 in
567 2150 653 2189 manu
669 2141 769 2206 gestat,
786 2136 816 2191 in
842 2141 917 2191 utro-
970 2136 1197 2209 perturbatione,
1215 2136 1250 2190 ad
1274 2136 1417 2208 equitatis
1439 2136 1660 2208 intelligentiam
1676 2140 1817 2211 persenit.

58 2238 123 2294 que
148 2237 239 2293 penso
259 2221 401 2293 justitiam
426 2228 454 2278 et
478 2223 705 2280 misericordiam
729 2231 824 2296 portat
844 2241 851 2279 τ
868 2226 915 2281 sed
1058 2224 1122 2281 Car.
1139 2224 1252 2280 llllVlll.
1270 2252 1299 2265 -
1318 2227 1352 2280 De
1363 2227 1476 2294 praemio
1493 2229 1727 2284 remunerationis.

61 2327 119 2384 per
143 2310 285 2383 justitiam
308 2310 404 2367 reddit
424 2312 533 2383 peccati
549 2314 730 2377 senteutiam,
755 2331 807 2386 per
829 2314 917 2370 mise·
1005 2312 1186 2385 (decadem.)
1202 2312 1256 2376 Qui
1280 2318 1357 2367 recte
1367 2313 1479 2384 judicat
1500 2318 1528 2367 et
1543 2314 1696 2385 premium
1721 2329 1818 2371 remu·
1930 2361 1937 2368 ,

60 2400 355 2471 ricordiam·peccati
378 2406 521 2472 temperat
543 2418 657 2473 poenam
675 2419 681 2458 :
698 2407 730 2457 ut
744 2404 798 2459 isto
826 2404 916 2459 libra·
970 2402 1130 2458 uerationis
1144 2405 1282 2473 expectet,
1298 2400 1430 2456 fraudem
1445 2401 1475 2455 in
1493 2403 1550 2456 Deo
1565 2407 1734 2474 perpetrat:
1751 2402 1820 2475 quia

61 2490 146 2545 mine
159 2489 291 2561 quaedam
306 2505 359 2559 per
372 2491 538 2559 aequitatem
553 2492 686 2560 corrigat,
703 2493 835 2563 quedem
850 2509 916 2547 vero
968 2490 1111 2562 justitiam
1136 2505 1223 2561 quarn
1250 2489 1338 2560 gratis
1362 2489 1505 2560 impartiri
1535 2490 1629 2557 debet,
1653 2491 1818 2562 acceptioue

61 2595 118 2651 per
140 2578 357 2634 miserationem
372 2579 530 2650 indulgeat.
547 2580 628 2644 Quod
645 2580 695 2635 Dei
705 2580 812 2651 judicia
827 2581 916 2637 oculis
970 2578 1100 2650 pecuniae
1121 2577 1228 2632 vendit.
1246 2580 1323 2633 Boua
1344 2579 1418 2632 male
1434 2582 1566 2645 utuntur,
1583 2578 1652 2651 quia
1671 2579 1749 2649 juste
1764 2595 1817 2650 pro

60 2669 124 2725 auis
148 2667 303 2739 preponit,
321 2684 434 2740 semper
451 2669 555 2723 timeus
577 2673 761 2736 tremensque
785 2669 815 2724 iu
835 2669 916 2725 omni
970 2667 1122 2738 temporali
1137 2668 1215 2722 lucro
1226 2667 1367 2737 iudicant.
1390 2667 1472 2721 'lates
1485 2667 1593 2738 quippe
1610 2667 1644 2721 ad
1669 2668 1818 2722 veritatem

62 2757 186 2828 negotio
209 2756 387 2825 reformidat,
409 2773 445 2812 ne
466 2757 502 2811 de
515 2756 635 2827 justitie
663 2759 777 2813 tramite
798 2758 917 2814 devians
970 2771 1028 2811 nou
1051 2755 1170 2827 Justitiae
1197 2755 1336 2822 defensio,
1363 2756 1506 2809 sedamor
1533 2754 1645 2826 praemii
1670 2760 1816 2826 provocat.

61 2846 159 2912 cadat,
175 2848 205 2899 et
218 2845 294 2900 uude
309 2860 367 2899 uon
384 2845 569 2916 justificatur,
585 2846 651 2902 iude
665 2847 762 2919 potius
782 2847 917 2902 condem·
971 2845 1079 2910 Quibus
1095 2845 1119 2899 si
1138 2860 1203 2914 spes
1226 2844 1339 2897 nummi
1360 2843 1549 2912 subtrahitur,
1574 2843 1724 2899 confestim
1739 2844 1819 2915 aju-

63 2940 162 2990 uetur.
514 2996 521 3009 ‚
931 2931 1054 2988 Cstitias
1086 2931 1436 2988 contessionerecedunt.
1470 2929 1604 3003 deceptio
1629 2947 1816 2987 nummorum

218 3021 284 3077 Cae.
301 3022 389 3077 llllVl.
404 3051 441 3064 -
458 3025 494 3077 lie
506 3025 603 3093 procis
612 3023 765 3094 judicibus.
969 3020 1167 3092 prevaricatio
1188 3019 1315 3074 veritatis
1329 3022 1380 3073 est.
1399 3019 1479 3074 Unde
1494 3024 1522 3072 et
1534 3035 1585 3091 pro
1598 3020 1676 3090 iusto
1690 3020 1793 3075 dicitur
1808 3035 1816 3074 ε

100 3110 167 3179 (Ee
185 3110 267 3165 dictis
290 3111 434 3179 eiusdem.)
454 3110 607 3166 'Neminem
623 3111 777 3166 stultorum
798 3114 843 3167 rel
859 3113 915 3167 im·
970 3109 1025 3174 Qui
1041 3109 1146 3164 excutit
1169 3124 1271 3162 manns
1286 3107 1322 3162 ab
1339 3107 1419 3161 omni
1436 3123 1566 3174 munere,
1584 3108 1636 3162 iste
1653 3108 1683 3163 in
1699 3108 1818 3162 excelsis

64 3199 226 3269 proborum
250 3205 381 3270 oportere
401 3199 525 3269 judicem
555 3215 625 3254 esse.
642 3200 712 3254 Nam
734 3201 838 3256 stultus
866 3217 919 3274 per
971 3198 1089 3253 habitat.
1119 3197 1200 3251 Dives
1225 3195 1393 3250 muneribus
1416 3196 1473 3251 cito
1494 3197 1654 3267 corrumpit
1678 3197 1816 3267 judicem,

63 3285 917 3360 ignariamignoratjustitiam,improbuspercupidttatem
971 3301 1081 3357 pauper
1108 3289 1205 3340 autem
1230 3285 1298 3339 dum
1326 3300 1386 3338 nou
1410 3284 1496 3339 habet
1526 3286 1603 3356 quod
1628 3284 1737 3348 offerat,
1759 3299 1817 3338 non

64 3374 229 3446 corrumpit
251 3375 344 3444 ipsum
360 3391 446 3450 quam
471 3376 541 3430 dicit
555 3377 716 3433 veritatem.
742 3379 859 3434 Gravius
873 3378 915 3432 la·
970 3375 1063 3429 solum
1076 3373 1171 3428 audiri
1194 3373 1398 3440 contemnitur,
1414 3373 1461 3427 sed
1478 3372 1564 3428 etiam
1587 3379 1616 3428 et
1628 3378 1728 3427 contra
1743 3371 1817 3426 veri·

64 3468 203 3520 occantur
214 3479 355 3535 pauperes
368 3480 383 3518 a
398 3464 494 3535 pravis
506 3465 663 3536 judicibus,
681 3483 768 3538 quam
782 3482 799 3521 a
811 3482 916 3521 cruen-
970 3467 1057 3517 tatem
1081 3461 1265 3533 opprimitur.
1289 3461 1350 3515 Cito
1374 3460 1495 3515 violatur
1514 3477 1585 3515 auro
1607 3460 1730 3531 justitia,
1752 3460 1818 3514 uul-

64 3551 188 3608 tissimis
211 3551 353 3608 hostibus.
377 3552 479 3608 Nullus
504 3554 695 3625 euimprcedo
722 3559 781 3610 tam
796 3555 917 3626 cupidus
971 3551 1085 3620 lamque
1116 3563 1182 3602 reus
1205 3547 1382 3618 pertimescit
1399 3550 1525 3618 culpam,
1555 3564 1642 3619 quam
1674 3547 1818 3602 redimere

65 3640 97 3696 in
116 3640 230 3704 alienis,
247 3657 333 3712 quam
354 3641 443 3712 judex
466 3641 585 3714 iniquus
599 3644 629 3698 in
644 3643 711 3698 suis.
729 3644 864 3699 Latrones
887 3643 917 3698 iu
970 3636 1097 3693 nummis
1120 3635 1271 3691 existimat.
1288 3637 1353 3690 Plus
1376 3635 1453 3690 enirn
1473 3636 1583 3690 obtinet
1608 3641 1734 3689 mentem
1750 3651 1817 3689 ocn-

63 3728 188 3785 aeeessis
210 3729 388 3784 faucibusac
410 3730 699 3802 latebrosisjaceutes
722 3731 841 3786 insidias
863 3749 917 3804 po.
969 3727 1041 3783 soris
1064 3725 1242 3792 amorlucri,
1262 3740 1350 3794 quam
1376 3723 1497 3795 aequitas
1515 3723 1627 3794 judicii.
1656 3722 1817 3798 l'rssepim

64 3820 143 3872 nunt
158 3833 166 3872 :
182 3815 231 3871 isti
245 3816 339 3888 palam
357 3817 522 3889 rapacitatis
536 3820 654 3874 avaritia
668 3819 797 3876 seviunt.
817 3823 916 3876 Hostes
969 3818 1037 3871 suut
1053 3830 1206 3869 munerum
1221 3813 1409 3883 acceptiones,
1436 3811 1541 3883 quibus
1566 3817 1665 3866 contra
1675 3811 1818 3883 justitiam

64 3903 98 3960 in
125 3903 250 3959 aliorum
278 3904 451 3976 sanguinem
471 3910 584 3962 tantum
610 3907 765 3963 intendunt
785 3925 792 3963 τ
805 3908 916 3980 judices
969 3908 1094 3962 humana
1111 3903 1220 3957 vanitas
1245 3901 1360 3969 militat,
1384 3901 1483 3969 idest,
1507 3901 1589 3955 favor
1609 3900 1816 3979 amicitiarum,

65 3992 151 4065 quasi
183 3992 374 4048 crudelissimi
406 3994 553 4050 carnifices
581 3995 701 4062 civium,
731 3998 915 4068 oppressione
970 3993 1095 4049 adulatio
1121 3991 1222 4053 laudis,
1244 3996 1273 4044 et
1295 3989 1452 4060 corporalis
1467 3988 1593 4059 acceptio
1609 3987 1746 4043 muueris.
1765 3989 1816 4044 Fa·

63 4098 118 4136 m
146 4081 340 4152 subjectorum
361 4081 450 4138 viram
476 4084 657 4155 oxtjnguunt,
680 4085 735 4150 Qui
761 4085 839 4140 „nim
865 4087 914 4141 de.
969 4080 1050 4134 cilius
1067 4084 1163 4133 autem
1178 4078 1353 4150 pervertitur
1366 4077 1489 4146 animus,
1505 4077 1548 4131 rei
1563 4092 1701 4148 corporeo
1715 4092 1818 4132 muue-

64 4173 182 4225 strnaut
207 4169 290 4224 multi
313 4175 381 4225 suut
400 4187 406 4226 :
424 4173 482 4226 ruri
504 4178 569 4227 sunt
589 4173 638 4243 qui
665 4175 786 4245 populos
817 4176 914 4245 legum
935 4184 1012 4268 Dte,
1038 4183 1124 4238 quam
1146 4166 1245 4238 gratioe
1271 4166 1421 4237 laudisque
1447 4167 1554 4222 lavore·
1577 4168 1706 4231 Ottfll¹¹⁰r
1726 4167 1818 4222 m0di⁸

65 4257 265 4313 moderamine
279 4263 389 4328 regunt.
404 4261 576 4331 Plerumque
592 4266 620 4316 et
631 4261 699 4317 honi
710 4262 822 4332 judices
835 4268 912 4331 sunt,
967 4255 1108 4327 judicium
1124 4255 1283 4309 huminum
1302 4254 1502 4310 ⁰0¹¹V0lti²¹¹l²
1519 4255 1634 4321 ῑῑῐῦθῑθ,
1650 4254 1816 4325 cupidini&

63 4345 116 4401 ssd
141 4345 288 4401 ministros
310 4362 426 4418 rapaces
450 4348 566 4414 habeut,
583 4350 806 4418 horumllgurs,
831 4352 915 4406 utait
970 4343 1170 4412 odio,am0re.
1187 4343 1311 4410 Timore,
1337 4344 1406 4398 dum
1422 4349 1501 4399 metu
1520 4343 1669 4414 potestatis
1684 4343 1815 4416 alicujus,
1888 4408 1892 4414 ,

10 4450 14 4493 ·.
63 4433 197 4505 quidum,
213 4437 352 4506 tanquam
376 4436 455 4491 scilla
468 4437 609 4508 pingitur,
633 4443 718 4510 atque
733 4439 913 4496 describitur.
969 4432 1118 4489 veritatem
1141 4432 1222 4503 10(ῐυί
1241 4432 1427 4504 patescimtss·
1453 4432 1624 4503 cupiditate,
1650 4432 1720 4488 dum
1741 4448 1816 4504 Pl&-

58 4525 130 4595 19„
152 4522 271 4594 quidem
295 4524 423 4579 humana
446 4526 550 4597 specie,
571 4527 620 4583 sed
643 4527 783 4598 capitibus
806 4528 916 4584 caninis
971 4522 1028 4577 mic
1042 4521 1171 4577 muneris
1187 4521 1307 4592 alicujus
1322 4521 1544 4592 corrumpimur.
1561 4521 1642 4589 Odio,
1660 4522 1729 4576 dum
1744 4537 1817 4576 eon-

62 4610 193 4667 aeciucta
218 4615 247 4666 et
269 4611 456 4668 circumdata.
478 4615 540 4670 Nou
564 4615 648 4670 aliter
662 4615 833 4687 quibusdam
861 4633 915 4688 po·
969 4616 1012 4666 tra
1027 4611 1186 4683 quemlihet
1200 4609 1396 4664 adversarium
1413 4609 1558 4676 molimur,
1579 4609 1661 4677 cujus
1675 4608 1742 4665 odio
1760 4624 1818 4664 cor-

62 4698 218 4753 testatibus
232 4699 346 4768 accidit,
361 4707 394 4756 ut
415 4702 543 4772 ipsorum
560 4704 768 4760 humanitatem
784 4704 917 4760 immani·
969 4700 1142 4772 rumpimur.
1167 4701 1283 4765 Amore,
1307 4698 1376 4752 dum
1394 4697 1485 4752 amico
1500 4698 1544 4751 vel
1567 4697 1730 4768 propinquo
1745 4712 1817 4769 prce·

63 4793 108 4843 tu
138 4786 306 4859 iniquorum
334 4789 479 4846 sociorum
508 4793 670 4862 perturbet.
699 4792 779 4864 Saepe
803 4793 915 4864 judices
969 4795 1044 4845 stare
1070 4787 1279 4844 contendimus.
1302 4785 1350 4840 liis
1375 4786 1454 4840 enim
1478 4790 1603 4857 quatuor
1625 4785 1717 4840 causis
1739 4801 1816 4858 sepe

65 4875 155 4948 pravi,
169 4876 335 4947 cupiditatis
347 4894 442 4946 causa,
459 4885 507 4935 aut
521 4880 668 4947 differunt,
684 4887 734 4937 aut
747 4886 917 4953 pervertunt
969 4876 1088 4948 aequiffl
1100 4875 1233 4930 Videtur·

63 4963 184 5034 judicia,
202 4981 254 5020 uec
279 4966 384 5022 liniunt
406 4973 498 5039 eoepta
520 4970 645 5040 partium
668 4972 793 5043 negotia,
810 4987 917 5042 quous·
1058 4963 1122 5020 (2³¹³-
1139 4964 1226 5019 ΧΧῙΧ·
1242 4991 1278 5004 ··
1292 4962 1334 5017 ⁰³
1348 4962 1551 5033 ⁰Pltl⁶³⁸⁰tfb²t⁸
1562 4976 1725 5032 wultm-

63 5069 121 5124 que
153 5053 300 5124 marsupia
334 5071 434 5111 corum
468 5057 518 5127 qui
551 5067 704 5114 causantur
737 5060 914 5115 exhauriant
1005 5053 1065 5124 (Ee
1085 5051 1198 5123 eodem)
1220 5053 1382 5122 Pauperum
1397 5066 1580 5123 oppressores
1602 5055 1671 5104 tuuc
1685 5048 1817 5104 sentian-

66 5141 186 5207 Quando
202 5141 281 5197 onim
293 5143 435 5214 judicant,
450 5160 508 5200 nou
529 5161 628 5202 causas
641 5147 690 5202 sed
710 5149 784 5203 dona
801 5148 916 5203 deside·
969 5148 1017 5197 tur
1031 5141 1156 5212 graviori
1176 5140 1255 5212 digni
1279 5156 1339 5196 esse
1358 5139 1509 5208 sententia,
1532 5138 1648 5209 quando
1663 5138 1817 5209 praevalue-

67 5234 140 5296 rant,
167 5233 196 5284 et
217 5229 292 5285 sicut
315 5233 495 5302 negligentes
510 5239 577 5289 suut
604 5235 633 5289 in
651 5235 826 5291 discussione
846 5251 917 5290 cau-
971 5229 1028 5285 rint
1043 5229 1088 5284 his
1102 5229 1207 5301 quibus
1222 5229 1347 5284 atrocius
1363 5243 1466 5283 nocere
1480 5226 1632 5282 voluerint·
1650 5227 1721 5281 Num
1736 5231 1815 5282 tento

66 5318 203 5386 mutium,
219 5318 260 5373 sic
275 5319 307 5375 in
332 5335 432 5376 eorum
446 5322 552 5378 damno
566 5323 681 5377 solliciti
704 5328 778 5378 sunt.
803 5323 916 5378 iudices
971 5320 1001 5374 iu
1017 5320 1114 5375 tuturo
1144 5318 1285 5391 supplicio
1309 5316 1520 5373 condemnandi
1541 5320 1615 5384 sunt,
1638 5319 1744 5387 quanto
1770 5314 1818 5369 hic

68 5407 165 5478 prari‚·
188 5408 273 5480 juxta
303 5410 454 5482 Propheta
472 5428 580 5477 vocem,
612 5412 695 5484 quasi
714 5412 774 5484 lupi
798 5428 916 5483 vespere
971 5408 1186 5464 lortiuscontra
1201 5405 1475 5462 miserorumritam
1490 5403 1672 5460 invaluerint.
1690 5403 1816 5460 ltudiuut

69 5493 311 5569 nonrelinquant
332 5496 361 5553 iu
379 5514 475 5567 mane,
497 5499 553 5555 hcc
564 5504 618 5568 est,
634 5499 669 5555 de
685 5499 835 5571 praeacutis
850 5499 917 5556 sitas
967 5498 1079 5571 judices
1093 5501 1121 5553 et
1136 5496 1187 5569 qui
1198 5499 1327 5569 praesunt
1340 5495 1468 5569 populis,
1486 5493 1556 5567 quia
1575 5510 1629 5566 pro
1644 5493 1816 5566 temporali-
