<?xml version="1.0" encoding="UTF-8"?>
<!DOCTYPE html PUBLIC "-//W3C//DTD XHTML 1.0 Transitional//EN"
    "http://www.w3.org/TR/xhtml1/DTD/xhtml1-transitional.dtd">
<html xmlns="http://www.w3.org/1999/xhtml" xml:lang="en" lang="en">
 <head>
  <title>
</title>
<meta http-equiv="Content-Type" content="text/html;charset=utf-8" />
  <meta name='ocr-system' content='tesseract 3.04.00' />
  <meta name='ocr-capabilities' content='ocr_page ocr_carea ocr_par ocr_line ocrx_word'/>
</head>
<body>
  <div class='ocr_page' id='page_1' title='image "./patrologiaecurs17unkngoog_0015.png"; bbox 0 0 3878 6112; ppageno 0'>
   <div class='ocr_carea' id='block_1_1' title="bbox 128 435 1879 494">
    <p class='ocr_par' dir='ltr' id='par_1_1' title="bbox 128 435 1879 494">
     <span class='ocr_line' id='line_1_1' title="bbox 128 435 1879 494; baseline -0.005 -4"><span class='ocrx_word' id='word_1_1' title='bbox 128 439 160 491; x_wconf 81' lang='grc'><strong>19</strong></span> <span class='ocrx_word' id='word_1_2' title='bbox 780 441 806 491; x_wconf 78' lang='lat' dir='ltr'><strong>S.</strong></span> <span class='ocrx_word' id='word_1_3' title='bbox 830 436 974 494; x_wconf 76' lang='lat' dir='ltr'><strong>bubulci</strong></span> <span class='ocrx_word' id='word_1_4' title='bbox 994 435 1229 493; x_wconf 65' lang='lat' dir='ltr'><strong>turtunensis·</strong></span> <span class='ocrx_word' id='word_1_5' title='bbox 1847 435 1879 482; x_wconf 78' lang='lat' dir='ltr'><strong>ao</strong></span> 
     </span>
    </p>
   </div>
   <div class='ocr_carea' id='block_1_2' title="bbox 126 554 1877 632">
    <p class='ocr_par' dir='ltr' id='par_1_2' title="bbox 126 554 1877 632">
     <span class='ocr_line' id='line_1_2' title="bbox 126 554 1877 632; baseline -0.003 -17"><span class='ocrx_word' id='word_1_6' title='bbox 126 561 205 631; x_wconf 80' lang='lat' dir='ltr'><strong>§ill</strong></span> <span class='ocrx_word' id='word_1_7' title='bbox 223 559 531 628; x_wconf 79' lang='lat' dir='ltr'><strong>Couorrizutio,elecotio</strong></span> <span class='ocrx_word' id='word_1_8' title='bbox 549 563 623 616; x_wconf 68' lang='lat' dir='ltr'><strong>seara</strong></span> <span class='ocrx_word' id='word_1_9' title='bbox 646 563 777 632; x_wconf 84' lang='lat' dir='ltr'><strong>eorporis,</strong></span> <span class='ocrx_word' id='word_1_10' title='bbox 802 565 826 616; x_wconf 80' lang='lat' dir='ltr'><strong>et</strong></span> <span class='ocrx_word' id='word_1_11' title='bbox 851 561 1008 618; x_wconf 72' lang='lat' dir='ltr'><strong>transtu-il</strong></span> <span class='ocrx_word' id='word_1_12' title='bbox 1027 560 1209 616; x_wconf 75' lang='lat' dir='ltr'>sanctitatem</span> <span class='ocrx_word' id='word_1_13' title='bbox 1235 575 1326 629; x_wconf 89' lang='lat' dir='ltr'><strong>suam,</strong></span> <span class='ocrx_word' id='word_1_14' title='bbox 1343 554 1442 615; x_wconf 89' lang='lat' dir='ltr'><strong>multis</strong></span> <span class='ocrx_word' id='word_1_15' title='bbox 1456 556 1602 614; x_wconf 89' lang='lat' dir='ltr'><strong>miraculis</strong></span> <span class='ocrx_word' id='word_1_16' title='bbox 1627 557 1663 612; x_wconf 91' lang='lat' dir='ltr'><strong>ad</strong></span> <span class='ocrx_word' id='word_1_17' title='bbox 1700 555 1877 627; x_wconf 82' lang='lat' dir='ltr'>sepulturam</span> 
     </span>
    </p>
   </div>
   <div class='ocr_carea' id='block_1_3' title="bbox 126 653 979 1694">
    <p class='ocr_par' dir='ltr' id='par_1_3' title="bbox 504 653 599 705">
     <span class='ocr_line' id='line_1_3' title="bbox 504 653 599 705; baseline 0 -1"><span class='ocrx_word' id='word_1_18' title='bbox 504 653 599 705; x_wconf 77' lang='lat' dir='ltr'><strong>linires.</strong></span> 
     </span>
    </p>

    <p class='ocr_par' dir='ltr' id='par_1_4' title="bbox 126 737 979 1694">
     <span class='ocr_line' id='line_1_4' title="bbox 161 737 977 809; baseline -0.004 -16"><span class='ocrx_word' id='word_1_19' title='bbox 161 741 205 794; x_wconf 78' lang='lat' dir='ltr'><strong>ao.</strong></span> <span class='ocrx_word' id='word_1_20' title='bbox 220 740 320 795; x_wconf 84' lang='lat' dir='ltr'><strong>l&#39;trum</strong></span> <span class='ocrx_word' id='word_1_21' title='bbox 337 738 411 794; x_wconf 67' lang='lat' dir='ltr'><strong>ads.</strong></span> <span class='ocrx_word' id='word_1_22' title='bbox 431 739 542 794; x_wconf 83' lang='lat' dir='ltr'><strong>ilenricr</strong></span> <span class='ocrx_word' id='word_1_23' title='bbox 556 739 658 795; x_wconf 84' lang='lat' dir='ltr'><strong>urorita</strong></span> <span class='ocrx_word' id='word_1_24' title='bbox 668 738 839 793; x_wconf 87' lang='lat' dir='ltr'><strong>ostentanda</strong></span> <span class='ocrx_word' id='word_1_25' title='bbox 854 740 903 791; x_wconf 86' lang='lat' dir='ltr'><strong>aut</strong></span> <span class='ocrx_word' id='word_1_26' title='bbox 918 737 977 809; x_wconf 87' lang='lat' dir='ltr'><strong>glo·</strong></span> 
     </span>
     <span class='ocr_line' id='line_1_5' title="bbox 126 824 977 898; baseline -0.001 -17"><span class='ocrx_word' id='word_1_27' title='bbox 126 825 199 882; x_wconf 72' lang='lat' dir='ltr'><strong>narn</strong></span> <span class='ocrx_word' id='word_1_28' title='bbox 215 827 241 883; x_wconf 89' lang='lat' dir='ltr'><strong>ci</strong></span> <span class='ocrx_word' id='word_1_29' title='bbox 255 827 462 884; x_wconf 82' lang='lat' dir='ltr'><strong>conciliandam</strong></span> <span class='ocrx_word' id='word_1_30' title='bbox 492 830 616 882; x_wconf 89' lang='lat' dir='ltr'><strong>multum</strong></span> <span class='ocrx_word' id='word_1_31' title='bbox 644 828 772 882; x_wconf 82' lang='lat' dir='ltr'><strong>conterat</strong></span> <span class='ocrx_word' id='word_1_32' title='bbox 797 824 867 881; x_wconf 86' lang='lat' dir='ltr'><strong>risio</strong></span> <span class='ocrx_word' id='word_1_33' title='bbox 888 842 977 898; x_wconf 88' lang='lat' dir='ltr'><strong>quam</strong></span> 
     </span>
     <span class='ocr_line' id='line_1_6' title="bbox 127 915 977 987; baseline -0.002 -16"><span class='ocrx_word' id='word_1_34' title='bbox 127 916 272 987; x_wconf 80' lang='lat' dir='ltr'><strong>ejosvtte</strong></span> <span class='ocrx_word' id='word_1_35' title='bbox 303 916 425 971; x_wconf 89' lang='lat' dir='ltr'><strong>inseruit</strong></span> <span class='ocrx_word' id='word_1_36' title='bbox 453 932 616 987; x_wconf 77' lang='lat' dir='ltr'><strong>anonymus</strong></span> <span class='ocrx_word' id='word_1_37' title='bbox 635 915 803 981; x_wconf 84' lang='lat' dir='ltr'><strong>monachus,</strong></span> <span class='ocrx_word' id='word_1_38' title='bbox 834 931 896 985; x_wconf 90' lang='lat' dir='ltr'><strong>cap.</strong></span> <span class='ocrx_word' id='word_1_39' title='bbox 931 917 977 982; x_wconf 71' lang='lat'><strong>⁶28,</strong></span> 
     </span>
     <span class='ocr_line' id='line_1_7' title="bbox 127 999 978 1075; baseline -0.004 -17"><span class='ocrx_word' id='word_1_40' title='bbox 127 999 191 1059; x_wconf 88' lang='lat' dir='ltr'><strong>aliis</strong></span> <span class='ocrx_word' id='word_1_41' title='bbox 218 1004 441 1059; x_wconf 85' lang='lat' dir='ltr'><strong>examinandum</strong></span> <span class='ocrx_word' id='word_1_42' title='bbox 466 1003 643 1075; x_wconf 89' lang='lat' dir='ltr'><strong>relinquam;</strong></span> <span class='ocrx_word' id='word_1_43' title='bbox 673 1004 830 1058; x_wconf 89' lang='lat' dir='ltr'><strong>illustriora</strong></span> <span class='ocrx_word' id='word_1_44' title='bbox 857 1001 978 1075; x_wconf 88' lang='lat' dir='ltr'><strong>posteris</strong></span> 
     </span>
     <span class='ocr_line' id='line_1_8' title="bbox 128 1090 977 1164; baseline -0.007 -17"><span class='ocrx_word' id='word_1_45' title='bbox 128 1098 299 1164; x_wconf 84' lang='lat' dir='ltr'><strong>argumenta</strong></span> <span class='ocrx_word' id='word_1_46' title='bbox 314 1093 436 1164; x_wconf 87' lang='lat' dir='ltr'><strong>praebuit</strong></span> <span class='ocrx_word' id='word_1_47' title='bbox 450 1092 593 1162; x_wconf 85' lang='lat' dir='ltr'><strong>gloriosus</strong></span> <span class='ocrx_word' id='word_1_48' title='bbox 617 1092 647 1147; x_wconf 92' lang='lat' dir='ltr'><strong>in</strong></span> <span class='ocrx_word' id='word_1_49' title='bbox 671 1091 780 1146; x_wconf 88' lang='lat' dir='ltr'><strong>Sanctis</strong></span> <span class='ocrx_word' id='word_1_50' title='bbox 795 1091 853 1146; x_wconf 89' lang='lat' dir='ltr'><strong>suis</strong></span> <span class='ocrx_word' id='word_1_51' title='bbox 879 1090 977 1146; x_wconf 84' lang='lat' dir='ltr'><strong>Ouini-</strong></span> 
     </span>
     <span class='ocr_line' id='line_1_9' title="bbox 129 1178 975 1251; baseline -0.005 -16"><span class='ocrx_word' id='word_1_52' title='bbox 129 1182 317 1251; x_wconf 82' lang='lat' dir='ltr'><strong>petons‚dum</strong></span> <span class='ocrx_word' id='word_1_53' title='bbox 333 1182 427 1250; x_wconf 88' lang='lat' dir='ltr'><strong>ipsum</strong></span> <span class='ocrx_word' id='word_1_54' title='bbox 443 1181 573 1250; x_wconf 83' lang='lat' dir='ltr'><strong>pluribus</strong></span> <span class='ocrx_word' id='word_1_55' title='bbox 599 1180 724 1251; x_wconf 74' lang='lat' dir='ltr'><strong>egregiis</strong></span> <span class='ocrx_word' id='word_1_56' title='bbox 755 1179 899 1235; x_wconf 76' lang='lat' dir='ltr'><strong>miraculis</strong></span> <span class='ocrx_word' id='word_1_57' title='bbox 930 1178 975 1232; x_wconf 92' lang='lat' dir='ltr'><strong>in·</strong></span> 
     </span>
     <span class='ocr_line' id='line_1_10' title="bbox 128 1269 978 1340; baseline -0.005 -17"><span class='ocrx_word' id='word_1_58' title='bbox 128 1270 281 1323; x_wconf 87' lang='lat' dir='ltr'><strong>clarescere</strong></span> <span class='ocrx_word' id='word_1_59' title='bbox 297 1269 395 1337; x_wconf 90' lang='lat' dir='ltr'><strong>voluit,</strong></span> <span class='ocrx_word' id='word_1_60' title='bbox 412 1270 516 1340; x_wconf 88' lang='lat' dir='ltr'><strong>quibus</strong></span> <span class='ocrx_word' id='word_1_61' title='bbox 545 1271 661 1324; x_wconf 88' lang='lat' dir='ltr'><strong>demum</strong></span> <span class='ocrx_word' id='word_1_62' title='bbox 693 1276 787 1323; x_wconf 90' lang='lat' dir='ltr'><strong>motus</strong></span> <span class='ocrx_word' id='word_1_63' title='bbox 817 1269 978 1339; x_wconf 85' lang='lat' dir='ltr'><strong>Egilbertus</strong></span> 
     </span>
     <span class='ocr_line' id='line_1_11' title="bbox 131 1357 978 1429; baseline -0.002 -17"><span class='ocrx_word' id='word_1_64' title='bbox 131 1357 347 1426; x_wconf 84' lang='lat' dir='ltr'><strong>bambergensis</strong></span> <span class='ocrx_word' id='word_1_65' title='bbox 371 1359 531 1429; x_wconf 89' lang='lat' dir='ltr'><strong>episcopus,</strong></span> <span class='ocrx_word' id='word_1_66' title='bbox 578 1359 680 1412; x_wconf 88' lang='lat' dir='ltr'><strong>ordine</strong></span> <span class='ocrx_word' id='word_1_67' title='bbox 708 1374 808 1418; x_wconf 75' lang='lat' dir='ltr'><strong>tronus,</strong></span> <span class='ocrx_word' id='word_1_68' title='bbox 852 1373 885 1410; x_wconf 92' lang='lat' dir='ltr'><strong>eo</strong></span> <span class='ocrx_word' id='word_1_69' title='bbox 916 1372 978 1410; x_wconf 86' lang='lat' dir='ltr'><strong>rear</strong></span> 
     </span>
     <span class='ocr_line' id='line_1_12' title="bbox 129 1444 977 1515; baseline -0.004 -15"><span class='ocrx_word' id='word_1_70' title='bbox 129 1444 261 1515; x_wconf 81' lang='lat' dir='ltr'><strong>perduxit</strong></span> <span class='ocrx_word' id='word_1_71' title='bbox 276 1450 305 1499; x_wconf 93' lang='lat' dir='ltr'><strong>ut</strong></span> <span class='ocrx_word' id='word_1_72' title='bbox 328 1446 400 1500; x_wconf 88' lang='lat' dir='ltr'><strong>sacri</strong></span> <span class='ocrx_word' id='word_1_73' title='bbox 429 1447 556 1501; x_wconf 72' lang='lat' dir='ltr'><strong>caelitum</strong></span> <span class='ocrx_word' id='word_1_74' title='bbox 581 1447 703 1500; x_wconf 76' lang='lat' dir='ltr'><strong>honores</strong></span> <span class='ocrx_word' id='word_1_75' title='bbox 727 1451 823 1500; x_wconf 89' lang='lat' dir='ltr'><strong>sancto</strong></span> <span class='ocrx_word' id='word_1_76' title='bbox 854 1446 977 1515; x_wconf 86' lang='lat' dir='ltr'><strong>{mpera-</strong></span> 
     </span>
     <span class='ocr_line' id='line_1_13' title="bbox 129 1532 979 1605; baseline 0 -19"><span class='ocrx_word' id='word_1_77' title='bbox 129 1532 185 1586; x_wconf 88' lang='lat' dir='ltr'><strong>tori</strong></span> <span class='ocrx_word' id='word_1_78' title='bbox 199 1532 433 1589; x_wconf 74' lang='lat' dir='ltr'><strong>decernerentur.</strong></span> <span class='ocrx_word' id='word_1_79' title='bbox 452 1535 481 1589; x_wconf 93' lang='lat' dir='ltr'><strong>ld</strong></span> <span class='ocrx_word' id='word_1_80' title='bbox 507 1550 564 1605; x_wconf 88' lang='lat' dir='ltr'><strong>quo</strong></span> <span class='ocrx_word' id='word_1_81' title='bbox 592 1549 667 1588; x_wconf 90' lang='lat' dir='ltr'><strong>auno</strong></span> <span class='ocrx_word' id='word_1_82' title='bbox 688 1533 830 1597; x_wconf 86' lang='lat' dir='ltr'><strong>acciderit,</strong></span> <span class='ocrx_word' id='word_1_83' title='bbox 852 1533 979 1604; x_wconf 91' lang='lat' dir='ltr'><strong>primum</strong></span> 
     </span>
     <span class='ocr_line' id='line_1_14' title="bbox 130 1621 978 1694; baseline 0.001 -20"><span class='ocrx_word' id='word_1_84' title='bbox 130 1621 298 1692; x_wconf 68' lang='lat' dir='ltr'><strong>expediam</strong></span> <span class='ocrx_word' id='word_1_85' title='bbox 327 1623 560 1681; x_wconf 73' lang='lat' dir='ltr'><strong>deindeeaetera</strong></span> <span class='ocrx_word' id='word_1_86' title='bbox 579 1638 746 1694; x_wconf 89' lang='lat' dir='ltr'><strong>prosequar.</strong></span> <span class='ocrx_word' id='word_1_87' title='bbox 776 1623 815 1677; x_wconf 86' lang='lat' dir='ltr'><strong>Ex</strong></span> <span class='ocrx_word' id='word_1_88' title='bbox 844 1621 978 1692; x_wconf 82' lang='lat' dir='ltr'><strong>Egilberti</strong></span> 
     </span>
    </p>
   </div>
   <div class='ocr_carea' id='block_1_4' title="bbox 1031 645 1883 1697">
    <p class='ocr_par' dir='ltr' id='par_1_5' title="bbox 1031 645 1883 1697">
     <span class='ocr_line' id='line_1_15' title="bbox 1031 645 1880 717; baseline -0.009 -12"><span class='ocrx_word' id='word_1_89' title='bbox 1031 649 1330 717; x_wconf 85' lang='lat' dir='ltr'><strong>editis,eonllrmavit,</strong></span> <span class='ocrx_word' id='word_1_90' title='bbox 1348 653 1376 704; x_wconf 89' lang='lat' dir='ltr'><strong>et</strong></span> <span class='ocrx_word' id='word_1_91' title='bbox 1399 664 1427 703; x_wconf 89' lang='lat' dir='ltr'><strong>sc</strong></span> <span class='ocrx_word' id='word_1_92' title='bbox 1452 648 1488 703; x_wconf 90' lang='lat' dir='ltr'><strong>ad</strong></span> <span class='ocrx_word' id='word_1_93' title='bbox 1504 647 1616 703; x_wconf 88' lang='lat' dir='ltr'><strong>coeleste</strong></span> <span class='ocrx_word' id='word_1_94' title='bbox 1632 645 1704 700; x_wconf 94' lang='lat' dir='ltr'><strong>illud</strong></span> <span class='ocrx_word' id='word_1_95' title='bbox 1725 645 1774 699; x_wconf 83' lang='lat' dir='ltr'><strong>llei</strong></span> <span class='ocrx_word' id='word_1_96' title='bbox 1795 650 1880 715; x_wconf 86' lang='lat' dir='ltr'><strong>atque</strong></span> 
     </span>
     <span class='ocr_line' id='line_1_16' title="bbox 1032 735 1877 808; baseline -0.011 -13"><span class='ocrx_word' id='word_1_97' title='bbox 1032 740 1198 796; x_wconf 78' lang='lat' dir='ltr'><strong>Sanctorum</strong></span> <span class='ocrx_word' id='word_1_98' title='bbox 1228 738 1403 793; x_wconf 73' lang='lat' dir='ltr'><strong>consortium</strong></span> <span class='ocrx_word' id='word_1_99' title='bbox 1437 741 1584 808; x_wconf 82' lang='lat' dir='ltr'><strong>receptum</strong></span> <span class='ocrx_word' id='word_1_100' title='bbox 1618 751 1679 789; x_wconf 75' lang='lat' dir='ltr'><strong>esse</strong></span> <span class='ocrx_word' id='word_1_101' title='bbox 1711 735 1877 806; x_wconf 83' lang='lat' dir='ltr'><strong>comproba-</strong></span> 
     </span>
     <span class='ocr_line' id='line_1_17' title="bbox 1032 823 1877 898; baseline -0.007 -17"><span class='ocrx_word' id='word_1_102' title='bbox 1032 830 1088 894; x_wconf 86' lang='lat' dir='ltr'><strong>vit;</strong></span> <span class='ocrx_word' id='word_1_103' title='bbox 1111 827 1316 898; x_wconf 80' lang='lat' dir='ltr'><strong>utllgilbcrtns</strong></span> <span class='ocrx_word' id='word_1_104' title='bbox 1342 826 1492 896; x_wconf 86' lang='lat' dir='ltr'><strong>episcopus</strong></span> <span class='ocrx_word' id='word_1_105' title='bbox 1516 825 1568 879; x_wconf 85' lang='lat' dir='ltr'><strong>bac</strong></span> <span class='ocrx_word' id='word_1_106' title='bbox 1591 824 1626 878; x_wconf 89' lang='lat' dir='ltr'><strong>de</strong></span> <span class='ocrx_word' id='word_1_107' title='bbox 1651 823 1877 893; x_wconf 87' lang='lat' dir='ltr'><strong>relegationem</strong></span> 
     </span>
     <span class='ocr_line' id='line_1_18' title="bbox 1034 912 1876 985; baseline -0.01 -14"><span class='ocrx_word' id='word_1_108' title='bbox 1034 918 1153 972; x_wconf 80' lang='lat' dir='ltr'><strong>trainam</strong></span> <span class='ocrx_word' id='word_1_109' title='bbox 1170 916 1349 979; x_wconf 86' lang='lat' dir='ltr'><strong>mittendam,</strong></span> <span class='ocrx_word' id='word_1_110' title='bbox 1367 914 1564 985; x_wconf 81' lang='lat' dir='ltr'><strong>etliugeninm</strong></span> <span class='ocrx_word' id='word_1_111' title='bbox 1583 912 1749 967; x_wconf 80' lang='lat' dir='ltr'><strong>Pontificem</strong></span> <span class='ocrx_word' id='word_1_112' title='bbox 1765 913 1800 964; x_wconf 87' lang='lat' dir='ltr'><strong>de</strong></span> <span class='ocrx_word' id='word_1_113' title='bbox 1814 928 1876 964; x_wconf 90' lang='lat' dir='ltr'><strong>oin-</strong></span> 
     </span>
     <span class='ocr_line' id='line_1_19' title="bbox 1032 999 1880 1076; baseline -0.009 -17"><span class='ocrx_word' id='word_1_114' title='bbox 1032 1005 1116 1060; x_wconf 88' lang='lat' dir='ltr'><strong>nibus</strong></span> <span class='ocrx_word' id='word_1_115' title='bbox 1132 1005 1284 1076; x_wconf 76' lang='lat' dir='ltr'><strong>diligenter</strong></span> <span class='ocrx_word' id='word_1_116' title='bbox 1309 1004 1484 1058; x_wconf 90' lang='lat' dir='ltr'><strong>edocendum</strong></span> <span class='ocrx_word' id='word_1_117' title='bbox 1515 1002 1632 1072; x_wconf 86' lang='lat' dir='ltr'><strong>putarit.</strong></span> <span class='ocrx_word' id='word_1_118' title='bbox 1657 1000 1766 1064; x_wconf 84' lang='lat' dir='ltr'><strong>Quibus</strong></span> <span class='ocrx_word' id='word_1_119' title='bbox 1796 999 1880 1052; x_wconf 89' lang='lat' dir='ltr'><strong>rebus</strong></span> 
     </span>
     <span class='ocr_line' id='line_1_20' title="bbox 1032 1087 1881 1164; baseline -0.008 -17"><span class='ocrx_word' id='word_1_120' title='bbox 1032 1092 1152 1164; x_wconf 86' lang='lat' dir='ltr'><strong>cognitis</strong></span> <span class='ocrx_word' id='word_1_121' title='bbox 1180 1102 1207 1147; x_wconf 91' lang='lat' dir='ltr'><strong>et</strong></span> <span class='ocrx_word' id='word_1_122' title='bbox 1224 1093 1382 1164; x_wconf 89' lang='lat' dir='ltr'><strong>legatorum</strong></span> <span class='ocrx_word' id='word_1_123' title='bbox 1406 1092 1544 1145; x_wconf 77' lang='lat' dir='ltr'><strong>relatione</strong></span> <span class='ocrx_word' id='word_1_124' title='bbox 1561 1089 1667 1154; x_wconf 86' lang='lat' dir='ltr'><strong>audita,</strong></span> <span class='ocrx_word' id='word_1_125' title='bbox 1693 1087 1822 1142; x_wconf 83' lang='lat' dir='ltr'><strong>Pontiler</strong></span> <span class='ocrx_word' id='word_1_126' title='bbox 1842 1104 1881 1140; x_wconf 91' lang='lat' dir='ltr'><strong>re-</strong></span> 
     </span>
     <span class='ocr_line' id='line_1_21' title="bbox 1033 1176 1876 1255; baseline -0.006 -21"><span class='ocrx_word' id='word_1_127' title='bbox 1033 1183 1137 1253; x_wconf 88' lang='lat' dir='ltr'><strong>ligione</strong></span> <span class='ocrx_word' id='word_1_128' title='bbox 1161 1183 1291 1255; x_wconf 83' lang='lat' dir='ltr'><strong>perfusus</strong></span> <span class='ocrx_word' id='word_1_129' title='bbox 1319 1180 1460 1252; x_wconf 88' lang='lat' dir='ltr'><strong>ipsuuiS.</strong></span> <span class='ocrx_word' id='word_1_130' title='bbox 1490 1179 1643 1235; x_wconf 87' lang='lat' dir='ltr'><strong>ilenrienrn</strong></span> <span class='ocrx_word' id='word_1_131' title='bbox 1673 1176 1876 1239; x_wconf 83' lang='lat' dir='ltr'><strong>confessorem,</strong></span> 
     </span>
     <span class='ocr_line' id='line_1_22' title="bbox 1032 1265 1881 1340; baseline -0.009 -15"><span class='ocrx_word' id='word_1_132' title='bbox 1032 1271 1087 1325; x_wconf 89' lang='lat' dir='ltr'><strong>boe</strong></span> <span class='ocrx_word' id='word_1_133' title='bbox 1104 1271 1166 1340; x_wconf 91' lang='lat' dir='ltr'><strong>ipso</strong></span> <span class='ocrx_word' id='word_1_134' title='bbox 1189 1288 1276 1337; x_wconf 89' lang='lat' dir='ltr'><strong>anno,</strong></span> <span class='ocrx_word' id='word_1_135' title='bbox 1302 1286 1405 1340; x_wconf 87' lang='lat' dir='ltr'><strong>nempe</strong></span> <span class='ocrx_word' id='word_1_136' title='bbox 1427 1274 1492 1339; x_wconf 90' lang='lat' dir='ltr'><strong>post</strong></span> <span class='ocrx_word' id='word_1_137' title='bbox 1514 1268 1623 1323; x_wconf 89' lang='lat' dir='ltr'><strong>obitum</strong></span> <span class='ocrx_word' id='word_1_138' title='bbox 1642 1268 1702 1337; x_wconf 84' lang='lat' dir='ltr'><strong>ejus</strong></span> <span class='ocrx_word' id='word_1_139' title='bbox 1723 1265 1881 1319; x_wconf 84' lang='lat' dir='ltr'><strong>centesimo</strong></span> 
     </span>
     <span class='ocr_line' id='line_1_23' title="bbox 1033 1358 1883 1431; baseline -0.007 -20"><span class='ocrx_word' id='word_1_140' title='bbox 1033 1358 1168 1430; x_wconf 83' lang='lat' dir='ltr'><strong>vigesimo</strong></span> <span class='ocrx_word' id='word_1_141' title='bbox 1188 1361 1293 1431; x_wconf 89' lang='lat' dir='ltr'><strong>primo,</strong></span> <span class='ocrx_word' id='word_1_142' title='bbox 1316 1359 1345 1413; x_wconf 93' lang='lat' dir='ltr'><strong>in</strong></span> <span class='ocrx_word' id='word_1_143' title='bbox 1363 1359 1531 1413; x_wconf 88' lang='lat' dir='ltr'><strong>Sanctorum</strong></span> <span class='ocrx_word' id='word_1_144' title='bbox 1560 1370 1713 1409; x_wconf 91' lang='lat' dir='ltr'><strong>numerum</strong></span> <span class='ocrx_word' id='word_1_145' title='bbox 1736 1369 1883 1406; x_wconf 85' lang='lat' dir='ltr'><strong>cousecra-</strong></span> 
     </span>
     <span class='ocr_line' id='line_1_24' title="bbox 1033 1443 1883 1519; baseline -0.008 -19"><span class='ocrx_word' id='word_1_146' title='bbox 1033 1447 1111 1502; x_wconf 88' lang='lat' dir='ltr'><strong>tione</strong></span> <span class='ocrx_word' id='word_1_147' title='bbox 1126 1464 1177 1503; x_wconf 88' lang='lat' dir='ltr'><strong>sua</strong></span> <span class='ocrx_word' id='word_1_148' title='bbox 1189 1448 1314 1519; x_wconf 79' lang='lat' dir='ltr'><strong>redegit3</strong></span> <span class='ocrx_word' id='word_1_149' title='bbox 1331 1453 1415 1519; x_wconf 90' lang='lat' dir='ltr'><strong>atque</strong></span> <span class='ocrx_word' id='word_1_150' title='bbox 1442 1446 1591 1501; x_wconf 86' lang='lat' dir='ltr'><strong>haedere</strong></span> <span class='ocrx_word' id='word_1_151' title='bbox 1615 1444 1721 1497; x_wconf 89' lang='lat' dir='ltr'><strong>litteras</strong></span> <span class='ocrx_word' id='word_1_152' title='bbox 1749 1443 1839 1496; x_wconf 82' lang='lat' dir='ltr'><strong>botua</strong></span> <span class='ocrx_word' id='word_1_153' title='bbox 1865 1457 1883 1494; x_wconf 97' lang='grc' dir='ltr'><strong>ιι</strong></span> 
     </span>
     <span class='ocr_line' id='line_1_25' title="bbox 1034 1534 1883 1608; baseline -0.012 -17"><span class='ocrx_word' id='word_1_154' title='bbox 1034 1538 1099 1592; x_wconf 88' lang='lat' dir='ltr'><strong>idus</strong></span> <span class='ocrx_word' id='word_1_155' title='bbox 1115 1537 1228 1593; x_wconf 88' lang='lat' dir='ltr'><strong>llartias</strong></span> <span class='ocrx_word' id='word_1_156' title='bbox 1252 1537 1288 1592; x_wconf 90' lang='lat' dir='ltr'><strong>ad</strong></span> <span class='ocrx_word' id='word_1_157' title='bbox 1309 1538 1486 1608; x_wconf 83' lang='lat' dir='ltr'><strong>Egilberturn</strong></span> <span class='ocrx_word' id='word_1_158' title='bbox 1511 1534 1678 1603; x_wconf 88' lang='lat' dir='ltr'><strong>episcopum</strong></span> <span class='ocrx_word' id='word_1_159' title='bbox 1708 1537 1737 1585; x_wconf 93' lang='lat' dir='ltr'><strong>et</strong></span> <span class='ocrx_word' id='word_1_160' title='bbox 1766 1537 1883 1584; x_wconf 68' lang='lat' dir='ltr'><strong>caeteros</strong></span> 
     </span>
     <span class='ocr_line' id='line_1_26' title="bbox 1034 1619 1883 1697; baseline -0.013 -17"><span class='ocrx_word' id='word_1_161' title='bbox 1034 1626 1160 1681; x_wconf 87' lang='lat' dir='ltr'><strong>ecclesiae</strong></span> <span class='ocrx_word' id='word_1_162' title='bbox 1185 1641 1315 1697; x_wconf 87' lang='lat' dir='ltr'><strong>proceres</strong></span> <span class='ocrx_word' id='word_1_163' title='bbox 1347 1624 1433 1680; x_wconf 90' lang='lat' dir='ltr'><strong>dedit.</strong></span> <span class='ocrx_word' id='word_1_164' title='bbox 1464 1625 1564 1678; x_wconf 87' lang='lat' dir='ltr'><strong>Narrat</strong></span> <span class='ocrx_word' id='word_1_165' title='bbox 1590 1619 1752 1676; x_wconf 87' lang='lat' dir='ltr'><strong>Nouaesius</strong></span> <span class='ocrx_word' id='word_1_166' title='bbox 1781 1634 1883 1671; x_wconf 91' lang='lat' dir='ltr'><strong>mona-</strong></span> 
     </span>
    </p>
   </div>
   <div class='ocr_carea' id='block_1_5' title="bbox 130 1707 1891 3198">
    <p class='ocr_par' dir='ltr' id='par_1_6' title="bbox 130 1707 1890 2490">
     <span class='ocr_line' id='line_1_27' title="bbox 130 1707 1884 1785; baseline -0.005 -22"><span class='ocrx_word' id='word_1_167' title='bbox 130 1713 215 1764; x_wconf 83' lang='lat' dir='ltr'><strong>aetate</strong></span> <span class='ocrx_word' id='word_1_168' title='bbox 243 1710 349 1781; x_wconf 87' lang='lat' dir='ltr'><strong>pendet</strong></span> <span class='ocrx_word' id='word_1_169' title='bbox 375 1712 463 1766; x_wconf 91' lang='lat' dir='ltr'><strong>totins</strong></span> <span class='ocrx_word' id='word_1_170' title='bbox 479 1711 520 1765; x_wconf 91' lang='lat' dir='ltr'><strong>rei</strong></span> <span class='ocrx_word' id='word_1_171' title='bbox 547 1711 663 1780; x_wconf 90' lang='lat' dir='ltr'><strong>decisio,</strong></span> <span class='ocrx_word' id='word_1_172' title='bbox 680 1711 914 1783; x_wconf 89' lang='lat' dir='ltr'><strong>quandoquidem</strong></span> <span class='ocrx_word' id='word_1_173' title='bbox 946 1725 979 1763; x_wconf 90' lang='lat' dir='ltr'><strong>eo</strong></span> <span class='ocrx_word' id='word_1_174' title='bbox 1033 1713 1102 1768; x_wconf 89' lang='lat' dir='ltr'><strong>chus</strong></span> <span class='ocrx_word' id='word_1_175' title='bbox 1128 1714 1288 1769; x_wconf 81' lang='lat' dir='ltr'><strong>iohannem</strong></span> <span class='ocrx_word' id='word_1_176' title='bbox 1315 1712 1469 1785; x_wconf 88' lang='lat' dir='ltr'><strong>quemdam</strong></span> <span class='ocrx_word' id='word_1_177' title='bbox 1502 1709 1690 1773; x_wconf 75' lang='lat' dir='ltr'><strong>cardinalem,</strong></span> <span class='ocrx_word' id='word_1_178' title='bbox 1730 1707 1884 1760; x_wconf 85' lang='lat' dir='ltr'><strong>canoniza-</strong></span> 
     </span>
     <span class='ocr_line' id='line_1_28' title="bbox 131 1795 1883 1871; baseline -0.01 -20"><span class='ocrx_word' id='word_1_179' title='bbox 131 1796 623 1871; x_wconf 87' lang='lat' dir='ltr'><strong>potissimumurgenteprocurata</strong></span> <span class='ocrx_word' id='word_1_180' title='bbox 647 1799 683 1852; x_wconf 90' lang='lat' dir='ltr'><strong>sit</strong></span> <span class='ocrx_word' id='word_1_181' title='bbox 707 1797 978 1870; x_wconf 73' lang='lat' dir='ltr'><strong>praedictacanoni-</strong></span> <span class='ocrx_word' id='word_1_182' title='bbox 1035 1803 1120 1856; x_wconf 75' lang='lat' dir='ltr'><strong>tionis·</strong></span> <span class='ocrx_word' id='word_1_183' title='bbox 1153 1803 1180 1858; x_wconf 81' lang='lat' dir='ltr'><strong>s,</strong></span> <span class='ocrx_word' id='word_1_184' title='bbox 1214 1801 1326 1858; x_wconf 50' lang='lat' dir='ltr'><strong>nemini</strong></span> <span class='ocrx_word' id='word_1_185' title='bbox 1347 1804 1450 1855; x_wconf 60' lang='lat' dir='ltr'><strong>aeriter</strong></span> <span class='ocrx_word' id='word_1_186' title='bbox 1484 1799 1661 1854; x_wconf 56' lang='lat' dir='ltr'><strong>obnitentem</strong></span> <span class='ocrx_word' id='word_1_187' title='bbox 1690 1801 1777 1864; x_wconf 62' lang='lat' dir='ltr'><strong>arque</strong></span> <span class='ocrx_word' id='word_1_188' title='bbox 1805 1795 1883 1847; x_wconf 65' lang='lat' dir='ltr'><strong>retu.</strong></span> 
     </span>
     <span class='ocr_line' id='line_1_29' title="bbox 132 1882 1882 1961; baseline -0.011 -7"><span class='ocrx_word' id='word_1_189' title='bbox 132 1886 215 1953; x_wconf 66' lang='lat' dir='ltr'><strong>2³²l02</strong></span> <span class='ocrx_word' id='word_1_190' title='bbox 232 1888 307 1941; x_wconf 89' lang='lat' dir='ltr'><strong>clad</strong></span> <span class='ocrx_word' id='word_1_191' title='bbox 322 1886 477 1957; x_wconf 59' lang='lat' dir='ltr'><strong>ipsummet</strong></span> <span class='ocrx_word' id='word_1_192' title='bbox 491 1888 631 1943; x_wconf 71' lang='lat' dir='ltr'><strong>dilectum</strong></span> <span class='ocrx_word' id='word_1_193' title='bbox 659 1888 781 1960; x_wconf 70' lang='lat' dir='ltr'><strong>Eugenii</strong></span> <span class='ocrx_word' id='word_1_194' title='bbox 805 1888 857 1942; x_wconf 81' lang='lat' dir='ltr'><strong>PP·</strong></span> <span class='ocrx_word' id='word_1_195' title='bbox 880 1887 916 1942; x_wconf 79' lang='grc' dir='ltr'><strong>ΙΙΙ</strong></span> <span class='ocrx_word' id='word_1_196' title='bbox 940 1886 980 1940; x_wconf 81' lang='lat' dir='ltr'><strong>di·</strong></span> <span class='ocrx_word' id='word_1_197' title='bbox 1035 1895 1169 1954; x_wconf 74' lang='lat' dir='ltr'><strong>eternam,</strong></span> <span class='ocrx_word' id='word_1_198' title='bbox 1193 1891 1351 1945; x_wconf 80' lang='lat' dir='ltr'><strong>luminibus</strong></span> <span class='ocrx_word' id='word_1_199' title='bbox 1387 1889 1540 1961; x_wconf 86' lang='lat' dir='ltr'><strong>privatum,</strong></span> <span class='ocrx_word' id='word_1_200' title='bbox 1583 1893 1670 1956; x_wconf 83' lang='lat' dir='ltr'><strong>atque</strong></span> <span class='ocrx_word' id='word_1_201' title='bbox 1706 1882 1882 1938; x_wconf 72' lang='lat' dir='ltr'><strong>intolerabili</strong></span> 
     </span>
     <span class='ocr_line' id='line_1_30' title="bbox 132 1973 1886 2047; baseline -0.012 -3"><span class='ocrx_word' id='word_1_202' title='bbox 132 1975 238 2044; x_wconf 64' lang='lat' dir='ltr'><strong>9¹⁰m&#39;ds</strong></span> <span class='ocrx_word' id='word_1_203' title='bbox 271 1975 350 2030; x_wconf 61' lang='lat' dir='ltr'><strong>brevi</strong></span> <span class='ocrx_word' id='word_1_204' title='bbox 389 1976 617 2047; x_wconf 67' lang='lat' dir='ltr'><strong>producendum.</strong></span> <span class='ocrx_word' id='word_1_205' title='bbox 646 1977 735 2031; x_wconf 89' lang='lat' dir='ltr'><strong>Porro</strong></span> <span class='ocrx_word' id='word_1_206' title='bbox 778 1975 980 2047; x_wconf 75' lang='lat' dir='ltr'><strong>episcoporum</strong></span> <span class='ocrx_word' id='word_1_207' title='bbox 1036 1979 1232 2034; x_wconf 90' lang='lat' dir='ltr'><strong>membrorum</strong></span> <span class='ocrx_word' id='word_1_208' title='bbox 1255 1978 1351 2033; x_wconf 89' lang='lat' dir='ltr'><strong>dolore</strong></span> <span class='ocrx_word' id='word_1_209' title='bbox 1377 1982 1550 2046; x_wconf 84' lang='lat' dir='ltr'><strong>correptum,</strong></span> <span class='ocrx_word' id='word_1_210' title='bbox 1575 1973 1768 2029; x_wconf 78' lang='lat' dir='ltr'><strong>severissimas</strong></span> <span class='ocrx_word' id='word_1_211' title='bbox 1794 1976 1886 2025; x_wconf 87' lang='lat' dir='ltr'><strong>teme·</strong></span> 
     </span>
     <span class='ocr_line' id='line_1_31' title="bbox 133 2061 1882 2138; baseline -0.003 -20"><span class='ocrx_word' id='word_1_212' title='bbox 133 2062 287 2135; x_wconf 84' lang='lat' dir='ltr'><strong>Cutalogus</strong></span> <span class='ocrx_word' id='word_1_213' title='bbox 309 2064 462 2118; x_wconf 89' lang='lat' dir='ltr'><strong>novissime</strong></span> <span class='ocrx_word' id='word_1_214' title='bbox 490 2064 593 2127; x_wconf 87' lang='lat' dir='ltr'><strong>editus,</strong></span> <span class='ocrx_word' id='word_1_215' title='bbox 619 2069 657 2134; x_wconf 83' lang='lat' dir='ltr'><strong>ct,</strong></span> <span class='ocrx_word' id='word_1_216' title='bbox 679 2064 709 2120; x_wconf 91' lang='lat' dir='ltr'><strong>ni</strong></span> <span class='ocrx_word' id='word_1_217' title='bbox 732 2063 826 2131; x_wconf 84' lang='lat' dir='ltr'><strong>fallor,</strong></span> <span class='ocrx_word' id='word_1_218' title='bbox 850 2080 885 2116; x_wconf 80' lang='lat' dir='ltr'><strong>en</strong></span> <span class='ocrx_word' id='word_1_219' title='bbox 910 2063 979 2117; x_wconf 84' lang='lat' dir='ltr'><strong>llot·</strong></span> <span class='ocrx_word' id='word_1_220' title='bbox 1036 2068 1128 2123; x_wconf 88' lang='lat' dir='ltr'><strong>ritatis</strong></span> <span class='ocrx_word' id='word_1_221' title='bbox 1156 2085 1216 2123; x_wconf 82' lang='lat' dir='ltr'><strong>sure</strong></span> <span class='ocrx_word' id='word_1_222' title='bbox 1241 2067 1352 2122; x_wconf 79' lang='lat' dir='ltr'><strong>dedisse</strong></span> <span class='ocrx_word' id='word_1_223' title='bbox 1381 2082 1489 2138; x_wconf 86' lang='lat' dir='ltr'><strong>poeuas.</strong></span> <span class='ocrx_word' id='word_1_224' title='bbox 1507 2066 1626 2119; x_wconf 88' lang='lat' dir='ltr'><strong>bernuin</strong></span> <span class='ocrx_word' id='word_1_225' title='bbox 1653 2078 1718 2115; x_wconf 89' lang='lat' dir='ltr'><strong>vero</strong></span> <span class='ocrx_word' id='word_1_226' title='bbox 1735 2061 1882 2124; x_wconf 90' lang='lat' dir='ltr'><strong>eumdem,</strong></span> 
     </span>
     <span class='ocr_line' id='line_1_32' title="bbox 134 2147 1888 2225; baseline -0.014 -2"><span class='ocrx_word' id='word_1_227' title='bbox 134 2152 769 2225; x_wconf 62' lang='grc' dir='ltr'><strong>11111111106011180118,θβίεοοιιιιῐιιιζιιοιιιιίιί</strong></span> <span class='ocrx_word' id='word_1_228' title='bbox 792 2172 805 2202; x_wconf 78' lang='lat' dir='ltr'><strong>s</strong></span> <span class='ocrx_word' id='word_1_229' title='bbox 822 2151 983 2223; x_wconf 88' lang='lat' dir='ltr'><strong>quinquen·</strong></span> <span class='ocrx_word' id='word_1_230' title='bbox 1037 2157 1167 2211; x_wconf 89' lang='lat' dir='ltr'><strong>invocato</strong></span> <span class='ocrx_word' id='word_1_231' title='bbox 1183 2155 1273 2225; x_wconf 82' lang='lat' dir='ltr'><strong>ipsius</strong></span> <span class='ocrx_word' id='word_1_232' title='bbox 1285 2153 1455 2209; x_wconf 80' lang='lat' dir='ltr'><strong>contessoris</strong></span> <span class='ocrx_word' id='word_1_233' title='bbox 1470 2152 1597 2218; x_wconf 89' lang='lat' dir='ltr'><strong>nomine,</strong></span> <span class='ocrx_word' id='word_1_234' title='bbox 1624 2149 1739 2204; x_wconf 88' lang='lat' dir='ltr'><strong>sanitati</strong></span> <span class='ocrx_word' id='word_1_235' title='bbox 1755 2147 1888 2218; x_wconf 74' lang='lat' dir='ltr'><strong>pristinae</strong></span> 
     </span>
     <span class='ocr_line' id='line_1_33' title="bbox 134 2236 1890 2313; baseline -0.01 -18"><span class='ocrx_word' id='word_1_236' title='bbox 134 2239 216 2295; x_wconf 88' lang='lat' dir='ltr'><strong>oium</strong></span> <span class='ocrx_word' id='word_1_237' title='bbox 232 2241 398 2313; x_wconf 76' lang='lat' dir='ltr'><strong>»agilberto</strong></span> <span class='ocrx_word' id='word_1_238' title='bbox 418 2241 527 2309; x_wconf 86' lang='lat' dir='ltr'><strong>tribuit,</strong></span> <span class='ocrx_word' id='word_1_239' title='bbox 550 2258 608 2313; x_wconf 92' lang='lat' dir='ltr'><strong>quo</strong></span> <span class='ocrx_word' id='word_1_240' title='bbox 619 2240 645 2296; x_wconf 92' lang='lat' dir='ltr'><strong>ei</strong></span> <span class='ocrx_word' id='word_1_241' title='bbox 663 2263 675 2292; x_wconf 84' lang='grc' dir='ltr'>ι</span> <span class='ocrx_word' id='word_1_242' title='bbox 692 2239 818 2297; x_wconf 74' lang='lat' dir='ltr'><strong>ecclesia</strong></span> <span class='ocrx_word' id='word_1_243' title='bbox 833 2238 983 2311; x_wconf 87' lang='lat' dir='ltr'><strong>praefuerit</strong></span> <span class='ocrx_word' id='word_1_244' title='bbox 1037 2244 1123 2300; x_wconf 85' lang='lat' dir='ltr'><strong>luisse</strong></span> <span class='ocrx_word' id='word_1_245' title='bbox 1146 2243 1345 2298; x_wconf 81' lang='lat' dir='ltr'><strong>restitutum·</strong></span> <span class='ocrx_word' id='word_1_246' title='bbox 1375 2244 1512 2296; x_wconf 83' lang='lat' dir='ltr'><strong>Narratur</strong></span> <span class='ocrx_word' id='word_1_247' title='bbox 1526 2258 1560 2295; x_wconf 87' lang='lat' dir='ltr'><strong>ea</strong></span> <span class='ocrx_word' id='word_1_248' title='bbox 1586 2238 1698 2311; x_wconf 90' lang='lat' dir='ltr'><strong>punitio</strong></span> <span class='ocrx_word' id='word_1_249' title='bbox 1721 2236 1796 2307; x_wconf 85' lang='lat' dir='ltr'><strong>apud</strong></span> <span class='ocrx_word' id='word_1_250' title='bbox 1814 2237 1890 2291; x_wconf 61' lang='lat' dir='ltr'><strong>Grec.</strong></span> 
     </span>
     <span class='ocr_line' id='line_1_34' title="bbox 134 2323 1888 2403; baseline -0.008 -13"><span class='ocrx_word' id='word_1_251' title='bbox 134 2327 337 2399; x_wconf 69' lang='lat' dir='ltr'><strong>sollicitudine,</strong></span> <span class='ocrx_word' id='word_1_252' title='bbox 366 2346 432 2386; x_wconf 84' lang='lat' dir='ltr'><strong>vere</strong></span> <span class='ocrx_word' id='word_1_253' title='bbox 465 2336 596 2401; x_wconf 88' lang='lat' dir='ltr'><strong>paterna,</strong></span> <span class='ocrx_word' id='word_1_254' title='bbox 626 2331 730 2401; x_wconf 89' lang='lat' dir='ltr'><strong>dignus</strong></span> <span class='ocrx_word' id='word_1_255' title='bbox 758 2329 817 2383; x_wconf 90' lang='lat' dir='ltr'><strong>rita</strong></span> <span class='ocrx_word' id='word_1_256' title='bbox 841 2327 981 2397; x_wconf 78' lang='lat' dir='ltr'><strong>longiore.</strong></span> <span class='ocrx_word' id='word_1_257' title='bbox 1037 2349 1134 2388; x_wconf 90' lang='lat' dir='ltr'><strong>serum</strong></span> <span class='ocrx_word' id='word_1_258' title='bbox 1157 2349 1219 2403; x_wconf 89' lang='lat' dir='ltr'><strong>cap.</strong></span> <span class='ocrx_word' id='word_1_259' title='bbox 1242 2334 1286 2393; x_wconf 82' lang='grc'><strong>39,</strong></span> <span class='ocrx_word' id='word_1_260' title='bbox 1311 2338 1411 2401; x_wconf 88' lang='lat' dir='ltr'><strong>estque</strong></span> <span class='ocrx_word' id='word_1_261' title='bbox 1435 2331 1510 2384; x_wconf 90' lang='lat' dir='ltr'><strong>iuter</strong></span> <span class='ocrx_word' id='word_1_262' title='bbox 1538 2323 1808 2382; x_wconf 87' lang='lat' dir='ltr'><strong>miraculaiulerius</strong></span> <span class='ocrx_word' id='word_1_263' title='bbox 1838 2340 1888 2377; x_wconf 93' lang='lat' dir='ltr'><strong>or·</strong></span> 
     </span>
     <span class='ocr_line' id='line_1_35' title="bbox 134 2416 1372 2490; baseline -0.009 -17"><span class='ocrx_word' id='word_1_264' title='bbox 134 2417 211 2473; x_wconf 83' lang='lat' dir='ltr'><strong>Obiit</strong></span> <span class='ocrx_word' id='word_1_265' title='bbox 226 2437 239 2468; x_wconf 78' lang='grc' dir='ltr'>ι</span> <span class='ocrx_word' id='word_1_266' title='bbox 255 2424 379 2473; x_wconf 80' lang='lat' dir='ltr'><strong>autema</strong></span> <span class='ocrx_word' id='word_1_267' title='bbox 394 2433 506 2483; x_wconf 77' lang='lat' dir='ltr'><strong>uersu,</strong></span> <span class='ocrx_word' id='word_1_268' title='bbox 521 2420 709 2490; x_wconf 84' lang='lat' dir='ltr'><strong>sepultusque</strong></span> <span class='ocrx_word' id='word_1_269' title='bbox 725 2422 769 2471; x_wconf 90' lang='lat' dir='ltr'><strong>est</strong></span> <span class='ocrx_word' id='word_1_270' title='bbox 793 2417 823 2471; x_wconf 93' lang='lat' dir='ltr'><strong>in</strong></span> <span class='ocrx_word' id='word_1_271' title='bbox 850 2416 910 2471; x_wconf 84' lang='lat' dir='ltr'><strong>rede</strong></span> <span class='ocrx_word' id='word_1_272' title='bbox 926 2416 982 2468; x_wconf 90' lang='lat' dir='ltr'><strong>irn-</strong></span> <span class='ocrx_word' id='word_1_273' title='bbox 1037 2422 1103 2477; x_wconf 70' lang='lat' dir='ltr'><strong>dine</strong></span> <span class='ocrx_word' id='word_1_274' title='bbox 1118 2435 1330 2486; x_wconf 70' lang='lat' dir='ltr'><strong>n0n11m‚uum,</strong></span> <span class='ocrx_word' id='word_1_275' title='bbox 1346 2422 1372 2474; x_wconf 81' lang='grc'><strong>9,</strong></span> 
     </span>
    </p>

    <p class='ocr_par' dir='ltr' id='par_1_7' title="bbox 134 2500 1891 3198">
     <span class='ocr_line' id='line_1_36' title="bbox 134 2500 1891 2580; baseline -0.009 -19"><span class='ocrx_word' id='word_1_276' title='bbox 134 2506 279 2577; x_wconf 78' lang='lat' dir='ltr'><strong>periali3»</strong></span> <span class='ocrx_word' id='word_1_277' title='bbox 303 2506 387 2578; x_wconf 91' lang='lat' dir='ltr'><strong>eique</strong></span> <span class='ocrx_word' id='word_1_278' title='bbox 401 2506 537 2561; x_wconf 89' lang='lat' dir='ltr'><strong>successit</strong></span> <span class='ocrx_word' id='word_1_279' title='bbox 557 2506 715 2561; x_wconf 86' lang='lat' dir='ltr'><strong>bberardus</strong></span> <span class='ocrx_word' id='word_1_280' title='bbox 730 2506 864 2572; x_wconf 82' lang='lat' dir='ltr'><strong>Bararus,</strong></span> <span class='ocrx_word' id='word_1_281' title='bbox 883 2504 984 2559; x_wconf 88' lang='lat' dir='ltr'><strong>eodem</strong></span> <span class='ocrx_word' id='word_1_282' title='bbox 1073 2512 1116 2565; x_wconf 68' lang='lat'><strong>23,</strong></span> <span class='ocrx_word' id='word_1_283' title='bbox 1127 2509 1258 2580; x_wconf 72' lang='lat' dir='ltr'><strong>niploma</strong></span> <span class='ocrx_word' id='word_1_284' title='bbox 1272 2504 1597 2578; x_wconf 62' lang='lat' dir='ltr'><strong>ipsumcanouizarionis</strong></span> <span class='ocrx_word' id='word_1_285' title='bbox 1607 2520 1666 2558; x_wconf 93' lang='lat' dir='ltr'><strong>uon</strong></span> <span class='ocrx_word' id='word_1_286' title='bbox 1680 2501 1811 2574; x_wconf 70' lang='lat' dir='ltr'><strong>producit</strong></span> <span class='ocrx_word' id='word_1_287' title='bbox 1822 2500 1891 2555; x_wconf 68' lang='lat' dir='ltr'><strong>flos.</strong></span> 
     </span>
     <span class='ocr_line' id='line_1_37' title="bbox 135 2591 1888 2668; baseline -0.005 -18"><span class='ocrx_word' id='word_1_288' title='bbox 135 2594 288 2666; x_wconf 86' lang='lat' dir='ltr'><strong>ipsoanno</strong></span> <span class='ocrx_word' id='word_1_289' title='bbox 314 2594 429 2649; x_wconf 89' lang='lat' dir='ltr'><strong>electus.</strong></span> <span class='ocrx_word' id='word_1_290' title='bbox 451 2596 520 2650; x_wconf 89' lang='lat' dir='ltr'><strong>Cum</strong></span> <span class='ocrx_word' id='word_1_291' title='bbox 552 2595 641 2666; x_wconf 89' lang='lat' dir='ltr'><strong>igitur</strong></span> <span class='ocrx_word' id='word_1_292' title='bbox 664 2594 699 2650; x_wconf 90' lang='lat' dir='ltr'><strong>ad</strong></span> <span class='ocrx_word' id='word_1_293' title='bbox 727 2593 896 2667; x_wconf 76' lang='lat' dir='ltr'><strong>pradictum</strong></span> <span class='ocrx_word' id='word_1_294' title='bbox 911 2591 984 2663; x_wconf 76' lang='lat' dir='ltr'><strong>agit·</strong></span> <span class='ocrx_word' id='word_1_295' title='bbox 1039 2596 1444 2668; x_wconf 73' lang='lat' dir='ltr'><strong>mannus(sedtt45),neque</strong></span> <span class='ocrx_word' id='word_1_296' title='bbox 1462 2591 1888 2650; x_wconf 85' lang='lat' dir='ltr'><strong>mibinotomlateorcitatum</strong></span> 
     </span>
     <span class='ocr_line' id='line_1_38' title="bbox 134 2678 1882 2755; baseline -0.017 3"><span class='ocrx_word' id='word_1_297' title='bbox 134 2683 249 2739; x_wconf 57' lang='lat' dir='ltr'><strong>bertum</strong></span> <span class='ocrx_word' id='word_1_298' title='bbox 263 2683 406 2755; x_wconf 59' lang='lat' dir='ltr'><strong>Pssfffllffll</strong></span> <span class='ocrx_word' id='word_1_299' title='bbox 425 2689 486 2740; x_wconf 60' lang='grc'><strong>1011</strong></span> <span class='ocrx_word' id='word_1_300' title='bbox 513 2684 596 2739; x_wconf 50' lang='lat' dir='ltr'><strong>istius</strong></span> <span class='ocrx_word' id='word_1_301' title='bbox 623 2699 716 2738; x_wconf 63' lang='grc'><strong>1311518</strong></span> <span class='ocrx_word' id='word_1_302' title='bbox 743 2680 916 2755; x_wconf 47' lang='grc'><strong>1101111811),</strong></span> <span class='ocrx_word' id='word_1_303' title='bbox 948 2680 984 2734; x_wconf 64' lang='lat' dir='ltr'><strong>fid</strong></span> <span class='ocrx_word' id='word_1_304' title='bbox 1038 2685 1376 2742; x_wconf 86' lang='lat' dir='ltr'><strong>abaronioCbronicum</strong></span> <span class='ocrx_word' id='word_1_305' title='bbox 1395 2678 1882 2750; x_wconf 64' lang='lat' dir='ltr'><strong>llolmanui,sedaricessupplerit</strong></span> 
     </span>
     <span class='ocr_line' id='line_1_39' title="bbox 134 2767 1888 2845; baseline -0.004 -19"><span class='ocrx_word' id='word_1_306' title='bbox 134 2771 229 2845; x_wconf 89' lang='lat' dir='ltr'><strong>ipsum</strong></span> <span class='ocrx_word' id='word_1_307' title='bbox 253 2776 349 2827; x_wconf 86' lang='lat' dir='ltr'><strong>autern</strong></span> <span class='ocrx_word' id='word_1_308' title='bbox 378 2773 540 2829; x_wconf 90' lang='lat' dir='ltr'><strong>destinetur</strong></span> <span class='ocrx_word' id='word_1_309' title='bbox 566 2773 688 2844; x_wconf 89' lang='lat' dir='ltr'><strong>Eugenii</strong></span> <span class='ocrx_word' id='word_1_310' title='bbox 713 2771 894 2842; x_wconf 87' lang='lat' dir='ltr'><strong>rescriptum,</strong></span> <span class='ocrx_word' id='word_1_311' title='bbox 925 2784 983 2823; x_wconf 92' lang='lat' dir='ltr'><strong>non</strong></span> <span class='ocrx_word' id='word_1_312' title='bbox 1038 2777 1244 2843; x_wconf 78' lang='lat' dir='ltr'><strong>Gretseros‚ex</strong></span> <span class='ocrx_word' id='word_1_313' title='bbox 1273 2774 1371 2845; x_wconf 89' lang='lat' dir='ltr'><strong>aliquo</strong></span> <span class='ocrx_word' id='word_1_314' title='bbox 1392 2773 1529 2844; x_wconf 78' lang='lat' dir='ltr'><strong>anonymi</strong></span> <span class='ocrx_word' id='word_1_315' title='bbox 1556 2769 1721 2841; x_wconf 86' lang='lat' dir='ltr'><strong>apographo</strong></span> <span class='ocrx_word' id='word_1_316' title='bbox 1750 2767 1888 2821; x_wconf 86' lang='lat' dir='ltr'><strong>bamber-</strong></span> 
     </span>
     <span class='ocr_line' id='line_1_40' title="bbox 134 2856 1889 2935; baseline -0.006 -17"><span class='ocrx_word' id='word_1_317' title='bbox 134 2864 228 2930; x_wconf 84' lang='lat' dir='ltr'><strong>potcst</strong></span> <span class='ocrx_word' id='word_1_318' title='bbox 242 2861 317 2914; x_wconf 90' lang='lat' dir='ltr'><strong>ultra</strong></span> <span class='ocrx_word' id='word_1_319' title='bbox 333 2860 396 2932; x_wconf 90' lang='lat' dir='ltr'><strong>ejus</strong></span> <span class='ocrx_word' id='word_1_320' title='bbox 411 2865 542 2932; x_wconf 89' lang='lat' dir='ltr'><strong>tempora</strong></span> <span class='ocrx_word' id='word_1_321' title='bbox 556 2861 665 2916; x_wconf 81' lang='lat' dir='ltr'><strong>diberri</strong></span> <span class='ocrx_word' id='word_1_322' title='bbox 683 2861 714 2918; x_wconf 88' lang='lat' dir='ltr'><strong>S.</strong></span> <span class='ocrx_word' id='word_1_323' title='bbox 739 2859 854 2918; x_wconf 86' lang='lat' dir='ltr'><strong>lleorlei</strong></span> <span class='ocrx_word' id='word_1_324' title='bbox 868 2857 984 2922; x_wconf 78' lang='lat' dir='ltr'><strong>canoni·</strong></span> <span class='ocrx_word' id='word_1_325' title='bbox 1038 2865 1129 2935; x_wconf 87' lang='lat' dir='ltr'><strong>gensi,</strong></span> <span class='ocrx_word' id='word_1_326' title='bbox 1151 2864 1226 2918; x_wconf 89' lang='lat' dir='ltr'><strong>unde</strong></span> <span class='ocrx_word' id='word_1_327' title='bbox 1254 2863 1361 2918; x_wconf 86' lang='lat' dir='ltr'><strong>bullam</strong></span> <span class='ocrx_word' id='word_1_328' title='bbox 1386 2862 1431 2917; x_wconf 88' lang='lat' dir='ltr'><strong>bic</strong></span> <span class='ocrx_word' id='word_1_329' title='bbox 1457 2860 1670 2916; x_wconf 84' lang='lat' dir='ltr'><strong>subnectimus:</strong></span> <span class='ocrx_word' id='word_1_330' title='bbox 1701 2877 1714 2908; x_wconf 79' lang='lat' dir='ltr'><strong>s</strong></span> <span class='ocrx_word' id='word_1_331' title='bbox 1741 2856 1889 2926; x_wconf 82' lang='lat' dir='ltr'><strong>bogeoius</strong></span> 
     </span>
     <span class='ocr_line' id='line_1_41' title="bbox 135 2944 1889 3023; baseline -0.012 -7"><span class='ocrx_word' id='word_1_332' title='bbox 135 2949 219 3015; x_wconf 54' lang='lat'><strong>2³5⁰·</strong></span> <span class='ocrx_word' id='word_1_333' title='bbox 250 2948 327 3004; x_wconf 72' lang='lat' dir='ltr'><strong>flssdss</strong></span> <span class='ocrx_word' id='word_1_334' title='bbox 352 2949 502 3006; x_wconf 63' lang='lat' dir='ltr'><strong>manifeste</strong></span> <span class='ocrx_word' id='word_1_335' title='bbox 528 2950 714 3021; x_wconf 73' lang='lat' dir='ltr'><strong>consequitur</strong></span> <span class='ocrx_word' id='word_1_336' title='bbox 752 2948 942 3005; x_wconf 71' lang='lat' dir='ltr'><strong>deserendum</strong></span> <span class='ocrx_word' id='word_1_337' title='bbox 969 2963 985 3000; x_wconf 75' lang='lat' dir='ltr'><strong>a</strong></span> <span class='ocrx_word' id='word_1_338' title='bbox 1038 2952 1309 3023; x_wconf 90' lang='lat' dir='ltr'><strong>episcopusservus</strong></span> <span class='ocrx_word' id='word_1_339' title='bbox 1342 2965 1489 3005; x_wconf 87' lang='lat' dir='ltr'><strong>serrorum</strong></span> <span class='ocrx_word' id='word_1_340' title='bbox 1528 2950 1587 3013; x_wconf 84' lang='lat' dir='ltr'><strong>llei,</strong></span> <span class='ocrx_word' id='word_1_341' title='bbox 1613 2945 1771 3000; x_wconf 83' lang='lat' dir='ltr'><strong>venerabili</strong></span> <span class='ocrx_word' id='word_1_342' title='bbox 1806 2944 1889 2998; x_wconf 82' lang='lat' dir='ltr'><strong>fratri</strong></span> 
     </span>
     <span class='ocr_line' id='line_1_42' title="bbox 135 3033 1890 3112; baseline -0.012 -6"><span class='ocrx_word' id='word_1_343' title='bbox 135 3035 851 3110; x_wconf 60' lang='grc' dir='ltr'><strong>11011Ῐῦ3110111101161111110,(Ιῦθῠῐωίΐῠῦῖθὸῑᾶἆ</strong></span> <span class='ocrx_word' id='word_1_344' title='bbox 874 3050 984 3090; x_wconf 65' lang='lat' dir='ltr'><strong>annum</strong></span> <span class='ocrx_word' id='word_1_345' title='bbox 1039 3041 1183 3112; x_wconf 83' lang='lat' dir='ltr'><strong>Egilberto</strong></span> <span class='ocrx_word' id='word_1_346' title='bbox 1211 3041 1356 3110; x_wconf 85' lang='lat' dir='ltr'><strong>episcopo,</strong></span> <span class='ocrx_word' id='word_1_347' title='bbox 1379 3045 1404 3093; x_wconf 89' lang='lat' dir='ltr'><strong>et</strong></span> <span class='ocrx_word' id='word_1_348' title='bbox 1433 3038 1542 3093; x_wconf 87' lang='lat' dir='ltr'><strong>dilectis</strong></span> <span class='ocrx_word' id='word_1_349' title='bbox 1557 3038 1624 3092; x_wconf 88' lang='lat' dir='ltr'><strong>liliis</strong></span> <span class='ocrx_word' id='word_1_350' title='bbox 1640 3033 1785 3089; x_wconf 85' lang='lat' dir='ltr'><strong>cairouicis</strong></span> <span class='ocrx_word' id='word_1_351' title='bbox 1811 3033 1890 3086; x_wconf 81' lang='lat' dir='ltr'><strong>Baui-</strong></span> 
     </span>
     <span class='ocr_line' id='line_1_43' title="bbox 137 3119 1883 3198; baseline -0.005 -19"><span class='ocrx_word' id='word_1_352' title='bbox 137 3125 204 3179; x_wconf 74' lang='lat' dir='ltr'><strong>lisa</strong></span> <span class='ocrx_word' id='word_1_353' title='bbox 219 3124 388 3195; x_wconf 80' lang='lat' dir='ltr'><strong>praedictam</strong></span> <span class='ocrx_word' id='word_1_354' title='bbox 420 3126 668 3181; x_wconf 82' lang='lat' dir='ltr'><strong>canonizationem</strong></span> <span class='ocrx_word' id='word_1_355' title='bbox 682 3125 836 3193; x_wconf 86' lang='lat' dir='ltr'><strong>distulisse,</strong></span> <span class='ocrx_word' id='word_1_356' title='bbox 852 3125 902 3197; x_wconf 93' lang='lat' dir='ltr'><strong>qui</strong></span> <span class='ocrx_word' id='word_1_357' title='bbox 927 3124 983 3178; x_wconf 78' lang='lat' dir='ltr'><strong>Eu·</strong></span> <span class='ocrx_word' id='word_1_358' title='bbox 1004 3128 1024 3183; x_wconf 87' lang='lat' dir='ltr'>C</span> <span class='ocrx_word' id='word_1_359' title='bbox 1040 3128 1187 3198; x_wconf 84' lang='lat' dir='ltr'><strong>bergensis</strong></span> <span class='ocrx_word' id='word_1_360' title='bbox 1203 3127 1342 3192; x_wconf 74' lang='lat' dir='ltr'><strong>Ecclesia,</strong></span> <span class='ocrx_word' id='word_1_361' title='bbox 1359 3129 1523 3180; x_wconf 89' lang='lat' dir='ltr'><strong>salutemet</strong></span> <span class='ocrx_word' id='word_1_362' title='bbox 1548 3123 1736 3194; x_wconf 87' lang='lat' dir='ltr'><strong>apostolicam</strong></span> <span class='ocrx_word' id='word_1_363' title='bbox 1765 3119 1883 3174; x_wconf 89' lang='lat' dir='ltr'><strong>benedi·</strong></span> 
     </span>
    </p>
   </div>
   <div class='ocr_carea' id='block_1_6' title="bbox 132 3211 984 4523">
    <p class='ocr_par' dir='ltr' id='par_1_8' title="bbox 134 3211 984 3371">
     <span class='ocr_line' id='line_1_44' title="bbox 134 3211 984 3288; baseline 0.007 -25"><span class='ocrx_word' id='word_1_364' title='bbox 134 3211 212 3283; x_wconf 85' lang='lat' dir='ltr'><strong>genii</strong></span> <span class='ocrx_word' id='word_1_365' title='bbox 240 3213 348 3268; x_wconf 86' lang='lat' dir='ltr'><strong>litteras</strong></span> <span class='ocrx_word' id='word_1_366' title='bbox 376 3230 408 3268; x_wconf 83' lang='lat' dir='ltr'><strong>ox</strong></span> <span class='ocrx_word' id='word_1_367' title='bbox 433 3215 598 3288; x_wconf 86' lang='lat' dir='ltr'><strong>nescioquo</strong></span> <span class='ocrx_word' id='word_1_368' title='bbox 630 3214 765 3270; x_wconf 87' lang='lat' dir='ltr'><strong>chronico</strong></span> <span class='ocrx_word' id='word_1_369' title='bbox 780 3213 984 3285; x_wconf 84' lang='lat' dir='ltr'><strong>bambergensi</strong></span> 
     </span>
     <span class='ocr_line' id='line_1_45' title="bbox 134 3300 423 3371; baseline 0 -16"><span class='ocrx_word' id='word_1_370' title='bbox 134 3316 195 3371; x_wconf 82' lang='lat' dir='ltr'><strong>prae</strong></span> <span class='ocrx_word' id='word_1_371' title='bbox 209 3301 298 3356; x_wconf 88' lang='lat' dir='ltr'><strong>oculis</strong></span> <span class='ocrx_word' id='word_1_372' title='bbox 312 3300 423 3357; x_wconf 88' lang='lat' dir='ltr'><strong>habuit.</strong></span> 
     </span>
    </p>

    <p class='ocr_par' dir='ltr' id='par_1_9' title="bbox 132 3389 984 4523">
     <span class='ocr_line' id='line_1_46' title="bbox 169 3389 984 3458; baseline 0.004 -15"><span class='ocrx_word' id='word_1_373' title='bbox 169 3391 213 3443; x_wconf 72' lang='lat' dir='ltr'><strong>il.</strong></span> <span class='ocrx_word' id='word_1_374' title='bbox 235 3389 277 3444; x_wconf 91' lang='lat' dir='ltr'><strong>lta</strong></span> <span class='ocrx_word' id='word_1_375' title='bbox 291 3389 390 3446; x_wconf 90' lang='lat' dir='ltr'><strong>scribit</strong></span> <span class='ocrx_word' id='word_1_376' title='bbox 404 3391 439 3446; x_wconf 88' lang='lat' dir='ltr'><strong>ad</strong></span> <span class='ocrx_word' id='word_1_377' title='bbox 454 3390 563 3447; x_wconf 91' lang='lat' dir='ltr'><strong>dictum</strong></span> <span class='ocrx_word' id='word_1_378' title='bbox 583 3407 692 3446; x_wconf 89' lang='lat' dir='ltr'><strong>anuum</strong></span> <span class='ocrx_word' id='word_1_379' title='bbox 708 3394 786 3458; x_wconf 74' lang='lat'><strong>1152,</strong></span> <span class='ocrx_word' id='word_1_380' title='bbox 804 3406 884 3445; x_wconf 93' lang='lat' dir='ltr'><strong>num.</strong></span> <span class='ocrx_word' id='word_1_381' title='bbox 901 3395 927 3458; x_wconf 84' lang='lat'><strong>3,</strong></span> <span class='ocrx_word' id='word_1_382' title='bbox 949 3408 984 3446; x_wconf 84' lang='lat' dir='ltr'><strong>err</strong></span> 
     </span>
     <span class='ocr_line' id='line_1_47' title="bbox 135 3477 981 3552; baseline 0.002 -19"><span class='ocrx_word' id='word_1_383' title='bbox 135 3477 239 3533; x_wconf 84' lang='lat' dir='ltr'><strong>Ottone</strong></span> <span class='ocrx_word' id='word_1_384' title='bbox 272 3478 448 3552; x_wconf 82' lang='lat' dir='ltr'><strong>Frisingensi</strong></span> <span class='ocrx_word' id='word_1_385' title='bbox 466 3479 495 3534; x_wconf 90' lang='lat' dir='ltr'><strong>in</strong></span> <span class='ocrx_word' id='word_1_386' title='bbox 526 3479 681 3549; x_wconf 80' lang='lat' dir='ltr'><strong>briderico,</strong></span> <span class='ocrx_word' id='word_1_387' title='bbox 708 3479 758 3535; x_wconf 88' lang='lat' dir='ltr'><strong>lib.</strong></span> <span class='ocrx_word' id='word_1_388' title='bbox 781 3496 790 3534; x_wconf 90' lang='lat'>1</span> <span class='ocrx_word' id='word_1_389' title='bbox 816 3496 879 3551; x_wconf 90' lang='lat' dir='ltr'><strong>cap.</strong></span> <span class='ocrx_word' id='word_1_390' title='bbox 909 3483 942 3535; x_wconf 77' lang='grc'><strong>63</strong></span> <span class='ocrx_word' id='word_1_391' title='bbox 974 3496 981 3535; x_wconf 89' lang='lat'>:</span> 
     </span>
     <span class='ocr_line' id='line_1_48' title="bbox 136 3565 983 3638; baseline 0.006 -20"><span class='ocrx_word' id='word_1_392' title='bbox 136 3585 151 3618; x_wconf 79' lang='lat' dir='ltr'><strong>a</strong></span> <span class='ocrx_word' id='word_1_393' title='bbox 181 3565 259 3638; x_wconf 93' lang='lat' dir='ltr'><strong>quod</strong></span> <span class='ocrx_word' id='word_1_394' title='bbox 298 3573 396 3622; x_wconf 91' lang='lat' dir='ltr'><strong>autem</strong></span> <span class='ocrx_word' id='word_1_395' title='bbox 437 3568 501 3624; x_wconf 92' lang='lat' dir='ltr'><strong>Otto</strong></span> <span class='ocrx_word' id='word_1_396' title='bbox 540 3568 674 3624; x_wconf 87' lang='lat' dir='ltr'><strong>meminit</strong></span> <span class='ocrx_word' id='word_1_397' title='bbox 712 3568 759 3624; x_wconf 90' lang='lat' dir='ltr'><strong>bic</strong></span> <span class='ocrx_word' id='word_1_398' title='bbox 791 3568 826 3624; x_wconf 91' lang='lat' dir='ltr'><strong>de</strong></span> <span class='ocrx_word' id='word_1_399' title='bbox 864 3569 983 3623; x_wconf 82' lang='lat' dir='ltr'><strong>ilenrico</strong></span> 
     </span>
     <span class='ocr_line' id='line_1_49' title="bbox 136 3655 981 3725; baseline 0.004 -17"><span class='ocrx_word' id='word_1_400' title='bbox 136 3655 312 3725; x_wconf 86' lang='lat' dir='ltr'><strong>imperatore</strong></span> <span class='ocrx_word' id='word_1_401' title='bbox 326 3655 404 3710; x_wconf 92' lang='lat' dir='ltr'><strong>inter</strong></span> <span class='ocrx_word' id='word_1_402' title='bbox 415 3656 531 3711; x_wconf 85' lang='lat' dir='ltr'><strong>Sanctos</strong></span> <span class='ocrx_word' id='word_1_403' title='bbox 542 3657 642 3720; x_wconf 87' lang='lat' dir='ltr'><strong>relato,</strong></span> <span class='ocrx_word' id='word_1_404' title='bbox 661 3660 772 3712; x_wconf 81' lang='lat' dir='ltr'><strong>exstant</strong></span> <span class='ocrx_word' id='word_1_405' title='bbox 792 3657 827 3711; x_wconf 89' lang='lat' dir='ltr'><strong>de</strong></span> <span class='ocrx_word' id='word_1_406' title='bbox 857 3672 891 3710; x_wconf 90' lang='lat' dir='ltr'><strong>ea</strong></span> <span class='ocrx_word' id='word_1_407' title='bbox 905 3673 936 3711; x_wconf 92' lang='lat' dir='ltr'><strong>re</strong></span> <span class='ocrx_word' id='word_1_408' title='bbox 952 3657 981 3711; x_wconf 90' lang='lat' dir='ltr'><strong>in</strong></span> 
     </span>
     <span class='ocr_line' id='line_1_50' title="bbox 135 3741 983 3817; baseline 0.004 -20"><span class='ocrx_word' id='word_1_409' title='bbox 135 3741 277 3798; x_wconf 86' lang='lat' dir='ltr'><strong>Chronico</strong></span> <span class='ocrx_word' id='word_1_410' title='bbox 291 3744 494 3816; x_wconf 75' lang='lat' dir='ltr'><strong>bambergensi</strong></span> <span class='ocrx_word' id='word_1_411' title='bbox 510 3743 632 3817; x_wconf 87' lang='lat' dir='ltr'><strong>Eugenii</strong></span> <span class='ocrx_word' id='word_1_412' title='bbox 651 3746 704 3800; x_wconf 87' lang='lat' dir='ltr'><strong>Pl’.</strong></span> <span class='ocrx_word' id='word_1_413' title='bbox 719 3745 830 3800; x_wconf 71' lang='lat' dir='ltr'><strong>litteras.</strong></span> <span class='ocrx_word' id='word_1_414' title='bbox 846 3767 860 3794; x_wconf 76' lang='lat' dir='ltr'><strong>u</strong></span> <span class='ocrx_word' id='word_1_415' title='bbox 879 3746 983 3800; x_wconf 80' lang='lat' dir='ltr'><strong>basilii</strong></span> 
     </span>
     <span class='ocr_line' id='line_1_51' title="bbox 135 3831 983 3904; baseline 0.005 -20"><span class='ocrx_word' id='word_1_416' title='bbox 135 3831 250 3902; x_wconf 87' lang='lat' dir='ltr'><strong>subjicit</strong></span> <span class='ocrx_word' id='word_1_417' title='bbox 279 3833 424 3901; x_wconf 80' lang='lat' dir='ltr'><strong>Batonius,</strong></span> <span class='ocrx_word' id='word_1_418' title='bbox 445 3839 474 3889; x_wconf 88' lang='lat' dir='ltr'><strong>ct</strong></span> <span class='ocrx_word' id='word_1_419' title='bbox 492 3850 544 3888; x_wconf 95' lang='lat' dir='ltr'><strong>nos</strong></span> <span class='ocrx_word' id='word_1_420' title='bbox 559 3834 635 3888; x_wconf 85' lang='lat' dir='ltr'><strong>inira</strong></span> <span class='ocrx_word' id='word_1_421' title='bbox 654 3833 809 3890; x_wconf 88' lang='lat' dir='ltr'><strong>dabimus:</strong></span> <span class='ocrx_word' id='word_1_422' title='bbox 835 3833 983 3904; x_wconf 90' lang='lat' dir='ltr'><strong>astipsum</strong></span> 
     </span>
     <span class='ocr_line' id='line_1_52' title="bbox 134 3919 982 3993; baseline 0.004 -20"><span class='ocrx_word' id='word_1_423' title='bbox 134 3919 242 3986; x_wconf 84' lang='lat' dir='ltr'><strong>fefellit,</strong></span> <span class='ocrx_word' id='word_1_424' title='bbox 256 3919 370 3992; x_wconf 89' lang='lat' dir='ltr'><strong>opinor,</strong></span> <span class='ocrx_word' id='word_1_425' title='bbox 392 3920 589 3993; x_wconf 80' lang='lat' dir='ltr'><strong>Frisingensis,</strong></span> <span class='ocrx_word' id='word_1_426' title='bbox 608 3923 676 3977; x_wconf 92' lang='lat' dir='ltr'><strong>dum</strong></span> <span class='ocrx_word' id='word_1_427' title='bbox 701 3922 738 3977; x_wconf 88' lang='lat' dir='ltr'><strong>ed</strong></span> <span class='ocrx_word' id='word_1_428' title='bbox 752 3937 862 3977; x_wconf 88' lang='lat' dir='ltr'><strong>anunm</strong></span> <span class='ocrx_word' id='word_1_429' title='bbox 893 3921 982 3976; x_wconf 89' lang='lat' dir='ltr'><strong>istum</strong></span> 
     </span>
     <span class='ocr_line' id='line_1_53' title="bbox 138 4007 982 4083; baseline 0.004 -22"><span class='ocrx_word' id='word_1_430' title='bbox 138 4009 214 4074; x_wconf 75' lang='grc'>1152,</span> <span class='ocrx_word' id='word_1_431' title='bbox 229 4007 351 4063; x_wconf 88' lang='lat' dir='ltr'><strong>Conradi</strong></span> <span class='ocrx_word' id='word_1_432' title='bbox 366 4008 402 4064; x_wconf 95' lang='lat' dir='ltr'><strong>lll</strong></span> <span class='ocrx_word' id='word_1_433' title='bbox 427 4025 605 4080; x_wconf 88' lang='lat' dir='ltr'><strong>supremum,</strong></span> <span class='ocrx_word' id='word_1_434' title='bbox 633 4011 782 4066; x_wconf 87' lang='lat' dir='ltr'><strong>occasione</strong></span> <span class='ocrx_word' id='word_1_435' title='bbox 806 4012 868 4083; x_wconf 78' lang='lat' dir='ltr'><strong>ejus</strong></span> <span class='ocrx_word' id='word_1_436' title='bbox 888 4011 982 4082; x_wconf 90' lang='lat' dir='ltr'><strong>sepul·</strong></span> 
     </span>
     <span class='ocr_line' id='line_1_54' title="bbox 133 4095 982 4170; baseline 0.005 -22"><span class='ocrx_word' id='word_1_437' title='bbox 133 4101 215 4161; x_wconf 80' lang='lat' dir='ltr'><strong>turre,</strong></span> <span class='ocrx_word' id='word_1_438' title='bbox 227 4095 268 4151; x_wconf 88' lang='lat' dir='ltr'><strong>sic</strong></span> <span class='ocrx_word' id='word_1_439' title='bbox 281 4097 368 4152; x_wconf 89' lang='lat' dir='ltr'><strong>habet</strong></span> <span class='ocrx_word' id='word_1_440' title='bbox 391 4097 452 4152; x_wconf 92' lang='lat' dir='ltr'><strong>loeo</strong></span> <span class='ocrx_word' id='word_1_441' title='bbox 477 4098 561 4154; x_wconf 89' lang='lat' dir='ltr'><strong>citato</strong></span> <span class='ocrx_word' id='word_1_442' title='bbox 578 4115 584 4153; x_wconf 91' lang='lat'>:</span> <span class='ocrx_word' id='word_1_443' title='bbox 602 4121 613 4148; x_wconf 85' lang='grc' dir='ltr'>ι</span> <span class='ocrx_word' id='word_1_444' title='bbox 629 4102 714 4155; x_wconf 84' lang='lat' dir='ltr'><strong>Juxta</strong></span> <span class='ocrx_word' id='word_1_445' title='bbox 735 4100 866 4154; x_wconf 90' lang='lat' dir='ltr'><strong>tumbam</strong></span> <span class='ocrx_word' id='word_1_446' title='bbox 886 4099 982 4170; x_wconf 90' lang='lat' dir='ltr'><strong>lmpe-</strong></span> 
     </span>
     <span class='ocr_line' id='line_1_55' title="bbox 133 4182 982 4258; baseline 0.007 -23"><span class='ocrx_word' id='word_1_447' title='bbox 133 4182 371 4249; x_wconf 75' lang='lat' dir='ltr'><strong>ratonslleurici,</strong></span> <span class='ocrx_word' id='word_1_448' title='bbox 394 4184 455 4255; x_wconf 87' lang='lat' dir='ltr'><strong>ejus</strong></span> <span class='ocrx_word' id='word_1_449' title='bbox 483 4186 536 4240; x_wconf 90' lang='lat' dir='ltr'><strong>loci</strong></span> <span class='ocrx_word' id='word_1_450' title='bbox 559 4187 729 4254; x_wconf 78' lang='lat' dir='ltr'><strong>fundatoris,</strong></span> <span class='ocrx_word' id='word_1_451' title='bbox 746 4187 796 4258; x_wconf 90' lang='lat' dir='ltr'><strong>qui</strong></span> <span class='ocrx_word' id='word_1_452' title='bbox 810 4202 902 4257; x_wconf 90' lang='lat' dir='ltr'><strong>nuper</strong></span> <span class='ocrx_word' id='word_1_453' title='bbox 933 4201 982 4241; x_wconf 89' lang='lat' dir='ltr'><strong>au·</strong></span> 
     </span>
     <span class='ocr_line' id='line_1_56' title="bbox 133 4271 978 4341; baseline 0.007 -19"><span class='ocrx_word' id='word_1_454' title='bbox 133 4271 264 4326; x_wconf 87' lang='lat' dir='ltr'><strong>ctoritate</strong></span> <span class='ocrx_word' id='word_1_455' title='bbox 291 4272 429 4338; x_wconf 80' lang='lat' dir='ltr'><strong>Romanae</strong></span> <span class='ocrx_word' id='word_1_456' title='bbox 458 4275 589 4329; x_wconf 81' lang='lat' dir='ltr'><strong>Ecclesiae</strong></span> <span class='ocrx_word' id='word_1_457' title='bbox 605 4275 634 4330; x_wconf 92' lang='lat' dir='ltr'><strong>iu</strong></span> <span class='ocrx_word' id='word_1_458' title='bbox 660 4278 721 4330; x_wconf 83' lang='lat' dir='ltr'><strong>loca</strong></span> <span class='ocrx_word' id='word_1_459' title='bbox 746 4281 842 4329; x_wconf 89' lang='lat' dir='ltr'><strong>saneta</strong></span> <span class='ocrx_word' id='word_1_460' title='bbox 858 4275 978 4341; x_wconf 84' lang='lat' dir='ltr'><strong>levatus,</strong></span> 
     </span>
     <span class='ocr_line' id='line_1_57' title="bbox 132 4361 979 4434; baseline 0.001 -23"><span class='ocrx_word' id='word_1_461' title='bbox 132 4373 186 4428; x_wconf 90' lang='lat' dir='ltr'><strong>pro</strong></span> <span class='ocrx_word' id='word_1_462' title='bbox 208 4366 304 4413; x_wconf 88' lang='lat' dir='ltr'><strong>sancto</strong></span> <span class='ocrx_word' id='word_1_463' title='bbox 323 4361 454 4428; x_wconf 87' lang='lat' dir='ltr'><strong>babetur,</strong></span> <span class='ocrx_word' id='word_1_464' title='bbox 485 4363 565 4434; x_wconf 82' lang='lat' dir='ltr'><strong>regio</strong></span> <span class='ocrx_word' id='word_1_465' title='bbox 592 4364 751 4418; x_wconf 81' lang='lat' dir='ltr'><strong>culturum</strong></span> <span class='ocrx_word' id='word_1_466' title='bbox 774 4363 903 4433; x_wconf 81' lang='lat' dir='ltr'><strong>sepelivit</strong></span> <span class='ocrx_word' id='word_1_467' title='bbox 931 4379 937 4416; x_wconf 91' lang='lat'>:</span> <span class='ocrx_word' id='word_1_468' title='bbox 966 4384 979 4412; x_wconf 73' lang='lat' dir='ltr'><strong>s</strong></span> 
     </span>
     <span class='ocr_line' id='line_1_58' title="bbox 132 4449 979 4523; baseline 0.006 -22"><span class='ocrx_word' id='word_1_469' title='bbox 132 4461 239 4518; x_wconf 85' lang='lat' dir='ltr'><strong>nempe</strong></span> <span class='ocrx_word' id='word_1_470' title='bbox 258 4449 377 4504; x_wconf 90' lang='lat' dir='ltr'><strong>eeclesia</strong></span> <span class='ocrx_word' id='word_1_471' title='bbox 392 4451 620 4522; x_wconf 78' lang='lat' dir='ltr'><strong>bambergensis,</strong></span> <span class='ocrx_word' id='word_1_472' title='bbox 636 4468 702 4523; x_wconf 76' lang='lat' dir='ltr'><strong>quse</strong></span> <span class='ocrx_word' id='word_1_473' title='bbox 721 4451 845 4506; x_wconf 78' lang='lat' dir='ltr'><strong>conradi</strong></span> <span class='ocrx_word' id='word_1_474' title='bbox 874 4467 979 4521; x_wconf 91' lang='lat' dir='ltr'><strong>corpus</strong></span> 
     </span>
    </p>
   </div>
   <div class='ocr_carea' id='block_1_7' title="bbox 1035 3207 1889 4524">
    <p class='ocr_par' dir='ltr' id='par_1_10' title="bbox 1035 3207 1889 4524">
     <span class='ocr_line' id='line_1_59' title="bbox 1039 3207 1889 3287; baseline -0.013 -16"><span class='ocrx_word' id='word_1_475' title='bbox 1039 3217 1266 3271; x_wconf 87' lang='lat' dir='ltr'><strong>ctioueru.Sicut</strong></span> <span class='ocrx_word' id='word_1_476' title='bbox 1289 3232 1340 3287; x_wconf 90' lang='lat' dir='ltr'><strong>per</strong></span> <span class='ocrx_word' id='word_1_477' title='bbox 1354 3216 1463 3270; x_wconf 90' lang='lat' dir='ltr'><strong>litteras</strong></span> <span class='ocrx_word' id='word_1_478' title='bbox 1477 3220 1506 3268; x_wconf 90' lang='lat' dir='ltr'><strong>et</strong></span> <span class='ocrx_word' id='word_1_479' title='bbox 1534 3213 1651 3267; x_wconf 88' lang='lat' dir='ltr'><strong>nuntios</strong></span> <span class='ocrx_word' id='word_1_480' title='bbox 1673 3217 1783 3264; x_wconf 88' lang='lat' dir='ltr'><strong>vestros</strong></span> <span class='ocrx_word' id='word_1_481' title='bbox 1807 3207 1889 3260; x_wconf 87' lang='lat' dir='ltr'><strong>robis</strong></span> 
     </span>
     <span class='ocr_line' id='line_1_60' title="bbox 1040 3300 1889 3373; baseline -0.015 -13"><span class='ocrx_word' id='word_1_482' title='bbox 1040 3306 1187 3361; x_wconf 88' lang='lat' dir='ltr'><strong>mandasse</strong></span> <span class='ocrx_word' id='word_1_483' title='bbox 1225 3303 1420 3373; x_wconf 81' lang='lat' dir='ltr'><strong>meminimus,</strong></span> <span class='ocrx_word' id='word_1_484' title='bbox 1449 3302 1624 3357; x_wconf 88' lang='lat' dir='ltr'><strong>venerabiles</strong></span> <span class='ocrx_word' id='word_1_485' title='bbox 1650 3301 1752 3354; x_wconf 83' lang='lat' dir='ltr'><strong>iratres</strong></span> <span class='ocrx_word' id='word_1_486' title='bbox 1777 3300 1889 3350; x_wconf 87' lang='lat' dir='ltr'><strong>nostros</strong></span> 
     </span>
     <span class='ocr_line' id='line_1_61' title="bbox 1039 3385 1886 3464; baseline -0.014 -15"><span class='ocrx_word' id='word_1_487' title='bbox 1039 3396 1072 3449; x_wconf 93' lang='lat' dir='ltr'><strong>N.</strong></span> <span class='ocrx_word' id='word_1_488' title='bbox 1089 3395 1116 3449; x_wconf 90' lang='lat' dir='ltr'><strong>S.</strong></span> <span class='ocrx_word' id='word_1_489' title='bbox 1135 3394 1245 3449; x_wconf 83' lang='lat' dir='ltr'><strong>lluliuae</strong></span> <span class='ocrx_word' id='word_1_490' title='bbox 1271 3394 1446 3464; x_wconf 89' lang='lat' dir='ltr'><strong>episcopum,</strong></span> <span class='ocrx_word' id='word_1_491' title='bbox 1460 3396 1488 3446; x_wconf 91' lang='lat' dir='ltr'><strong>et</strong></span> <span class='ocrx_word' id='word_1_492' title='bbox 1511 3392 1543 3446; x_wconf 85' lang='lat' dir='ltr'><strong>N.</strong></span> <span class='ocrx_word' id='word_1_493' title='bbox 1560 3390 1761 3461; x_wconf 88' lang='lat' dir='ltr'><strong>presbyterum</strong></span> <span class='ocrx_word' id='word_1_494' title='bbox 1786 3385 1886 3440; x_wconf 85' lang='lat' dir='ltr'><strong>Cardi-</strong></span> 
     </span>
     <span class='ocr_line' id='line_1_62' title="bbox 1039 3475 1889 3553; baseline -0.014 -16"><span class='ocrx_word' id='word_1_495' title='bbox 1039 3483 1133 3537; x_wconf 91' lang='lat' dir='ltr'><strong>nalem</strong></span> <span class='ocrx_word' id='word_1_496' title='bbox 1150 3498 1201 3553; x_wconf 90' lang='lat' dir='ltr'><strong>pro</strong></span> <span class='ocrx_word' id='word_1_497' title='bbox 1216 3482 1336 3536; x_wconf 87' lang='lat' dir='ltr'><strong>dirersis</strong></span> <span class='ocrx_word' id='word_1_498' title='bbox 1349 3480 1472 3552; x_wconf 88' lang='lat' dir='ltr'><strong>negotiis</strong></span> <span class='ocrx_word' id='word_1_499' title='bbox 1493 3480 1529 3534; x_wconf 88' lang='lat' dir='ltr'><strong>ed</strong></span> <span class='ocrx_word' id='word_1_500' title='bbox 1556 3482 1651 3549; x_wconf 89' lang='lat' dir='ltr'><strong>partes</strong></span> <span class='ocrx_word' id='word_1_501' title='bbox 1684 3477 1746 3530; x_wconf 87' lang='lat' dir='ltr'><strong>illas</strong></span> <span class='ocrx_word' id='word_1_502' title='bbox 1774 3475 1810 3528; x_wconf 91' lang='lat' dir='ltr'><strong>de</strong></span> <span class='ocrx_word' id='word_1_503' title='bbox 1837 3488 1889 3527; x_wconf 91' lang='lat' dir='ltr'><strong>uo·</strong></span> 
     </span>
     <span class='ocr_line' id='line_1_63' title="bbox 1037 3562 1885 3642; baseline -0.015 -16"><span class='ocrx_word' id='word_1_504' title='bbox 1037 3578 1095 3626; x_wconf 90' lang='lat' dir='ltr'><strong>stro</strong></span> <span class='ocrx_word' id='word_1_505' title='bbox 1114 3573 1203 3626; x_wconf 89' lang='lat' dir='ltr'><strong>latere</strong></span> <span class='ocrx_word' id='word_1_506' title='bbox 1229 3569 1432 3642; x_wconf 86' lang='lat' dir='ltr'><strong>delegavimus,</strong></span> <span class='ocrx_word' id='word_1_507' title='bbox 1449 3569 1548 3639; x_wconf 88' lang='lat' dir='ltr'><strong>eisque</strong></span> <span class='ocrx_word' id='word_1_508' title='bbox 1574 3567 1637 3620; x_wconf 90' lang='lat' dir='ltr'><strong>viva</strong></span> <span class='ocrx_word' id='word_1_509' title='bbox 1651 3580 1719 3618; x_wconf 87' lang='lat' dir='ltr'><strong>voce</strong></span> <span class='ocrx_word' id='word_1_510' title='bbox 1753 3562 1885 3632; x_wconf 77' lang='lat' dir='ltr'><strong>injunxi·</strong></span> 
     </span>
     <span class='ocr_line' id='line_1_64' title="bbox 1038 3648 1887 3721; baseline -0.015 -8"><span class='ocrx_word' id='word_1_511' title='bbox 1038 3675 1102 3714; x_wconf 87' lang='lat' dir='ltr'><strong>rnns</strong></span> <span class='ocrx_word' id='word_1_512' title='bbox 1122 3665 1153 3713; x_wconf 92' lang='lat' dir='ltr'><strong>ut</strong></span> <span class='ocrx_word' id='word_1_513' title='bbox 1167 3657 1203 3712; x_wconf 88' lang='lat' dir='ltr'><strong>ad</strong></span> <span class='ocrx_word' id='word_1_514' title='bbox 1232 3657 1380 3713; x_wconf 89' lang='lat' dir='ltr'><strong>ecclesiam</strong></span> <span class='ocrx_word' id='word_1_515' title='bbox 1405 3663 1527 3711; x_wconf 84' lang='lat' dir='ltr'><strong>vestram</strong></span> <span class='ocrx_word' id='word_1_516' title='bbox 1549 3654 1723 3713; x_wconf 80' lang='lat' dir='ltr'><strong>accederent,</strong></span> <span class='ocrx_word' id='word_1_517' title='bbox 1740 3658 1827 3721; x_wconf 87' lang='lat' dir='ltr'><strong>atque</strong></span> <span class='ocrx_word' id='word_1_518' title='bbox 1852 3648 1887 3702; x_wconf 89' lang='lat' dir='ltr'><strong>de</strong></span> 
     </span>
     <span class='ocr_line' id='line_1_65' title="bbox 1038 3738 1884 3816; baseline -0.013 -16"><span class='ocrx_word' id='word_1_519' title='bbox 1038 3747 1094 3801; x_wconf 89' lang='lat' dir='ltr'><strong>vita</strong></span> <span class='ocrx_word' id='word_1_520' title='bbox 1109 3753 1139 3802; x_wconf 90' lang='lat' dir='ltr'><strong>et</strong></span> <span class='ocrx_word' id='word_1_521' title='bbox 1161 3746 1307 3801; x_wconf 87' lang='lat' dir='ltr'><strong>miracolis</strong></span> <span class='ocrx_word' id='word_1_522' title='bbox 1323 3744 1435 3800; x_wconf 88' lang='lat' dir='ltr'><strong>Henrici</strong></span> <span class='ocrx_word' id='word_1_523' title='bbox 1449 3744 1524 3816; x_wconf 89' lang='lat' dir='ltr'><strong>regis</strong></span> <span class='ocrx_word' id='word_1_524' title='bbox 1541 3743 1582 3797; x_wconf 89' lang='lat' dir='ltr'><strong>rei</strong></span> <span class='ocrx_word' id='word_1_525' title='bbox 1597 3745 1745 3796; x_wconf 89' lang='lat' dir='ltr'><strong>veritatem</strong></span> <span class='ocrx_word' id='word_1_526' title='bbox 1765 3738 1884 3808; x_wconf 80' lang='lat' dir='ltr'><strong>diligen-</strong></span> 
     </span>
     <span class='ocr_line' id='line_1_66' title="bbox 1036 3829 1886 3907; baseline -0.014 -17"><span class='ocrx_word' id='word_1_527' title='bbox 1036 3841 1080 3890; x_wconf 87' lang='lat' dir='ltr'><strong>ter</strong></span> <span class='ocrx_word' id='word_1_528' title='bbox 1103 3835 1291 3907; x_wconf 88' lang='lat' dir='ltr'><strong>inquirerent,</strong></span> <span class='ocrx_word' id='word_1_529' title='bbox 1321 3838 1349 3887; x_wconf 90' lang='lat' dir='ltr'><strong>et</strong></span> <span class='ocrx_word' id='word_1_530' title='bbox 1372 3832 1473 3888; x_wconf 89' lang='lat' dir='ltr'><strong>litteris</strong></span> <span class='ocrx_word' id='word_1_531' title='bbox 1496 3833 1555 3888; x_wconf 86' lang='lat' dir='ltr'><strong>suis</strong></span> <span class='ocrx_word' id='word_1_532' title='bbox 1576 3831 1658 3887; x_wconf 89' lang='lat' dir='ltr'><strong>nobis</strong></span> <span class='ocrx_word' id='word_1_533' title='bbox 1680 3829 1886 3901; x_wconf 87' lang='lat' dir='ltr'><strong>signillcarent.</strong></span> 
     </span>
     <span class='ocr_line' id='line_1_67' title="bbox 1037 3914 1886 3979; baseline -0.015 0"><span class='ocrx_word' id='word_1_534' title='bbox 1037 3925 1118 3979; x_wconf 83' lang='lat' dir='ltr'><strong>Nune</strong></span> <span class='ocrx_word' id='word_1_535' title='bbox 1132 3930 1230 3979; x_wconf 87' lang='lat' dir='ltr'><strong>autern</strong></span> <span class='ocrx_word' id='word_1_536' title='bbox 1248 3922 1416 3978; x_wconf 87' lang='lat' dir='ltr'><strong>eorumdem</strong></span> <span class='ocrx_word' id='word_1_537' title='bbox 1438 3923 1559 3976; x_wconf 84' lang='lat' dir='ltr'><strong>fratrum</strong></span> <span class='ocrx_word' id='word_1_538' title='bbox 1583 3926 1747 3975; x_wconf 90' lang='lat' dir='ltr'><strong>nostrornm</strong></span> <span class='ocrx_word' id='word_1_539' title='bbox 1765 3922 1795 3971; x_wconf 91' lang='lat' dir='ltr'><strong>et</strong></span> <span class='ocrx_word' id='word_1_540' title='bbox 1810 3914 1886 3970; x_wconf 93' lang='lat' dir='ltr'><strong>mul-</strong></span> 
     </span>
     <span class='ocr_line' id='line_1_68' title="bbox 1035 4008 1887 4083; baseline -0.015 -15"><span class='ocrx_word' id='word_1_541' title='bbox 1035 4017 1131 4068; x_wconf 90' lang='lat' dir='ltr'><strong>torum</strong></span> <span class='ocrx_word' id='word_1_542' title='bbox 1146 4010 1346 4083; x_wconf 85' lang='lat' dir='ltr'><strong>reilgiosorum</strong></span> <span class='ocrx_word' id='word_1_543' title='bbox 1361 4015 1389 4064; x_wconf 85' lang='lat' dir='ltr'><strong>et</strong></span> <span class='ocrx_word' id='word_1_544' title='bbox 1411 4009 1600 4065; x_wconf 88' lang='lat' dir='ltr'><strong>discretorum</strong></span> <span class='ocrx_word' id='word_1_545' title='bbox 1622 4009 1751 4063; x_wconf 88' lang='lat' dir='ltr'><strong>virorum</strong></span> <span class='ocrx_word' id='word_1_546' title='bbox 1767 4008 1887 4061; x_wconf 88' lang='lat' dir='ltr'><strong>attesta-</strong></span> 
     </span>
     <span class='ocr_line' id='line_1_69' title="bbox 1035 4096 1885 4171; baseline -0.005 -15"><span class='ocrx_word' id='word_1_547' title='bbox 1035 4102 1123 4168; x_wconf 89' lang='lat' dir='ltr'><strong>tione,</strong></span> <span class='ocrx_word' id='word_1_548' title='bbox 1147 4102 1182 4155; x_wconf 90' lang='lat' dir='ltr'><strong>de</strong></span> <span class='ocrx_word' id='word_1_549' title='bbox 1207 4099 1334 4154; x_wconf 88' lang='lat' dir='ltr'><strong>castitate</strong></span> <span class='ocrx_word' id='word_1_550' title='bbox 1363 4098 1463 4171; x_wconf 89' lang='lat' dir='ltr'><strong>ipsius,</strong></span> <span class='ocrx_word' id='word_1_551' title='bbox 1488 4098 1524 4152; x_wconf 90' lang='lat' dir='ltr'><strong>de</strong></span> <span class='ocrx_word' id='word_1_552' title='bbox 1555 4097 1721 4153; x_wconf 86' lang='lat' dir='ltr'><strong>fundatione</strong></span> <span class='ocrx_word' id='word_1_553' title='bbox 1752 4096 1885 4152; x_wconf 90' lang='lat' dir='ltr'><strong>bamber-</strong></span> 
     </span>
     <span class='ocr_line' id='line_1_70' title="bbox 1036 4184 1883 4261; baseline -0.004 -18"><span class='ocrx_word' id='word_1_554' title='bbox 1036 4187 1133 4261; x_wconf 89' lang='lat' dir='ltr'><strong>gensis</strong></span> <span class='ocrx_word' id='word_1_555' title='bbox 1156 4186 1282 4242; x_wconf 78' lang='lat' dir='ltr'><strong>ecclesiae</strong></span> <span class='ocrx_word' id='word_1_556' title='bbox 1301 4191 1329 4241; x_wconf 87' lang='lat' dir='ltr'><strong>ct</strong></span> <span class='ocrx_word' id='word_1_557' title='bbox 1358 4186 1514 4241; x_wconf 86' lang='lat' dir='ltr'><strong>multarum</strong></span> <span class='ocrx_word' id='word_1_558' title='bbox 1530 4185 1662 4251; x_wconf 88' lang='lat' dir='ltr'><strong>aliarum,</strong></span> <span class='ocrx_word' id='word_1_559' title='bbox 1691 4184 1883 4257; x_wconf 88' lang='lat' dir='ltr'><strong>quarumdam</strong></span> 
     </span>
     <span class='ocr_line' id='line_1_71' title="bbox 1035 4273 1887 4348; baseline -0.005 -18"><span class='ocrx_word' id='word_1_560' title='bbox 1035 4292 1151 4348; x_wconf 89' lang='lat' dir='ltr'><strong>quoque</strong></span> <span class='ocrx_word' id='word_1_561' title='bbox 1166 4274 1373 4348; x_wconf 79' lang='lat' dir='ltr'><strong>episcopalium</strong></span> <span class='ocrx_word' id='word_1_562' title='bbox 1399 4274 1512 4329; x_wconf 89' lang='lat' dir='ltr'><strong>sedium</strong></span> <span class='ocrx_word' id='word_1_563' title='bbox 1535 4273 1729 4344; x_wconf 85' lang='lat' dir='ltr'><strong>reparatione,</strong></span> <span class='ocrx_word' id='word_1_564' title='bbox 1745 4277 1774 4326; x_wconf 88' lang='lat' dir='ltr'><strong>et</strong></span> <span class='ocrx_word' id='word_1_565' title='bbox 1788 4273 1887 4327; x_wconf 87' lang='lat' dir='ltr'><strong>multi·</strong></span> 
     </span>
     <span class='ocr_line' id='line_1_72' title="bbox 1038 4360 1880 4434; baseline -0.006 -15"><span class='ocrx_word' id='word_1_566' title='bbox 1038 4364 1106 4434; x_wconf 86' lang='lat' dir='ltr'><strong>plici</strong></span> <span class='ocrx_word' id='word_1_567' title='bbox 1134 4364 1381 4433; x_wconf 85' lang='lat' dir='ltr'><strong>eleemosynarum</strong></span> <span class='ocrx_word' id='word_1_568' title='bbox 1420 4361 1582 4433; x_wconf 87' lang='lat' dir='ltr'><strong>largitione,</strong></span> <span class='ocrx_word' id='word_1_569' title='bbox 1618 4361 1653 4414; x_wconf 90' lang='lat' dir='ltr'><strong>de</strong></span> <span class='ocrx_word' id='word_1_570' title='bbox 1689 4360 1880 4415; x_wconf 89' lang='lat' dir='ltr'><strong>conversione</strong></span> 
     </span>
     <span class='ocr_line' id='line_1_73' title="bbox 1037 4447 1885 4524; baseline -0.009 -14"><span class='ocrx_word' id='word_1_571' title='bbox 1037 4453 1113 4524; x_wconf 86' lang='lat' dir='ltr'><strong>regis</strong></span> <span class='ocrx_word' id='word_1_572' title='bbox 1126 4451 1261 4523; x_wconf 88' lang='lat' dir='ltr'><strong>Stephani</strong></span> <span class='ocrx_word' id='word_1_573' title='bbox 1286 4456 1314 4505; x_wconf 93' lang='lat' dir='ltr'><strong>et</strong></span> <span class='ocrx_word' id='word_1_574' title='bbox 1331 4450 1416 4504; x_wconf 91' lang='lat' dir='ltr'><strong>totius</strong></span> <span class='ocrx_word' id='word_1_575' title='bbox 1439 4450 1602 4520; x_wconf 82' lang='lat' dir='ltr'><strong>lluogariae,</strong></span> <span class='ocrx_word' id='word_1_576' title='bbox 1631 4447 1753 4502; x_wconf 88' lang='lat' dir='ltr'><strong>Domino</strong></span> <span class='ocrx_word' id='word_1_577' title='bbox 1780 4464 1885 4519; x_wconf 88' lang='lat' dir='ltr'><strong>coope-</strong></span> 
     </span>
    </p>
   </div>
   <div class='ocr_carea' id='block_1_8' title="bbox 132 4536 1885 5054">
    <p class='ocr_par' dir='ltr' id='par_1_11' title="bbox 132 4536 1885 4878">
     <span class='ocr_line' id='line_1_74' title="bbox 134 4536 1881 4612; baseline 0.001 -22"><span class='ocrx_word' id='word_1_578' title='bbox 134 4536 190 4590; x_wconf 87' lang='lat' dir='ltr'><strong>ulio</strong></span> <span class='ocrx_word' id='word_1_579' title='bbox 215 4537 361 4592; x_wconf 85' lang='lat' dir='ltr'><strong>transferri</strong></span> <span class='ocrx_word' id='word_1_580' title='bbox 375 4555 459 4610; x_wconf 87' lang='lat' dir='ltr'><strong>passa</strong></span> <span class='ocrx_word' id='word_1_581' title='bbox 492 4556 550 4594; x_wconf 92' lang='lat' dir='ltr'><strong>uon</strong></span> <span class='ocrx_word' id='word_1_582' title='bbox 575 4540 676 4596; x_wconf 85' lang='lat' dir='ltr'><strong>iuerat.</strong></span> <span class='ocrx_word' id='word_1_583' title='bbox 702 4539 791 4595; x_wconf 79' lang='lat' dir='ltr'><strong>Nimis</strong></span> <span class='ocrx_word' id='word_1_584' title='bbox 816 4542 982 4612; x_wconf 85' lang='lat' dir='ltr'><strong>scrupulose</strong></span> <span class='ocrx_word' id='word_1_585' title='bbox 1035 4546 1182 4612; x_wconf 88' lang='lat' dir='ltr'><strong>rauteper</strong></span> <span class='ocrx_word' id='word_1_586' title='bbox 1212 4554 1278 4595; x_wconf 91' lang='lat' dir='ltr'><strong>eum</strong></span> <span class='ocrx_word' id='word_1_587' title='bbox 1304 4538 1394 4606; x_wconf 79' lang='lat' dir='ltr'><strong>iacta3</strong></span> <span class='ocrx_word' id='word_1_588' title='bbox 1415 4537 1450 4594; x_wconf 88' lang='lat' dir='ltr'><strong>de</strong></span> <span class='ocrx_word' id='word_1_589' title='bbox 1474 4537 1597 4609; x_wconf 86' lang='lat' dir='ltr'><strong>glorioso</strong></span> <span class='ocrx_word' id='word_1_590' title='bbox 1616 4536 1808 4608; x_wconf 85' lang='lat' dir='ltr'><strong>ctiamipsins</strong></span> <span class='ocrx_word' id='word_1_591' title='bbox 1832 4537 1881 4591; x_wconf 93' lang='lat' dir='ltr'><strong>ob·</strong></span> 
     </span>
     <span class='ocr_line' id='line_1_75' title="bbox 132 4625 1885 4700; baseline 0 -22"><span class='ocrx_word' id='word_1_592' title='bbox 132 4625 303 4693; x_wconf 87' lang='lat' dir='ltr'><strong>particulam</strong></span> <span class='ocrx_word' id='word_1_593' title='bbox 333 4644 348 4679; x_wconf 78' lang='lat' dir='ltr'><strong>a</strong></span> <span class='ocrx_word' id='word_1_594' title='bbox 372 4644 465 4699; x_wconf 87' lang='lat' dir='ltr'><strong>nuper·</strong></span> <span class='ocrx_word' id='word_1_595' title='bbox 494 4650 504 4676; x_wconf 74' lang='grc' dir='ltr'>ι</span> <span class='ocrx_word' id='word_1_596' title='bbox 538 4631 647 4700; x_wconf 88' lang='lat' dir='ltr'><strong>accepit</strong></span> <span class='ocrx_word' id='word_1_597' title='bbox 671 4629 803 4684; x_wconf 88' lang='lat' dir='ltr'><strong>laudatus</strong></span> <span class='ocrx_word' id='word_1_598' title='bbox 832 4628 980 4696; x_wconf 89' lang='lat' dir='ltr'><strong>baronius,</strong></span> <span class='ocrx_word' id='word_1_599' title='bbox 1034 4630 1087 4696; x_wconf 89' lang='lat' dir='ltr'><strong>itu,</strong></span> <span class='ocrx_word' id='word_1_600' title='bbox 1118 4626 1305 4700; x_wconf 87' lang='lat' dir='ltr'><strong>pluribusque</strong></span> <span class='ocrx_word' id='word_1_601' title='bbox 1338 4626 1493 4695; x_wconf 89' lang='lat' dir='ltr'><strong>miraculis,</strong></span> <span class='ocrx_word' id='word_1_602' title='bbox 1528 4631 1593 4698; x_wconf 90' lang='lat' dir='ltr'><strong>post</strong></span> <span class='ocrx_word' id='word_1_603' title='bbox 1614 4626 1676 4697; x_wconf 89' lang='lat' dir='ltr'><strong>ejus</strong></span> <span class='ocrx_word' id='word_1_604' title='bbox 1703 4625 1828 4693; x_wconf 87' lang='lat' dir='ltr'><strong>obitum,</strong></span> <span class='ocrx_word' id='word_1_605' title='bbox 1850 4625 1885 4678; x_wconf 91' lang='lat' dir='ltr'><strong>ad</strong></span> 
     </span>
     <span class='ocr_line' id='line_1_76' title="bbox 132 4713 1885 4791; baseline 0 -24"><span class='ocrx_word' id='word_1_606' title='bbox 132 4729 220 4785; x_wconf 90' lang='lat' dir='ltr'><strong>quam</strong></span> <span class='ocrx_word' id='word_1_607' title='bbox 247 4715 282 4769; x_wconf 88' lang='lat' dir='ltr'><strong>ad</strong></span> <span class='ocrx_word' id='word_1_608' title='bbox 307 4730 398 4771; x_wconf 91' lang='lat' dir='ltr'><strong>anuos</strong></span> <span class='ocrx_word' id='word_1_609' title='bbox 438 4717 548 4791; x_wconf 89' lang='lat' dir='ltr'><strong>aliquot</strong></span> <span class='ocrx_word' id='word_1_610' title='bbox 568 4718 775 4772; x_wconf 80' lang='lat' dir='ltr'><strong>extendendam</strong></span> <span class='ocrx_word' id='word_1_611' title='bbox 799 4733 860 4772; x_wconf 87' lang='lat' dir='ltr'><strong>esse</strong></span> <span class='ocrx_word' id='word_1_612' title='bbox 886 4717 980 4783; x_wconf 90' lang='lat' dir='ltr'><strong>docet,</strong></span> <span class='ocrx_word' id='word_1_613' title='bbox 1033 4719 1123 4790; x_wconf 88' lang='lat' dir='ltr'><strong>ipsius</strong></span> <span class='ocrx_word' id='word_1_614' title='bbox 1138 4715 1265 4787; x_wconf 87' lang='lat' dir='ltr'><strong>corporis</strong></span> <span class='ocrx_word' id='word_1_615' title='bbox 1293 4715 1476 4787; x_wconf 76' lang='lat' dir='ltr'><strong>praeentiam</strong></span> <span class='ocrx_word' id='word_1_616' title='bbox 1491 4715 1627 4770; x_wconf 88' lang='lat' dir='ltr'><strong>divinitus</strong></span> <span class='ocrx_word' id='word_1_617' title='bbox 1642 4713 1774 4779; x_wconf 87' lang='lat' dir='ltr'><strong>ostensis,</strong></span> <span class='ocrx_word' id='word_1_618' title='bbox 1791 4717 1885 4768; x_wconf 87' lang='lat' dir='ltr'><strong>multa</strong></span> 
     </span>
     <span class='ocr_line' id='line_1_77' title="bbox 133 4804 1227 4878; baseline 0.005 -23"><span class='ocrx_word' id='word_1_619' title='bbox 133 4810 231 4872; x_wconf 86' lang='lat' dir='ltr'><strong>aperta</strong></span> <span class='ocrx_word' id='word_1_620' title='bbox 258 4819 355 4858; x_wconf 88' lang='lat' dir='ltr'><strong>rerum</strong></span> <span class='ocrx_word' id='word_1_621' title='bbox 380 4804 477 4874; x_wconf 88' lang='lat' dir='ltr'><strong>series,</strong></span> <span class='ocrx_word' id='word_1_622' title='bbox 496 4806 568 4861; x_wconf 89' lang='lat' dir='ltr'><strong>adeo</strong></span> <span class='ocrx_word' id='word_1_623' title='bbox 597 4811 630 4861; x_wconf 91' lang='lat' dir='ltr'><strong>ut</strong></span> <span class='ocrx_word' id='word_1_624' title='bbox 655 4805 809 4876; x_wconf 89' lang='lat' dir='ltr'><strong>superstite</strong></span> <span class='ocrx_word' id='word_1_625' title='bbox 838 4804 981 4875; x_wconf 84' lang='lat' dir='ltr'><strong>Egilberto</strong></span> <span class='ocrx_word' id='word_1_626' title='bbox 1033 4806 1227 4878; x_wconf 83' lang='lat' dir='ltr'><strong>cognovimus.</strong></span> 
     </span>
    </p>

    <p class='ocr_par' dir='ltr' id='par_1_12' title="bbox 132 4887 1883 5054">
     <span class='ocr_line' id='line_1_78' title="bbox 132 4887 1882 4966; baseline 0.001 -24"><span class='ocrx_word' id='word_1_627' title='bbox 132 4887 379 4945; x_wconf 65' lang='lat' dir='ltr'><strong>manutentionem</strong></span> <span class='ocrx_word' id='word_1_628' title='bbox 399 4893 496 4947; x_wconf 71' lang='lat' dir='ltr'><strong>bomne</strong></span> <span class='ocrx_word' id='word_1_629' title='bbox 519 4894 663 4948; x_wconf 88' lang='lat' dir='ltr'><strong>decretam</strong></span> <span class='ocrx_word' id='word_1_630' title='bbox 705 4897 838 4965; x_wconf 88' lang='lat' dir='ltr'><strong>oporteat</strong></span> <span class='ocrx_word' id='word_1_631' title='bbox 860 4892 979 4960; x_wconf 72' lang='lat' dir='ltr'><strong>(verosi</strong></span> <span class='ocrx_word' id='word_1_632' title='bbox 1068 4893 1479 4966; x_wconf 74' lang='lat' dir='ltr'><strong>ti.«lnterquaepraecipunm</strong></span> <span class='ocrx_word' id='word_1_633' title='bbox 1491 4899 1520 4946; x_wconf 90' lang='lat' dir='ltr'><strong>et</strong></span> <span class='ocrx_word' id='word_1_634' title='bbox 1531 4889 1882 4961; x_wconf 85' lang='lat' dir='ltr'><strong>memorabileplurinrnm</strong></span> 
     </span>
     <span class='ocr_line' id='line_1_79' title="bbox 133 4975 1883 5054; baseline 0.001 -24"><span class='ocrx_word' id='word_1_635' title='bbox 133 4975 253 5032; x_wconf 81' lang='lat' dir='ltr'><strong>utillime</strong></span> <span class='ocrx_word' id='word_1_636' title='bbox 273 4993 349 5033; x_wconf 86' lang='lat' dir='ltr'><strong>auno</strong></span> <span class='ocrx_word' id='word_1_637' title='bbox 386 4980 475 5048; x_wconf 70' lang='grc'>1145),</span> <span class='ocrx_word' id='word_1_638' title='bbox 510 4981 655 5035; x_wconf 88' lang='lat' dir='ltr'><strong>solennius</strong></span> <span class='ocrx_word' id='word_1_639' title='bbox 679 4980 781 5035; x_wconf 86' lang='lat' dir='ltr'><strong>deinde</strong></span> <span class='ocrx_word' id='word_1_640' title='bbox 808 4981 980 5035; x_wconf 89' lang='lat' dir='ltr'><strong>celebratam</strong></span> <span class='ocrx_word' id='word_1_641' title='bbox 1034 4983 1214 5039; x_wconf 87' lang='lat' dir='ltr'><strong>attendentes</strong></span> <span class='ocrx_word' id='word_1_642' title='bbox 1238 4982 1326 5054; x_wconf 89' lang='lat' dir='ltr'><strong>quod,</strong></span> <span class='ocrx_word' id='word_1_643' title='bbox 1355 4996 1421 5036; x_wconf 89' lang='lat' dir='ltr'><strong>cum</strong></span> <span class='ocrx_word' id='word_1_644' title='bbox 1443 4981 1575 5036; x_wconf 88' lang='lat' dir='ltr'><strong>diadema</strong></span> <span class='ocrx_word' id='word_1_645' title='bbox 1603 4985 1809 5051; x_wconf 89' lang='lat' dir='ltr'><strong>sceptrumque</strong></span> <span class='ocrx_word' id='word_1_646' title='bbox 1831 4979 1883 5033; x_wconf 90' lang='lat' dir='ltr'><strong>im·</strong></span> 
     </span>
    </p>
   </div>
   <div class='ocr_carea' id='block_1_9' title="bbox 132 5066 1886 5143">
    <p class='ocr_par' dir='ltr' id='par_1_13' title="bbox 132 5066 1886 5143">
     <span class='ocr_line' id='line_1_80' title="bbox 132 5066 1886 5143; baseline 0.002 -26"><span class='ocrx_word' id='word_1_647' title='bbox 132 5078 196 5119; x_wconf 85' lang='lat' dir='ltr'><strong>euni</strong></span> <span class='ocrx_word' id='word_1_648' title='bbox 224 5066 383 5121; x_wconf 86' lang='lat' dir='ltr'><strong>elevatione</strong></span> <span class='ocrx_word' id='word_1_649' title='bbox 411 5073 439 5121; x_wconf 88' lang='lat' dir='ltr'><strong>et</strong></span> <span class='ocrx_word' id='word_1_650' title='bbox 474 5069 659 5123; x_wconf 77' lang='lat' dir='ltr'><strong>translatione</strong></span> <span class='ocrx_word' id='word_1_651' title='bbox 685 5069 760 5123; x_wconf 87' lang='lat' dir='ltr'><strong>sacri</strong></span> <span class='ocrx_word' id='word_1_652' title='bbox 784 5068 913 5140; x_wconf 87' lang='lat' dir='ltr'><strong>corporis</strong></span> <span class='ocrx_word' id='word_1_653' title='bbox 943 5070 979 5124; x_wconf 90' lang='lat' dir='ltr'><strong>ab</strong></span> <span class='ocrx_word' id='word_1_654' title='bbox 1033 5071 1107 5143; x_wconf 89' lang='lat' dir='ltr'><strong>perii</strong></span> <span class='ocrx_word' id='word_1_655' title='bbox 1122 5071 1302 5142; x_wconf 88' lang='lat' dir='ltr'><strong>suscepisset,</strong></span> <span class='ocrx_word' id='word_1_656' title='bbox 1334 5085 1392 5124; x_wconf 92' lang='lat' dir='ltr'><strong>non</strong></span> <span class='ocrx_word' id='word_1_657' title='bbox 1416 5069 1604 5142; x_wconf 89' lang='lat' dir='ltr'><strong>imperialiter</strong></span> <span class='ocrx_word' id='word_1_658' title='bbox 1618 5069 1667 5122; x_wconf 92' lang='lat' dir='ltr'><strong>sed</strong></span> <span class='ocrx_word' id='word_1_659' title='bbox 1693 5067 1886 5140; x_wconf 88' lang='lat' dir='ltr'><strong>spiritualiter</strong></span> 
     </span>
    </p>
   </div>
   <div class='ocr_carea' id='block_1_10' title="bbox 80 5152 982 5758">
    <p class='ocr_par' dir='ltr' id='par_1_14' title="bbox 80 5152 982 5583">
     <span class='ocr_line' id='line_1_81' title="bbox 80 5152 982 5229; baseline 0.007 -23"><span class='ocrx_word' id='word_1_660' title='bbox 80 5206 83 5213; x_wconf 82' lang='grc'>,</span> <span class='ocrx_word' id='word_1_661' title='bbox 132 5152 274 5208; x_wconf 84' lang='lat' dir='ltr'><strong>Eberardo</strong></span> <span class='ocrx_word' id='word_1_662' title='bbox 289 5171 450 5211; x_wconf 87' lang='lat' dir='ltr'><strong>successore</strong></span> <span class='ocrx_word' id='word_1_663' title='bbox 465 5173 541 5211; x_wconf 89' lang='lat' dir='ltr'><strong>anuo</strong></span> <span class='ocrx_word' id='word_1_664' title='bbox 572 5159 651 5225; x_wconf 74' lang='lat' dir='ltr'><strong>titt,</strong></span> <span class='ocrx_word' id='word_1_665' title='bbox 675 5159 752 5228; x_wconf 92' lang='lat' dir='ltr'><strong>quod</strong></span> <span class='ocrx_word' id='word_1_666' title='bbox 766 5159 851 5229; x_wconf 88' lang='lat' dir='ltr'><strong>plane</strong></span> <span class='ocrx_word' id='word_1_667' title='bbox 876 5160 982 5212; x_wconf 72' lang='lat' dir='ltr'><strong>evinci·</strong></span> 
     </span>
     <span class='ocr_line' id='line_1_82' title="bbox 133 5242 981 5318; baseline 0.006 -25"><span class='ocrx_word' id='word_1_668' title='bbox 133 5245 180 5294; x_wconf 91' lang='lat' dir='ltr'><strong>tnr</strong></span> <span class='ocrx_word' id='word_1_669' title='bbox 200 5256 234 5295; x_wconf 83' lang='lat' dir='ltr'><strong>ex</strong></span> <span class='ocrx_word' id='word_1_670' title='bbox 255 5242 450 5299; x_wconf 87' lang='lat' dir='ltr'><strong>demonstrato</strong></span> <span class='ocrx_word' id='word_1_671' title='bbox 478 5245 609 5316; x_wconf 88' lang='lat' dir='ltr'><strong>superius</strong></span> <span class='ocrx_word' id='word_1_672' title='bbox 652 5246 787 5318; x_wconf 80' lang='lat' dir='ltr'><strong>Egilberti</strong></span> <span class='ocrx_word' id='word_1_673' title='bbox 811 5247 904 5313; x_wconf 89' lang='lat' dir='ltr'><strong>obitu;</strong></span> <span class='ocrx_word' id='word_1_674' title='bbox 935 5246 981 5299; x_wconf 88' lang='lat' dir='ltr'><strong>cui</strong></span> 
     </span>
     <span class='ocr_line' id='line_1_83' title="bbox 132 5321 981 5404; baseline 0.005 -22"><span class='ocrx_word' id='word_1_675' title='bbox 132 5344 200 5383; x_wconf 88' lang='lat' dir='ltr'><strong>sane</strong></span> <span class='ocrx_word' id='word_1_676' title='bbox 219 5329 280 5401; x_wconf 84' lang='lat' dir='ltr'><strong>jam</strong></span> <span class='ocrx_word' id='word_1_677' title='bbox 306 5321 363 5386; x_wconf 82' lang='lat' dir='ltr'><strong>vita</strong></span> <span class='ocrx_word' id='word_1_678' title='bbox 374 5333 473 5388; x_wconf 86' lang='lat' dir='ltr'><strong>functo</strong></span> <span class='ocrx_word' id='word_1_679' title='bbox 490 5332 608 5404; x_wconf 87' lang='lat' dir='ltr'><strong>Eugenii</strong></span> <span class='ocrx_word' id='word_1_680' title='bbox 623 5334 749 5404; x_wconf 87' lang='lat' dir='ltr'><strong>diploma</strong></span> <span class='ocrx_word' id='word_1_681' title='bbox 764 5334 898 5389; x_wconf 85' lang='lat' dir='ltr'><strong>inaceribi</strong></span> <span class='ocrx_word' id='word_1_682' title='bbox 923 5349 981 5388; x_wconf 89' lang='lat' dir='ltr'><strong>non</strong></span> 
     </span>
     <span class='ocr_line' id='line_1_84' title="bbox 131 5417 980 5490; baseline 0.007 -20"><span class='ocrx_word' id='word_1_683' title='bbox 131 5417 244 5490; x_wconf 83' lang='lat' dir='ltr'><strong>potuit;</strong></span> <span class='ocrx_word' id='word_1_684' title='bbox 268 5419 402 5475; x_wconf 85' lang='lat' dir='ltr'><strong>audiatur</strong></span> <span class='ocrx_word' id='word_1_685' title='bbox 430 5421 617 5486; x_wconf 85' lang='lat' dir='ltr'><strong>llofmanuus,</strong></span> <span class='ocrx_word' id='word_1_686' title='bbox 632 5422 661 5478; x_wconf 93' lang='lat' dir='ltr'><strong>id</strong></span> <span class='ocrx_word' id='word_1_687' title='bbox 684 5423 818 5478; x_wconf 85' lang='lat' dir='ltr'><strong>disertius</strong></span> <span class='ocrx_word' id='word_1_688' title='bbox 841 5438 980 5490; x_wconf 83' lang='lat' dir='ltr'><strong>asserem,</strong></span> 
     </span>
     <span class='ocr_line' id='line_1_85' title="bbox 132 5505 754 5583; baseline 0.01 -23"><span class='ocrx_word' id='word_1_689' title='bbox 132 5505 163 5560; x_wconf 90' lang='lat' dir='ltr'><strong>iu</strong></span> <span class='ocrx_word' id='word_1_690' title='bbox 178 5506 334 5564; x_wconf 70' lang='lat' dir='ltr'><strong>annalibus</strong></span> <span class='ocrx_word' id='word_1_691' title='bbox 349 5506 617 5583; x_wconf 79' lang='lat' dir='ltr'><strong>bambergensibus,</strong></span> <span class='ocrx_word' id='word_1_692' title='bbox 629 5512 682 5567; x_wconf 90' lang='lat' dir='ltr'><strong>col.</strong></span> <span class='ocrx_word' id='word_1_693' title='bbox 695 5512 754 5566; x_wconf 77' lang='grc'>121.</span> 
     </span>
    </p>

    <p class='ocr_par' dir='ltr' id='par_1_15' title="bbox 133 5596 980 5758">
     <span class='ocr_line' id='line_1_86' title="bbox 166 5596 977 5671; baseline 0 -19"><span class='ocrx_word' id='word_1_694' title='bbox 166 5597 210 5652; x_wconf 76' lang='lat'><strong>22</strong></span> <span class='ocrx_word' id='word_1_695' title='bbox 228 5596 482 5668; x_wconf 76' lang='lat' dir='ltr'><strong>«sequentianno</strong></span> <span class='ocrx_word' id='word_1_696' title='bbox 501 5601 594 5670; x_wconf 74' lang='grc'>(1115)</span> <span class='ocrx_word' id='word_1_697' title='bbox 611 5599 782 5671; x_wconf 78' lang='lat' dir='ltr'><strong>brbeberge</strong></span> <span class='ocrx_word' id='word_1_698' title='bbox 805 5599 855 5655; x_wconf 82' lang='lat' dir='ltr'><strong>lux</strong></span> <span class='ocrx_word' id='word_1_699' title='bbox 871 5598 977 5670; x_wconf 83' lang='lat' dir='ltr'><strong>iugens</strong></span> 
     </span>
     <span class='ocr_line' id='line_1_87' title="bbox 133 5683 980 5758; baseline 0.002 -20"><span class='ocrx_word' id='word_1_700' title='bbox 133 5683 290 5739; x_wconf 83' lang='lat' dir='ltr'><strong>sanctitatis</strong></span> <span class='ocrx_word' id='word_1_701' title='bbox 316 5686 404 5740; x_wconf 87' lang='lat' dir='ltr'><strong>eluxit</strong></span> <span class='ocrx_word' id='word_1_702' title='bbox 423 5703 431 5752; x_wconf 86' lang='lat'>;</span> <span class='ocrx_word' id='word_1_703' title='bbox 451 5688 558 5758; x_wconf 88' lang='lat' dir='ltr'><strong>quippe</strong></span> <span class='ocrx_word' id='word_1_704' title='bbox 588 5691 616 5743; x_wconf 71' lang='lat' dir='ltr'><strong>S.</strong></span> <span class='ocrx_word' id='word_1_705' title='bbox 648 5688 786 5742; x_wconf 85' lang='lat' dir='ltr'><strong>lleurieos</strong></span> <span class='ocrx_word' id='word_1_706' title='bbox 820 5688 980 5758; x_wconf 85' lang='lat' dir='ltr'><strong>Imperator</strong></span> 
     </span>
    </p>
   </div>
   <div class='ocr_carea' id='block_1_11' title="bbox 1034 5154 1889 5760">
    <p class='ocr_par' dir='ltr' id='par_1_16' title="bbox 1034 5154 1889 5760">
     <span class='ocr_line' id='line_1_88' title="bbox 1034 5154 1886 5229; baseline -0.006 -16"><span class='ocrx_word' id='word_1_707' title='bbox 1034 5159 1113 5214; x_wconf 88' lang='lat' dir='ltr'><strong>vixit.</strong></span> <span class='ocrx_word' id='word_1_708' title='bbox 1139 5160 1172 5213; x_wconf 90' lang='lat' dir='ltr'><strong>ln</strong></span> <span class='ocrx_word' id='word_1_709' title='bbox 1187 5165 1249 5214; x_wconf 92' lang='lat' dir='ltr'><strong>toro</strong></span> <span class='ocrx_word' id='word_1_710' title='bbox 1263 5159 1351 5213; x_wconf 85' lang='lat' dir='ltr'><strong>ctiam</strong></span> <span class='ocrx_word' id='word_1_711' title='bbox 1379 5157 1508 5229; x_wconf 84' lang='lat' dir='ltr'><strong>legitimo</strong></span> <span class='ocrx_word' id='word_1_712' title='bbox 1529 5156 1638 5228; x_wconf 88' lang='lat' dir='ltr'><strong>positus</strong></span> <span class='ocrx_word' id='word_1_713' title='bbox 1669 5154 1758 5227; x_wconf 85' lang='lat' dir='ltr'><strong>(quod</strong></span> <span class='ocrx_word' id='word_1_714' title='bbox 1774 5171 1886 5224; x_wconf 87' lang='lat' dir='ltr'><strong>paucu-</strong></span> 
     </span>
     <span class='ocr_line' id='line_1_89' title="bbox 1034 5244 1883 5318; baseline -0.006 -16"><span class='ocrx_word' id='word_1_715' title='bbox 1034 5263 1099 5302; x_wconf 87' lang='lat' dir='ltr'><strong>rum</strong></span> <span class='ocrx_word' id='word_1_716' title='bbox 1113 5246 1200 5301; x_wconf 76' lang='lat' dir='ltr'><strong>finisse</strong></span> <span class='ocrx_word' id='word_1_717' title='bbox 1221 5246 1355 5318; x_wconf 84' lang='lat' dir='ltr'><strong>legimus)</strong></span> <span class='ocrx_word' id='word_1_718' title='bbox 1380 5246 1576 5318; x_wconf 85' lang='lat' dir='ltr'><strong>integritatem</strong></span> <span class='ocrx_word' id='word_1_719' title='bbox 1592 5244 1770 5299; x_wconf 83' lang='lat' dir='ltr'><strong>castimoniae</strong></span> <span class='ocrx_word' id='word_1_720' title='bbox 1787 5259 1883 5314; x_wconf 88' lang='lat' dir='ltr'><strong>usque</strong></span> 
     </span>
     <span class='ocr_line' id='line_1_90' title="bbox 1035 5331 1887 5405; baseline -0.007 -15"><span class='ocrx_word' id='word_1_721' title='bbox 1035 5337 1070 5390; x_wconf 87' lang='lat' dir='ltr'><strong>ad</strong></span> <span class='ocrx_word' id='word_1_722' title='bbox 1086 5337 1173 5390; x_wconf 89' lang='lat' dir='ltr'><strong>linem</strong></span> <span class='ocrx_word' id='word_1_723' title='bbox 1186 5335 1249 5390; x_wconf 86' lang='lat' dir='ltr'><strong>vitae</strong></span> <span class='ocrx_word' id='word_1_724' title='bbox 1264 5335 1453 5391; x_wconf 82' lang='lat' dir='ltr'><strong>conservarit.</strong></span> <span class='ocrx_word' id='word_1_725' title='bbox 1469 5335 1538 5400; x_wconf 79' lang='lat' dir='ltr'><strong>Quae</strong></span> <span class='ocrx_word' id='word_1_726' title='bbox 1570 5332 1688 5405; x_wconf 88' lang='lat' dir='ltr'><strong>quidem</strong></span> <span class='ocrx_word' id='word_1_727' title='bbox 1716 5348 1767 5386; x_wconf 90' lang='lat' dir='ltr'><strong>nos</strong></span> <span class='ocrx_word' id='word_1_728' title='bbox 1788 5331 1887 5385; x_wconf 87' lang='lat' dir='ltr'><strong>onniia</strong></span> 
     </span>
     <span class='ocr_line' id='line_1_91' title="bbox 1035 5422 1889 5496; baseline -0.009 -16"><span class='ocrx_word' id='word_1_729' title='bbox 1035 5424 1121 5480; x_wconf 88' lang='lat' dir='ltr'><strong>simul</strong></span> <span class='ocrx_word' id='word_1_730' title='bbox 1143 5424 1364 5495; x_wconf 90' lang='lat' dir='ltr'><strong>perpendentes,</strong></span> <span class='ocrx_word' id='word_1_731' title='bbox 1392 5430 1479 5496; x_wconf 89' lang='lat' dir='ltr'><strong>atque</strong></span> <span class='ocrx_word' id='word_1_732' title='bbox 1501 5422 1681 5478; x_wconf 89' lang='lat' dir='ltr'><strong>devotionem</strong></span> <span class='ocrx_word' id='word_1_733' title='bbox 1704 5427 1831 5475; x_wconf 85' lang='lat' dir='ltr'><strong>restrum</strong></span> <span class='ocrx_word' id='word_1_734' title='bbox 1859 5427 1889 5473; x_wconf 88' lang='lat' dir='ltr'><strong>et</strong></span> 
     </span>
     <span class='ocr_line' id='line_1_92' title="bbox 1035 5508 1888 5585; baseline -0.006 -17"><span class='ocrx_word' id='word_1_735' title='bbox 1035 5512 1160 5568; x_wconf 87' lang='lat' dir='ltr'><strong>eeclesiae</strong></span> <span class='ocrx_word' id='word_1_736' title='bbox 1176 5512 1404 5584; x_wconf 85' lang='lat' dir='ltr'><strong>bambergensis,</strong></span> <span class='ocrx_word' id='word_1_737' title='bbox 1428 5528 1494 5585; x_wconf 81' lang='lat' dir='ltr'><strong>quse</strong></span> <span class='ocrx_word' id='word_1_738' title='bbox 1508 5517 1612 5566; x_wconf 78' lang='lat' dir='ltr'><strong>sauctae</strong></span> <span class='ocrx_word' id='word_1_739' title='bbox 1628 5511 1767 5566; x_wconf 84' lang='lat' dir='ltr'><strong>bomanre</strong></span> <span class='ocrx_word' id='word_1_740' title='bbox 1792 5508 1888 5564; x_wconf 81' lang='lat' dir='ltr'><strong>Eccle-</strong></span> 
     </span>
     <span class='ocr_line' id='line_1_93' title="bbox 1034 5598 1885 5672; baseline -0.001 -18"><span class='ocrx_word' id='word_1_741' title='bbox 1034 5599 1084 5655; x_wconf 82' lang='lat' dir='ltr'><strong>siae</strong></span> <span class='ocrx_word' id='word_1_742' title='bbox 1111 5600 1164 5654; x_wconf 87' lang='lat' dir='ltr'><strong>soli</strong></span> <span class='ocrx_word' id='word_1_743' title='bbox 1191 5600 1304 5656; x_wconf 75' lang='lat' dir='ltr'><strong>subesse</strong></span> <span class='ocrx_word' id='word_1_744' title='bbox 1339 5600 1530 5672; x_wconf 83' lang='lat' dir='ltr'><strong>dignoscitur,</strong></span> <span class='ocrx_word' id='word_1_745' title='bbox 1567 5600 1722 5672; x_wconf 87' lang='lat' dir='ltr'><strong>diligenter</strong></span> <span class='ocrx_word' id='word_1_746' title='bbox 1754 5598 1885 5654; x_wconf 88' lang='lat' dir='ltr'><strong>conside·</strong></span> 
     </span>
     <span class='ocr_line' id='line_1_94' title="bbox 1035 5688 1887 5760; baseline -0.001 -18"><span class='ocrx_word' id='word_1_747' title='bbox 1035 5693 1141 5754; x_wconf 87' lang='lat' dir='ltr'><strong>rantes,</strong></span> <span class='ocrx_word' id='word_1_748' title='bbox 1158 5689 1271 5743; x_wconf 89' lang='lat' dir='ltr'><strong>tametsi</strong></span> <span class='ocrx_word' id='word_1_749' title='bbox 1286 5689 1426 5760; x_wconf 83' lang='lat' dir='ltr'><strong>ejusmodi</strong></span> <span class='ocrx_word' id='word_1_750' title='bbox 1440 5690 1552 5760; x_wconf 89' lang='lat' dir='ltr'><strong>petitio,</strong></span> <span class='ocrx_word' id='word_1_751' title='bbox 1581 5689 1635 5743; x_wconf 85' lang='lat' dir='ltr'><strong>uisi</strong></span> <span class='ocrx_word' id='word_1_752' title='bbox 1652 5689 1679 5741; x_wconf 91' lang='lat' dir='ltr'><strong>iu</strong></span> <span class='ocrx_word' id='word_1_753' title='bbox 1701 5688 1887 5757; x_wconf 83' lang='lat' dir='ltr'><strong>generalibus</strong></span> 
     </span>
    </p>
   </div>
   <div class='ocr_carea' id='block_1_12' title="bbox 0 0 1953 6112">
    <p class='ocr_par' dir='ltr' id='par_1_17' title="bbox 0 0 1953 6112">
     <span class='ocr_line' id='line_1_95' title="bbox 0 0 1953 6112; baseline 0 0"><span class='ocrx_word' id='word_1_754' title='bbox 0 0 1953 6112; x_wconf 95' lang='lat' dir='ltr'><strong> </strong></span> 
     </span>
    </p>
   </div>
  </div>
 </body>
</html>
