<?xml version="1.0" encoding="UTF-8"?>
<!DOCTYPE html PUBLIC "-//W3C//DTD XHTML 1.0 Transitional//EN"
    "http://www.w3.org/TR/xhtml1/DTD/xhtml1-transitional.dtd">
<html xmlns="http://www.w3.org/1999/xhtml" xml:lang="en" lang="en">
 <head>
  <title>
</title>
<meta http-equiv="Content-Type" content="text/html;charset=utf-8" />
  <meta name='ocr-system' content='tesseract 3.04.00' />
  <meta name='ocr-capabilities' content='ocr_page ocr_carea ocr_par ocr_line ocrx_word'/>
</head>
<body>
  <div class='ocr_page' id='page_1' title='image "./patrologiaecurs17unkngoog_0030.png"; bbox 0 0 3894 6120; ppageno 0'>
   <div class='ocr_carea' id='block_1_1' title="bbox 9 303 1838 5624">
    <p class='ocr_par' dir='ltr' id='par_1_1' title="bbox 41 303 1838 1938">
     <span class='ocr_line' id='line_1_1' title="bbox 42 303 1831 370; baseline 0.025 -34"><span class='ocrx_word' id='word_1_1' title='bbox 42 316 72 370; x_wconf 56' lang='lat'><strong>,9</strong></span> <span class='ocrx_word' id='word_1_2' title='bbox 901 303 1000 360; x_wconf 80' lang='lat' dir='ltr'><strong>acta.</strong></span> <span class='ocrx_word' id='word_1_3' title='bbox 1797 310 1831 363; x_wconf 71' lang='lat'><strong>²⁵⁰</strong></span> 
     </span>
     <span class='ocr_line' id='line_1_2' title="bbox 41 421 1832 500; baseline -0.002 -12"><span class='ocrx_word' id='word_1_4' title='bbox 41 434 214 489; x_wconf 81' lang='lat' dir='ltr'><strong>saeculorum</strong></span> <span class='ocrx_word' id='word_1_5' title='bbox 228 430 351 486; x_wconf 90' lang='lat' dir='ltr'><strong>istomm</strong></span> <span class='ocrx_word' id='word_1_6' title='bbox 366 430 467 500; x_wconf 85' lang='lat' dir='ltr'><strong>captu,</strong></span> <span class='ocrx_word' id='word_1_7' title='bbox 489 421 647 480; x_wconf 82' lang='lat' dir='ltr'>induerint</span> <span class='ocrx_word' id='word_1_8' title='bbox 662 421 800 477; x_wconf 79' lang='lat' dir='ltr'><strong>historia</strong></span> <span class='ocrx_word' id='word_1_9' title='bbox 816 423 956 480; x_wconf 78' lang='lat' dir='ltr'><strong>iaciemb</strong></span> <span class='ocrx_word' id='word_1_10' title='bbox 977 425 1161 481; x_wconf 86' lang='lat' dir='ltr'><strong>ilenricianas</strong></span> <span class='ocrx_word' id='word_1_11' title='bbox 1180 425 1313 481; x_wconf 87' lang='lat' dir='ltr'><strong>detlnites</strong></span> <span class='ocrx_word' id='word_1_12' title='bbox 1339 424 1416 493; x_wconf 82' lang='lat' dir='ltr'><strong>velit,</strong></span> <span class='ocrx_word' id='word_1_13' title='bbox 1433 440 1504 498; x_wconf 83' lang='lat' dir='ltr'><strong>quas</strong></span> <span class='ocrx_word' id='word_1_14' title='bbox 1533 426 1574 483; x_wconf 92' lang='lat' dir='ltr'><strong>illi</strong></span> <span class='ocrx_word' id='word_1_15' title='bbox 1603 426 1647 484; x_wconf 82' lang='lat' dir='ltr'><strong>rix</strong></span> <span class='ocrx_word' id='word_1_16' title='bbox 1661 427 1774 500; x_wconf 85' lang='lat' dir='ltr'><strong>primis.</strong></span> <span class='ocrx_word' id='word_1_17' title='bbox 1800 432 1832 483; x_wconf 90' lang='lat' dir='ltr'><strong>ut</strong></span> 
     </span>
     <span class='ocr_line' id='line_1_3' title="bbox 43 508 1833 593; baseline 0.004 -28"><span class='ocrx_word' id='word_1_18' title='bbox 43 526 234 593; x_wconf 60' lang='lat' dir='ltr'><strong>dignamque</strong></span> <span class='ocrx_word' id='word_1_19' title='bbox 248 520 278 574; x_wconf 86' lang='lat' dir='ltr'><strong>in</strong></span> <span class='ocrx_word' id='word_1_20' title='bbox 295 518 359 582; x_wconf 85' lang='lat' dir='ltr'><strong>ipso</strong></span> <span class='ocrx_word' id='word_1_21' title='bbox 375 520 547 571; x_wconf 83' lang='lat' dir='ltr'><strong>sanctorum</strong></span> <span class='ocrx_word' id='word_1_22' title='bbox 564 508 723 567; x_wconf 85' lang='lat' dir='ltr'><strong>ttenriciet</strong></span> <span class='ocrx_word' id='word_1_23' title='bbox 734 511 923 580; x_wconf 68' lang='lat' dir='ltr'>cunegundis</span> <span class='ocrx_word' id='word_1_24' title='bbox 978 518 1020 569; x_wconf 89' lang='lat' dir='ltr'><strong>est</strong></span> <span class='ocrx_word' id='word_1_25' title='bbox 1035 514 1065 569; x_wconf 91' lang='lat' dir='ltr'><strong>in</strong></span> <span class='ocrx_word' id='word_1_26' title='bbox 1081 515 1243 586; x_wconf 75' lang='lat' dir='ltr'><strong>proverbio,</strong></span> <span class='ocrx_word' id='word_1_27' title='bbox 1271 513 1359 569; x_wconf 88' lang='lat' dir='ltr'><strong>labris</strong></span> <span class='ocrx_word' id='word_1_28' title='bbox 1381 514 1580 585; x_wconf 78' lang='lat' dir='ltr'><strong>degustarunt.</strong></span> <span class='ocrx_word' id='word_1_29' title='bbox 1598 519 1633 573; x_wconf 80' lang='lat' dir='ltr'><strong>at</strong></span> <span class='ocrx_word' id='word_1_30' title='bbox 1646 518 1724 574; x_wconf 81' lang='lat' dir='ltr'><strong>anim</strong></span> <span class='ocrx_word' id='word_1_31' title='bbox 1740 518 1775 572; x_wconf 95' lang='lat' dir='ltr'><strong>de</strong></span> <span class='ocrx_word' id='word_1_32' title='bbox 1799 533 1833 572; x_wconf 89' lang='lat' dir='ltr'><strong>ea</strong></span> 
     </span>
     <span class='ocr_line' id='line_1_4' title="bbox 45 597 1833 678; baseline -0.001 -14"><span class='ocrx_word' id='word_1_33' title='bbox 45 609 201 665; x_wconf 79' lang='lat' dir='ltr'><strong>mausolaeo</strong></span> <span class='ocrx_word' id='word_1_34' title='bbox 240 609 506 678; x_wconf 73' lang='lat' dir='ltr'><strong>representaretur.</strong></span> <span class='ocrx_word' id='word_1_35' title='bbox 549 603 623 654; x_wconf 73' lang='lat' dir='ltr'><strong>tian.</strong></span> <span class='ocrx_word' id='word_1_36' title='bbox 675 599 727 660; x_wconf 71' lang='lat'><strong>34,</strong></span> <span class='ocrx_word' id='word_1_37' title='bbox 762 597 923 654; x_wconf 74' lang='lat' dir='ltr'><strong>recitantur</strong></span> <span class='ocrx_word' id='word_1_38' title='bbox 978 619 1008 657; x_wconf 87' lang='lat' dir='ltr'><strong>re</strong></span> <span class='ocrx_word' id='word_1_39' title='bbox 1023 608 1097 658; x_wconf 86' lang='lat' dir='ltr'><strong>tacet</strong></span> <span class='ocrx_word' id='word_1_40' title='bbox 1110 603 1357 674; x_wconf 81' lang='lat' dir='ltr'><strong>Cbrouographus</strong></span> <span class='ocrx_word' id='word_1_41' title='bbox 1372 603 1456 670; x_wconf 84' lang='lat' dir='ltr'><strong>Saxo,</strong></span> <span class='ocrx_word' id='word_1_42' title='bbox 1485 608 1580 660; x_wconf 89' lang='lat' dir='ltr'><strong>tacent</strong></span> <span class='ocrx_word' id='word_1_43' title='bbox 1593 609 1718 661; x_wconf 81' lang='lat' dir='ltr'><strong>Arinates</strong></span> <span class='ocrx_word' id='word_1_44' title='bbox 1734 605 1833 662; x_wconf 88' lang='lat' dir='ltr'><strong>llilde-</strong></span> 
     </span>
     <span class='ocr_line' id='line_1_5' title="bbox 47 683 1835 770; baseline 0.007 -33"><span class='ocrx_word' id='word_1_45' title='bbox 47 698 191 770; x_wconf 59' lang='lat' dir='ltr'><strong>,publica</strong></span> <span class='ocrx_word' id='word_1_46' title='bbox 215 719 229 745; x_wconf 68' lang='grc' dir='ltr'><strong>,ι</strong></span> <span class='ocrx_word' id='word_1_47' title='bbox 248 690 546 765; x_wconf 70' lang='grc' dir='ltr'>ιιυιιιιιιιιιιιρίοιιῑιε</span> <span class='ocrx_word' id='word_1_48' title='bbox 568 692 599 741; x_wconf 87' lang='lat' dir='ltr'><strong>et</strong></span> <span class='ocrx_word' id='word_1_49' title='bbox 615 683 781 752; x_wconf 80' lang='lat' dir='ltr'><strong>religionis</strong></span> <span class='ocrx_word' id='word_1_50' title='bbox 812 703 922 742; x_wconf 89' lang='lat' dir='ltr'><strong>mouu-</strong></span> <span class='ocrx_word' id='word_1_51' title='bbox 978 707 1131 746; x_wconf 83' lang='lat' dir='ltr'><strong>semensas.</strong></span> <span class='ocrx_word' id='word_1_52' title='bbox 1150 692 1272 763; x_wconf 81' lang='lat' dir='ltr'><strong>Utique:</strong></span> <span class='ocrx_word' id='word_1_53' title='bbox 1295 690 1343 744; x_wconf 87' lang='lat' dir='ltr'><strong>sed</strong></span> <span class='ocrx_word' id='word_1_54' title='bbox 1372 690 1544 761; x_wconf 88' lang='lat' dir='ltr'><strong>scriptorum</strong></span> <span class='ocrx_word' id='word_1_55' title='bbox 1559 694 1683 749; x_wconf 88' lang='lat' dir='ltr'><strong>istorum</strong></span> <span class='ocrx_word' id='word_1_56' title='bbox 1698 694 1835 750; x_wconf 88' lang='lat' dir='ltr'><strong>aliorum·</strong></span> 
     </span>
     <span class='ocr_line' id='line_1_6' title="bbox 48 770 1835 856; baseline -0.002 -15"><span class='ocrx_word' id='word_1_57' title='bbox 48 792 142 841; x_wconf 84' lang='lat' dir='ltr'><strong>menta</strong></span> <span class='ocrx_word' id='word_1_58' title='bbox 153 785 261 856; x_wconf 86' lang='lat' dir='ltr'><strong>posita,</strong></span> <span class='ocrx_word' id='word_1_59' title='bbox 277 783 387 854; x_wconf 88' lang='lat' dir='ltr'><strong>aliaque</strong></span> <span class='ocrx_word' id='word_1_60' title='bbox 402 783 450 854; x_wconf 90' lang='lat' dir='ltr'><strong>pia</strong></span> <span class='ocrx_word' id='word_1_61' title='bbox 473 773 616 850; x_wconf 85' lang='lat' dir='ltr'><strong>operaal)</strong></span> <span class='ocrx_word' id='word_1_62' title='bbox 633 770 771 827; x_wconf 82' lang='lat' dir='ltr'><strong>ilenrico</strong></span> <span class='ocrx_word' id='word_1_63' title='bbox 786 779 920 842; x_wconf 53' lang='lat' dir='ltr'><strong>gestans</strong></span> <span class='ocrx_word' id='word_1_64' title='bbox 978 794 1034 849; x_wconf 83' lang='lat' dir='ltr'><strong>qua</strong></span> <span class='ocrx_word' id='word_1_65' title='bbox 1050 780 1148 835; x_wconf 76' lang='lat' dir='ltr'><strong>saculi</strong></span> <span class='ocrx_word' id='word_1_66' title='bbox 1175 796 1211 834; x_wconf 79' lang='grc' dir='ltr'><strong>ιιι</strong></span> <span class='ocrx_word' id='word_1_67' title='bbox 1237 778 1353 832; x_wconf 87' lang='lat' dir='ltr'><strong>silentio</strong></span> <span class='ocrx_word' id='word_1_68' title='bbox 1383 781 1542 850; x_wconf 89' lang='lat' dir='ltr'><strong>opponitur</strong></span> <span class='ocrx_word' id='word_1_69' title='bbox 1566 783 1689 853; x_wconf 85' lang='lat' dir='ltr'><strong>positiva</strong></span> <span class='ocrx_word' id='word_1_70' title='bbox 1713 785 1835 838; x_wconf 75' lang='lat' dir='ltr'><strong>assertio</strong></span> 
     </span>
     <span class='ocr_line' id='line_1_7' title="bbox 48 860 1836 947; baseline -0.001 -18"><span class='ocrx_word' id='word_1_71' title='bbox 48 891 110 947; x_wconf 82' lang='lat' dir='ltr'><strong>quae</strong></span> <span class='ocrx_word' id='word_1_72' title='bbox 127 873 241 928; x_wconf 88' lang='lat' dir='ltr'><strong>omnia.</strong></span> <span class='ocrx_word' id='word_1_73' title='bbox 257 872 300 928; x_wconf 90' lang='lat' dir='ltr'><strong>uti</strong></span> <span class='ocrx_word' id='word_1_74' title='bbox 314 876 366 926; x_wconf 76' lang='lat' dir='ltr'><strong>«et</strong></span> <span class='ocrx_word' id='word_1_75' title='bbox 378 870 500 926; x_wconf 72' lang='lat' dir='ltr'>illustria</span> <span class='ocrx_word' id='word_1_76' title='bbox 516 860 658 921; x_wconf 87' lang='lat' dir='ltr'><strong>miracula</strong></span> <span class='ocrx_word' id='word_1_77' title='bbox 680 864 752 927; x_wconf 89' lang='lat' dir='ltr'><strong>post</strong></span> <span class='ocrx_word' id='word_1_78' title='bbox 765 865 890 916; x_wconf 80' lang='lat' dir='ltr'><strong>mortem</strong></span> <span class='ocrx_word' id='word_1_79' title='bbox 908 888 918 910; x_wconf 85' lang='lat'>·</span> <span class='ocrx_word' id='word_1_80' title='bbox 978 867 1108 937; x_wconf 83' lang='lat' dir='ltr'><strong>ejusdem</strong></span> <span class='ocrx_word' id='word_1_81' title='bbox 1124 867 1222 922; x_wconf 76' lang='lat' dir='ltr'><strong>saculi</strong></span> <span class='ocrx_word' id='word_1_82' title='bbox 1237 866 1395 937; x_wconf 87' lang='lat' dir='ltr'><strong>scriptoris,</strong></span> <span class='ocrx_word' id='word_1_83' title='bbox 1413 883 1516 939; x_wconf 86' lang='lat' dir='ltr'><strong>nempe</strong></span> <span class='ocrx_word' id='word_1_84' title='bbox 1535 870 1655 926; x_wconf 85' lang='lat' dir='ltr'><strong>Gottridi</strong></span> <span class='ocrx_word' id='word_1_85' title='bbox 1677 871 1836 928; x_wconf 79' lang='lat' dir='ltr'><strong>vturbien·</strong></span> 
     </span>
     <span class='ocr_line' id='line_1_8' title="bbox 48 947 1836 1031; baseline -0.001 -13"><span class='ocrx_word' id='word_1_86' title='bbox 48 965 207 1018; x_wconf 79' lang='lat' dir='ltr'><strong>aSanctor</strong></span> <span class='ocrx_word' id='word_1_87' title='bbox 224 964 343 1031; x_wconf 82' lang='lat' dir='ltr'><strong>patrata.</strong></span> <span class='ocrx_word' id='word_1_88' title='bbox 361 981 371 1008; x_wconf 76' lang='grc' dir='ltr'>ι</span> <span class='ocrx_word' id='word_1_89' title='bbox 386 960 514 1030; x_wconf 63' lang='lat' dir='ltr'><strong>ejusdam</strong></span> <span class='ocrx_word' id='word_1_90' title='bbox 529 956 613 1010; x_wconf 71' lang='lat' dir='ltr'><strong>raetia</strong></span> <span class='ocrx_word' id='word_1_91' title='bbox 633 969 642 993; x_wconf 80' lang='grc' dir='ltr'>ι</span> <span class='ocrx_word' id='word_1_92' title='bbox 664 947 887 1018; x_wconf 72' lang='lat' dir='ltr'><strong>apparitiones,</strong></span> <span class='ocrx_word' id='word_1_93' title='bbox 906 971 920 1000; x_wconf 83' lang='lat' dir='ltr'><strong>o</strong></span> <span class='ocrx_word' id='word_1_94' title='bbox 979 954 1026 1022; x_wconf 86' lang='lat' dir='ltr'><strong>sis,</strong></span> <span class='ocrx_word' id='word_1_95' title='bbox 1043 955 1120 1025; x_wconf 90' lang='lat' dir='ltr'><strong>apud</strong></span> <span class='ocrx_word' id='word_1_96' title='bbox 1136 954 1304 1018; x_wconf 77' lang='lat' dir='ltr'><strong>Platorium,</strong></span> <span class='ocrx_word' id='word_1_97' title='bbox 1328 958 1409 1011; x_wconf 92' lang='lat' dir='ltr'><strong>tomo</strong></span> <span class='ocrx_word' id='word_1_98' title='bbox 1433 957 1468 1025; x_wconf 91' lang='lat' dir='ltr'><strong>ll,</strong></span> <span class='ocrx_word' id='word_1_99' title='bbox 1484 960 1541 1013; x_wconf 88' lang='lat' dir='ltr'><strong>col.</strong></span> <span class='ocrx_word' id='word_1_100' title='bbox 1562 960 1626 1028; x_wconf 74' lang='lat' dir='ltr'><strong>tut,</strong></span> <span class='ocrx_word' id='word_1_101' title='bbox 1642 960 1723 1031; x_wconf 89' lang='lat' dir='ltr'><strong>cujus</strong></span> <span class='ocrx_word' id='word_1_102' title='bbox 1739 975 1836 1016; x_wconf 83' lang='lat' dir='ltr'><strong>versus</strong></span> 
     </span>
     <span class='ocr_line' id='line_1_9' title="bbox 49 1035 1837 1120; baseline 0.001 -15"><span class='ocrx_word' id='word_1_103' title='bbox 49 1048 279 1108; x_wconf 74' lang='lat' dir='ltr'><strong>canonizationis</strong></span> <span class='ocrx_word' id='word_1_104' title='bbox 292 1047 417 1118; x_wconf 81' lang='lat' dir='ltr'><strong>diploma</strong></span> <span class='ocrx_word' id='word_1_105' title='bbox 443 1048 478 1102; x_wconf 89' lang='lat' dir='ltr'><strong>ab</strong></span> <span class='ocrx_word' id='word_1_106' title='bbox 494 1037 619 1110; x_wconf 65' lang='lat' dir='ltr'><strong>Euneuio</strong></span> <span class='ocrx_word' id='word_1_107' title='bbox 647 1035 712 1088; x_wconf 82' lang='lat' dir='ltr'><strong>Pl&#39;.</strong></span> <span class='ocrx_word' id='word_1_108' title='bbox 739 1036 786 1090; x_wconf 89' lang='lat' dir='ltr'><strong>ltl.</strong></span> <span class='ocrx_word' id='word_1_109' title='bbox 805 1052 921 1091; x_wconf 77' lang='lat' dir='ltr'><strong>concas·</strong></span> <span class='ocrx_word' id='word_1_110' title='bbox 980 1042 1016 1097; x_wconf 90' lang='lat' dir='ltr'><strong>ad</strong></span> <span class='ocrx_word' id='word_1_111' title='bbox 1031 1044 1139 1097; x_wconf 88' lang='lat' dir='ltr'><strong>calcem</strong></span> <span class='ocrx_word' id='word_1_112' title='bbox 1155 1048 1294 1097; x_wconf 86' lang='lat' dir='ltr'><strong>tractatus</strong></span> <span class='ocrx_word' id='word_1_113' title='bbox 1308 1042 1542 1112; x_wconf 81' lang='lat' dir='ltr'><strong>lrnjusinrenies.</strong></span> <span class='ocrx_word' id='word_1_114' title='bbox 1560 1048 1722 1119; x_wconf 88' lang='lat' dir='ltr'><strong>Opponitnr</strong></span> <span class='ocrx_word' id='word_1_115' title='bbox 1738 1051 1837 1120; x_wconf 88' lang='lat' dir='ltr'><strong>positi·</strong></span> 
     </span>
     <span class='ocr_line' id='line_1_10' title="bbox 48 1121 1837 1208; baseline 0.018 -46"><span class='ocrx_word' id='word_1_116' title='bbox 48 1155 123 1208; x_wconf 45' lang='lat' dir='ltr'><strong>&#39;um’</strong></span> <span class='ocrx_word' id='word_1_117' title='bbox 146 1143 312 1207; x_wconf 52' lang='lat' dir='ltr'>memque</span> <span class='ocrx_word' id='word_1_118' title='bbox 345 1132 438 1188; x_wconf 60' lang='lat' dir='ltr'><strong>pibo,</strong></span> <span class='ocrx_word' id='word_1_119' title='bbox 467 1131 571 1188; x_wconf 65' lang='lat' dir='ltr'><strong>„tumis</strong></span> <span class='ocrx_word' id='word_1_120' title='bbox 603 1121 758 1192; x_wconf 82' lang='lat' dir='ltr'><strong>capitibus</strong></span> <span class='ocrx_word' id='word_1_121' title='bbox 783 1123 920 1186; x_wconf 83' lang='lat' dir='ltr'><strong>collecta,</strong></span> <span class='ocrx_word' id='word_1_122' title='bbox 982 1129 1244 1200; x_wconf 82' lang='lat' dir='ltr'><strong>vissimaejusdam</strong></span> <span class='ocrx_word' id='word_1_123' title='bbox 1274 1131 1414 1199; x_wconf 87' lang='lat' dir='ltr'><strong>temporis</strong></span> <span class='ocrx_word' id='word_1_124' title='bbox 1442 1133 1595 1188; x_wconf 81' lang='lat' dir='ltr'><strong>declaratio</strong></span> <span class='ocrx_word' id='word_1_125' title='bbox 1619 1136 1778 1204; x_wconf 87' lang='lat' dir='ltr'><strong>Pontillcia,</strong></span> <span class='ocrx_word' id='word_1_126' title='bbox 1806 1138 1837 1194; x_wconf 91' lang='lat' dir='ltr'><strong>in</strong></span> 
     </span>
     <span class='ocr_line' id='line_1_11' title="bbox 49 1210 1838 1301; baseline 0.002 -23"><span class='ocrx_word' id='word_1_127' title='bbox 49 1223 302 1301; x_wconf 82' lang='lat' dir='ltr'><strong>pantonberiusa</strong></span> <span class='ocrx_word' id='word_1_128' title='bbox 325 1221 408 1276; x_wconf 87' lang='lat' dir='ltr'><strong>nubis</strong></span> <span class='ocrx_word' id='word_1_129' title='bbox 438 1219 561 1293; x_wconf 87' lang='lat' dir='ltr'><strong>propriis</strong></span> <span class='ocrx_word' id='word_1_130' title='bbox 585 1214 644 1268; x_wconf 82' lang='lat' dir='ltr'><strong>suis</strong></span> <span class='ocrx_word' id='word_1_131' title='bbox 676 1210 751 1265; x_wconf 90' lang='lat' dir='ltr'><strong>locis</strong></span> <span class='ocrx_word' id='word_1_132' title='bbox 776 1211 870 1264; x_wconf 83' lang='lat' dir='ltr'><strong>relata</strong></span> <span class='ocrx_word' id='word_1_133' title='bbox 894 1215 923 1264; x_wconf 92' lang='lat' dir='ltr'><strong>et</strong></span> <span class='ocrx_word' id='word_1_134' title='bbox 983 1218 1074 1272; x_wconf 90' lang='lat' dir='ltr'><strong>relata</strong></span> <span class='ocrx_word' id='word_1_135' title='bbox 1086 1235 1178 1289; x_wconf 90' lang='lat' dir='ltr'><strong>nuper</strong></span> <span class='ocrx_word' id='word_1_136' title='bbox 1197 1216 1420 1274; x_wconf 85' lang='lat' dir='ltr'><strong>canonizationis</strong></span> <span class='ocrx_word' id='word_1_137' title='bbox 1449 1221 1526 1276; x_wconf 91' lang='lat' dir='ltr'><strong>bulla</strong></span> <span class='ocrx_word' id='word_1_138' title='bbox 1546 1223 1688 1292; x_wconf 82' lang='lat' dir='ltr'><strong>expressis</strong></span> <span class='ocrx_word' id='word_1_139' title='bbox 1706 1225 1838 1282; x_wconf 88' lang='lat' dir='ltr'><strong>terminis</strong></span> 
     </span>
     <span class='ocr_line' id='line_1_12' title="bbox 48 1298 1837 1385; baseline 0.006 -24"><span class='ocrx_word' id='word_1_140' title='bbox 48 1313 390 1385; x_wconf 53' lang='lat' dir='ltr'><strong>explicatasuut.ittque</strong></span> <span class='ocrx_word' id='word_1_141' title='bbox 417 1309 481 1363; x_wconf 80' lang='lat' dir='ltr'><strong>baec</strong></span> <span class='ocrx_word' id='word_1_142' title='bbox 510 1300 706 1385; x_wconf 74' lang='lat' dir='ltr'><strong>dalncbtleri</strong></span> <span class='ocrx_word' id='word_1_143' title='bbox 737 1298 924 1370; x_wconf 87' lang='lat' dir='ltr'><strong>opercdicta</strong></span> <span class='ocrx_word' id='word_1_144' title='bbox 985 1306 1248 1374; x_wconf 83' lang='lat' dir='ltr'><strong>testata‚uintoro</strong></span> <span class='ocrx_word' id='word_1_145' title='bbox 1273 1304 1358 1360; x_wconf 87' lang='lat' dir='ltr'><strong>etiam</strong></span> <span class='ocrx_word' id='word_1_146' title='bbox 1387 1309 1517 1376; x_wconf 83' lang='lat' dir='ltr'><strong>legitimo</strong></span> <span class='ocrx_word' id='word_1_147' title='bbox 1540 1310 1665 1379; x_wconf 89' lang='lat' dir='ltr'><strong>positum</strong></span> <span class='ocrx_word' id='word_1_148' title='bbox 1692 1314 1837 1372; x_wconf 70' lang='lat' dir='ltr'><strong>§.ilenri-</strong></span> 
     </span>
     <span class='ocr_line' id='line_1_13' title="bbox 48 1389 1838 1467; baseline 0.004 -16"><span class='ocrx_word' id='word_1_149' title='bbox 48 1392 204 1467; x_wconf 64' lang='lat' dir='ltr'><strong>,utticia&#39;nt</strong></span> <span class='ocrx_word' id='word_1_150' title='bbox 223 1418 276 1455; x_wconf 83' lang='lat' dir='ltr'><strong>nos</strong></span> <span class='ocrx_word' id='word_1_151' title='bbox 293 1413 423 1453; x_wconf 87' lang='lat' dir='ltr'><strong>exorsum</strong></span> <span class='ocrx_word' id='word_1_152' title='bbox 454 1397 670 1464; x_wconf 81' lang='lat' dir='ltr'><strong>deductumque</strong></span> <span class='ocrx_word' id='word_1_153' title='bbox 694 1389 804 1463; x_wconf 89' lang='lat' dir='ltr'><strong>pridcm</strong></span> <span class='ocrx_word' id='word_1_154' title='bbox 823 1389 921 1443; x_wconf 77' lang='lat' dir='ltr'><strong>com·</strong></span> <span class='ocrx_word' id='word_1_155' title='bbox 985 1411 1050 1449; x_wconf 91' lang='lat' dir='ltr'><strong>cum</strong></span> <span class='ocrx_word' id='word_1_156' title='bbox 1068 1393 1262 1466; x_wconf 76' lang='lat' dir='ltr'><strong>integritatem</strong></span> <span class='ocrx_word' id='word_1_157' title='bbox 1291 1394 1469 1450; x_wconf 74' lang='lat' dir='ltr'><strong>castimoniae</strong></span> <span class='ocrx_word' id='word_1_158' title='bbox 1497 1412 1589 1467; x_wconf 87' lang='lat' dir='ltr'><strong>usque</strong></span> <span class='ocrx_word' id='word_1_159' title='bbox 1607 1398 1641 1452; x_wconf 89' lang='lat' dir='ltr'><strong>ad</strong></span> <span class='ocrx_word' id='word_1_160' title='bbox 1670 1400 1757 1456; x_wconf 87' lang='lat' dir='ltr'><strong>lluem</strong></span> <span class='ocrx_word' id='word_1_161' title='bbox 1773 1404 1838 1458; x_wconf 74' lang='lat' dir='ltr'><strong>vitta</strong></span> 
     </span>
     <span class='ocr_line' id='line_1_14' title="bbox 49 1474 1838 1558; baseline 0 -11"><span class='ocrx_word' id='word_1_162' title='bbox 49 1490 186 1549; x_wconf 86' lang='lat' dir='ltr'><strong>mauturii</strong></span> <span class='ocrx_word' id='word_1_163' title='bbox 203 1487 375 1544; x_wconf 86' lang='lat' dir='ltr'><strong>nustrililum</strong></span> <span class='ocrx_word' id='word_1_164' title='bbox 392 1483 589 1558; x_wconf 83' lang='lat' dir='ltr'><strong>sequentibus</strong></span> <span class='ocrx_word' id='word_1_165' title='bbox 603 1479 792 1553; x_wconf 65' lang='lat' dir='ltr'><strong>{raragrepbis</strong></span> <span class='ocrx_word' id='word_1_166' title='bbox 811 1474 922 1532; x_wconf 86' lang='lat' dir='ltr'><strong>ordine</strong></span> <span class='ocrx_word' id='word_1_167' title='bbox 983 1498 1185 1539; x_wconf 79' lang='lat' dir='ltr'><strong>conservasse:</strong></span> <span class='ocrx_word' id='word_1_168' title='bbox 1203 1504 1217 1530; x_wconf 71' lang='lat' dir='ltr'><strong>u</strong></span> <span class='ocrx_word' id='word_1_169' title='bbox 1248 1483 1324 1552; x_wconf 83' lang='lat' dir='ltr'><strong>quod</strong></span> <span class='ocrx_word' id='word_1_170' title='bbox 1337 1489 1413 1540; x_wconf 71' lang='lat' dir='ltr'><strong>cede</strong></span> <span class='ocrx_word' id='word_1_171' title='bbox 1429 1484 1549 1539; x_wconf 90' lang='lat' dir='ltr'><strong>minime</strong></span> <span class='ocrx_word' id='word_1_172' title='bbox 1568 1485 1739 1544; x_wconf 86' lang='lat' dir='ltr'><strong>declarasset</strong></span> <span class='ocrx_word' id='word_1_173' title='bbox 1761 1491 1838 1547; x_wconf 91' lang='lat' dir='ltr'><strong>Pun-</strong></span> 
     </span>
     <span class='ocr_line' id='line_1_15' title="bbox 49 1568 1837 1648; baseline 0 -12"><span class='ocrx_word' id='word_1_174' title='bbox 49 1568 921 1648; x_wconf 76' lang='lat' dir='ltr'><strong>exhibebimus,ubieapraeiuiserimusquaaapraupuam</strong></span> <span class='ocrx_word' id='word_1_175' title='bbox 981 1573 1062 1639; x_wconf 84' lang='lat' dir='ltr'><strong>tifex,</strong></span> <span class='ocrx_word' id='word_1_176' title='bbox 1076 1572 1131 1627; x_wconf 92' lang='lat' dir='ltr'><strong>nisi</strong></span> <span class='ocrx_word' id='word_1_177' title='bbox 1159 1571 1219 1626; x_wconf 88' lang='lat' dir='ltr'><strong>ida</strong></span> <span class='ocrx_word' id='word_1_178' title='bbox 1246 1572 1505 1644; x_wconf 83' lang='lat' dir='ltr'><strong>bambergensibus</strong></span> <span class='ocrx_word' id='word_1_179' title='bbox 1526 1573 1655 1643; x_wconf 82' lang='lat' dir='ltr'><strong>legitime</strong></span> <span class='ocrx_word' id='word_1_180' title='bbox 1683 1578 1837 1648; x_wconf 86' lang='lat' dir='ltr'><strong>probatum</strong></span> 
     </span>
     <span class='ocr_line' id='line_1_16' title="bbox 48 1657 1836 1754; baseline -0.001 -30"><span class='ocrx_word' id='word_1_181' title='bbox 48 1669 142 1728; x_wconf 80' lang='lat' dir='ltr'><strong>Sancti</strong></span> <span class='ocrx_word' id='word_1_182' title='bbox 174 1667 328 1723; x_wconf 85' lang='lat' dir='ltr'><strong>laureolam</strong></span> <span class='ocrx_word' id='word_1_183' title='bbox 366 1663 583 1722; x_wconf 84' lang='lat' dir='ltr'><strong>vindicandam</strong></span> <span class='ocrx_word' id='word_1_184' title='bbox 621 1660 711 1732; x_wconf 88' lang='lat' dir='ltr'><strong>paulu</strong></span> <span class='ocrx_word' id='word_1_185' title='bbox 752 1658 920 1715; x_wconf 87' lang='lat' dir='ltr'><strong>accuratius</strong></span> <span class='ocrx_word' id='word_1_186' title='bbox 939 1700 960 1754; x_wconf 74' lang='lat' dir='ltr'><strong>B</strong></span> <span class='ocrx_word' id='word_1_187' title='bbox 980 1662 1145 1734; x_wconf 87' lang='lat' dir='ltr'><strong>accepisset.</strong></span> <span class='ocrx_word' id='word_1_188' title='bbox 1176 1657 1253 1714; x_wconf 86' lang='lat' dir='ltr'><strong>Nihil</strong></span> <span class='ocrx_word' id='word_1_189' title='bbox 1278 1661 1367 1733; x_wconf 77' lang='lat' dir='ltr'><strong>igitur</strong></span> <span class='ocrx_word' id='word_1_190' title='bbox 1383 1661 1482 1715; x_wconf 85' lang='lat' dir='ltr'><strong>obesse</strong></span> <span class='ocrx_word' id='word_1_191' title='bbox 1510 1666 1604 1732; x_wconf 90' lang='lat' dir='ltr'><strong>potest</strong></span> <span class='ocrx_word' id='word_1_192' title='bbox 1623 1663 1836 1739; x_wconf 79' lang='lat' dir='ltr'><strong>chronographi</strong></span> 
     </span>
     <span class='ocr_line' id='line_1_17' title="bbox 49 1748 1834 1821; baseline 0.001 -10"><span class='ocrx_word' id='word_1_193' title='bbox 49 1756 212 1816; x_wconf 81' lang='lat' dir='ltr'><strong>examinari</strong></span> <span class='ocrx_word' id='word_1_194' title='bbox 227 1761 255 1812; x_wconf 89' lang='lat' dir='ltr'><strong>et</strong></span> <span class='ocrx_word' id='word_1_195' title='bbox 267 1753 412 1810; x_wconf 82' lang='lat' dir='ltr'><strong>nervosius</strong></span> <span class='ocrx_word' id='word_1_196' title='bbox 437 1748 612 1808; x_wconf 81' lang='lat' dir='ltr'><strong>confirmari</strong></span> <span class='ocrx_word' id='word_1_197' title='bbox 631 1751 789 1804; x_wconf 85' lang='lat' dir='ltr'><strong>merentur.</strong></span> <span class='ocrx_word' id='word_1_198' title='bbox 977 1751 1062 1806; x_wconf 89' lang='lat' dir='ltr'><strong>istius</strong></span> <span class='ocrx_word' id='word_1_199' title='bbox 1091 1754 1121 1804; x_wconf 90' lang='lat' dir='ltr'><strong>et</strong></span> <span class='ocrx_word' id='word_1_200' title='bbox 1136 1748 1235 1803; x_wconf 88' lang='lat' dir='ltr'><strong>decem</strong></span> <span class='ocrx_word' id='word_1_201' title='bbox 1255 1749 1283 1805; x_wconf 91' lang='lat' dir='ltr'><strong>id</strong></span> <span class='ocrx_word' id='word_1_202' title='bbox 1311 1764 1404 1821; x_wconf 80' lang='lat' dir='ltr'><strong>genus</strong></span> <span class='ocrx_word' id='word_1_203' title='bbox 1429 1748 1554 1804; x_wconf 91' lang='lat' dir='ltr'><strong>aliorum</strong></span> <span class='ocrx_word' id='word_1_204' title='bbox 1582 1751 1740 1821; x_wconf 86' lang='lat' dir='ltr'><strong>sitentium,</strong></span> <span class='ocrx_word' id='word_1_205' title='bbox 1764 1755 1834 1811; x_wconf 90' lang='lat' dir='ltr'><strong>dum</strong></span> 
     </span>
     <span class='ocr_line' id='line_1_18' title="bbox 50 1835 1746 1938; baseline 0.017 -68"><span class='ocrx_word' id='word_1_206' title='bbox 50 1865 146 1938; x_wconf 39' lang='lat' dir='ltr'><strong>svm·</strong></span> <span class='ocrx_word' id='word_1_207' title='bbox 163 1864 193 1921; x_wconf 45' lang='lat' dir='ltr'><strong>s·</strong></span> <span class='ocrx_word' id='word_1_208' title='bbox 213 1860 322 1919; x_wconf 52' lang='lat' dir='ltr'><strong>nomio,</strong></span> <span class='ocrx_word' id='word_1_209' title='bbox 336 1876 396 1916; x_wconf 61' lang='lat' dir='ltr'><strong>mm</strong></span> <span class='ocrx_word' id='word_1_210' title='bbox 412 1862 522 1914; x_wconf 58' lang='lat' dir='ltr'><strong><em>sanem</em></strong></span> <span class='ocrx_word' id='word_1_211' title='bbox 543 1857 650 1923; x_wconf 53' lang='lat' dir='ltr'><strong><em>„im-„e</em></strong></span> <span class='ocrx_word' id='word_1_212' title='bbox 663 1852 835 1922; x_wconf 39' lang='lat' dir='ltr'><strong>pumma»,</strong></span> <span class='ocrx_word' id='word_1_213' title='bbox 860 1867 920 1906; x_wconf 61' lang='lat' dir='ltr'><strong>sep.</strong></span> <span class='ocrx_word' id='word_1_214' title='bbox 975 1840 1052 1895; x_wconf 91' lang='lat' dir='ltr'><strong>istud</strong></span> <span class='ocrx_word' id='word_1_215' title='bbox 1072 1835 1221 1893; x_wconf 83' lang='lat' dir='ltr'><strong>vetustiori</strong></span> <span class='ocrx_word' id='word_1_216' title='bbox 1235 1843 1264 1894; x_wconf 90' lang='lat' dir='ltr'><strong>et</strong></span> <span class='ocrx_word' id='word_1_217' title='bbox 1278 1836 1439 1911; x_wconf 90' lang='lat' dir='ltr'><strong>probatiori</strong></span> <span class='ocrx_word' id='word_1_218' title='bbox 1449 1837 1606 1893; x_wconf 86' lang='lat' dir='ltr'><strong>assertione</strong></span> <span class='ocrx_word' id='word_1_219' title='bbox 1621 1842 1746 1900; x_wconf 86' lang='lat' dir='ltr'><strong>eliditur.</strong></span> 
     </span>
    </p>

    <p class='ocr_par' dir='ltr' id='par_1_2' title="bbox 290 1922 1833 2005">
     <span class='ocr_line' id='line_1_19' title="bbox 290 1922 1833 2005; baseline 0.017 -41"><span class='ocrx_word' id='word_1_220' title='bbox 290 1937 353 1986; x_wconf 63' lang='lat' dir='ltr'><strong>„ga</strong></span> <span class='ocrx_word' id='word_1_221' title='bbox 362 1934 392 1985; x_wconf 59' lang='grc' dir='ltr'><strong>ιη</strong></span> <span class='ocrx_word' id='word_1_222' title='bbox 406 1930 543 1996; x_wconf 57' lang='lat' dir='ltr'><strong>mmai,</strong></span> <span class='ocrx_word' id='word_1_223' title='bbox 552 1926 728 1982; x_wconf 69' lang='lat' dir='ltr'><strong>castimonia.</strong></span> <span class='ocrx_word' id='word_1_224' title='bbox 1009 1931 1056 1982; x_wconf 82' lang='lat'><strong>77.</strong></span> <span class='ocrx_word' id='word_1_225' title='bbox 1074 1924 1105 1979; x_wconf 88' lang='lat' dir='ltr'><strong>Si</strong></span> <span class='ocrx_word' id='word_1_226' title='bbox 1123 1924 1272 1982; x_wconf 79' lang='lat' dir='ltr'><strong>Pontificio</strong></span> <span class='ocrx_word' id='word_1_227' title='bbox 1283 1922 1438 1996; x_wconf 90' lang='lat' dir='ltr'><strong>diplomati</strong></span> <span class='ocrx_word' id='word_1_228' title='bbox 1457 1924 1552 1981; x_wconf 77' lang='lat' dir='ltr'><strong>asinus</strong></span> <span class='ocrx_word' id='word_1_229' title='bbox 1580 1928 1648 1984; x_wconf 86' lang='lat' dir='ltr'><strong>fidat</strong></span> <span class='ocrx_word' id='word_1_230' title='bbox 1662 1931 1833 2005; x_wconf 88' lang='lat' dir='ltr'><strong>Leibnitius,</strong></span> 
     </span>
    </p>

    <p class='ocr_par' dir='ltr' id='par_1_3' title="bbox 11 2009 1832 3506">
     <span class='ocr_line' id='line_1_20' title="bbox 11 2009 1832 2099; baseline 0.005 -30"><span class='ocrx_word' id='word_1_231' title='bbox 11 2042 15 2051; x_wconf 91' lang='lat'><em>·</em></span> <span class='ocrx_word' id='word_1_232' title='bbox 82 2029 129 2080; x_wconf 64' lang='grc' dir='ltr'><strong>τό.</strong></span> <span class='ocrx_word' id='word_1_233' title='bbox 150 2026 332 2092; x_wconf 78' lang='lat' dir='ltr'><strong>Quamquam</strong></span> <span class='ocrx_word' id='word_1_234' title='bbox 343 2016 488 2086; x_wconf 88' lang='lat' dir='ltr'><strong>superins</strong></span> <span class='ocrx_word' id='word_1_235' title='bbox 499 2015 622 2099; x_wconf 80' lang='lat' dir='ltr'><strong>dixerim</strong></span> <span class='ocrx_word' id='word_1_236' title='bbox 631 2013 790 2067; x_wconf 88' lang='lat' dir='ltr'><strong>multaesse</strong></span> <span class='ocrx_word' id='word_1_237' title='bbox 805 2025 871 2081; x_wconf 77' lang='lat' dir='ltr'><strong>qum</strong></span> <span class='ocrx_word' id='word_1_238' title='bbox 887 2009 919 2063; x_wconf 91' lang='lat' dir='ltr'><strong>iu</strong></span> <span class='ocrx_word' id='word_1_239' title='bbox 974 2015 1082 2079; x_wconf 89' lang='lat' dir='ltr'><strong>habeo,</strong></span> <span class='ocrx_word' id='word_1_240' title='bbox 1098 2013 1176 2083; x_wconf 90' lang='lat' dir='ltr'><strong>quod</strong></span> <span class='ocrx_word' id='word_1_241' title='bbox 1191 2030 1323 2070; x_wconf 87' lang='lat' dir='ltr'><strong>recusare</strong></span> <span class='ocrx_word' id='word_1_242' title='bbox 1350 2014 1523 2082; x_wconf 85' lang='lat' dir='ltr'><strong>nonpossit,</strong></span> <span class='ocrx_word' id='word_1_243' title='bbox 1553 2015 1656 2072; x_wconf 84' lang='lat' dir='ltr'><strong>Leonis</strong></span> <span class='ocrx_word' id='word_1_244' title='bbox 1672 2021 1832 2091; x_wconf 85' lang='lat' dir='ltr'><strong>ldarsicani,</strong></span> 
     </span>
     <span class='ocr_line' id='line_1_21' title="bbox 50 2096 1831 2184; baseline -0.001 -16"><span class='ocrx_word' id='word_1_245' title='bbox 50 2109 315 2184; x_wconf 69' lang='lat' dir='ltr'><strong>anonymorum</strong></span> <span class='ocrx_word' id='word_1_246' title='bbox 333 2107 365 2162; x_wconf 88' lang='lat' dir='ltr'><strong>S.</strong></span> <span class='ocrx_word' id='word_1_247' title='bbox 383 2104 506 2162; x_wconf 87' lang='lat' dir='ltr'><strong>ttenrici</strong></span> <span class='ocrx_word' id='word_1_248' title='bbox 536 2101 703 2172; x_wconf 74' lang='lat' dir='ltr'><strong>ascriptore</strong></span> <span class='ocrx_word' id='word_1_249' title='bbox 723 2096 918 2154; x_wconf 90' lang='lat' dir='ltr'><strong>uunomnino</strong></span> <span class='ocrx_word' id='word_1_250' title='bbox 973 2099 1222 2158; x_wconf 88' lang='lat' dir='ltr'><strong>aliasCardiualis</strong></span> <span class='ocrx_word' id='word_1_251' title='bbox 1249 2099 1378 2172; x_wconf 89' lang='lat' dir='ltr'><strong>episcopi</strong></span> <span class='ocrx_word' id='word_1_252' title='bbox 1394 2098 1541 2165; x_wconf 86' lang='lat' dir='ltr'><strong>Ostiensis,</strong></span> <span class='ocrx_word' id='word_1_253' title='bbox 1565 2105 1594 2159; x_wconf 91' lang='lat' dir='ltr'><strong>in</strong></span> <span class='ocrx_word' id='word_1_254' title='bbox 1624 2108 1831 2166; x_wconf 84' lang='lat' dir='ltr'><strong>ChronicoCa·</strong></span> 
     </span>
     <span class='ocr_line' id='line_1_22' title="bbox 49 2185 1830 2264; baseline -0.001 -8"><span class='ocrx_word' id='word_1_255' title='bbox 49 2197 234 2256; x_wconf 85' lang='lat' dir='ltr'><strong>admittenda</strong></span> <span class='ocrx_word' id='word_1_256' title='bbox 249 2192 478 2257; x_wconf 85' lang='lat' dir='ltr'><strong>censeam,illud</strong></span> <span class='ocrx_word' id='word_1_257' title='bbox 489 2196 564 2246; x_wconf 84' lang='lat' dir='ltr'><strong>certe</strong></span> <span class='ocrx_word' id='word_1_258' title='bbox 575 2188 726 2261; x_wconf 77' lang='lat' dir='ltr'><strong>suggillari</strong></span> <span class='ocrx_word' id='word_1_259' title='bbox 738 2202 797 2242; x_wconf 92' lang='lat' dir='ltr'><strong>non</strong></span> <span class='ocrx_word' id='word_1_260' title='bbox 812 2185 917 2257; x_wconf 86' lang='lat' dir='ltr'><strong>patior,</strong></span> <span class='ocrx_word' id='word_1_261' title='bbox 972 2186 1084 2245; x_wconf 90' lang='lat' dir='ltr'><strong>sinensi</strong></span> <span class='ocrx_word' id='word_1_262' title='bbox 1102 2187 1243 2244; x_wconf 89' lang='lat' dir='ltr'><strong>disertum</strong></span> <span class='ocrx_word' id='word_1_263' title='bbox 1258 2185 1467 2255; x_wconf 85' lang='lat' dir='ltr'><strong>testimoninm,</strong></span> <span class='ocrx_word' id='word_1_264' title='bbox 1483 2189 1569 2245; x_wconf 90' lang='lat' dir='ltr'><strong>citato</strong></span> <span class='ocrx_word' id='word_1_265' title='bbox 1584 2194 1739 2264; x_wconf 88' lang='lat' dir='ltr'><strong>diplomate</strong></span> <span class='ocrx_word' id='word_1_266' title='bbox 1754 2200 1830 2254; x_wconf 91' lang='lat' dir='ltr'><strong>mul-</strong></span> 
     </span>
     <span class='ocr_line' id='line_1_23' title="bbox 50 2271 1830 2363; baseline 0.007 -34"><span class='ocrx_word' id='word_1_267' title='bbox 50 2290 122 2363; x_wconf 59' lang='grc' dir='ltr'><strong>ΨΜ</strong></span> <span class='ocrx_word' id='word_1_268' title='bbox 137 2287 229 2343; x_wconf 63' lang='lat' dir='ltr'><strong>hahet</strong></span> <span class='ocrx_word' id='word_1_269' title='bbox 243 2301 305 2355; x_wconf 80' lang='lat' dir='ltr'><strong>cap.</strong></span> <span class='ocrx_word' id='word_1_270' title='bbox 328 2287 359 2338; x_wconf 72' lang='lat' dir='ltr'><strong>:lt</strong></span> <span class='ocrx_word' id='word_1_271' title='bbox 379 2288 409 2336; x_wconf 84' lang='lat' dir='ltr'><strong>at</strong></span> <span class='ocrx_word' id='word_1_272' title='bbox 424 2284 471 2348; x_wconf 73' lang='lat'><strong>27,</strong></span> <span class='ocrx_word' id='word_1_273' title='bbox 504 2279 579 2334; x_wconf 90' lang='lat' dir='ltr'><strong>unde</strong></span> <span class='ocrx_word' id='word_1_274' title='bbox 606 2273 916 2349; x_wconf 70' lang='lat' dir='ltr'><strong>principuusanctissi·</strong></span> <span class='ocrx_word' id='word_1_275' title='bbox 973 2274 1251 2345; x_wconf 79' lang='lat' dir='ltr'><strong>toantiquius,imo</strong></span> <span class='ocrx_word' id='word_1_276' title='bbox 1276 2271 1473 2344; x_wconf 85' lang='lat' dir='ltr'><strong>sanctiipsius</strong></span> <span class='ocrx_word' id='word_1_277' title='bbox 1503 2279 1614 2334; x_wconf 84' lang='lat' dir='ltr'><strong>Henrici</strong></span> <span class='ocrx_word' id='word_1_278' title='bbox 1639 2285 1830 2355; x_wconf 79' lang='lat' dir='ltr'><strong>aetatiproxi·</strong></span> 
     </span>
     <span class='ocr_line' id='line_1_24' title="bbox 50 2360 1831 2446; baseline 0.026 -65"><span class='ocrx_word' id='word_1_279' title='bbox 50 2378 101 2434; x_wconf 57' lang='lat' dir='ltr'><strong>m</strong></span> <span class='ocrx_word' id='word_1_280' title='bbox 113 2373 313 2446; x_wconf 50' lang='lat' dir='ltr'><strong>conjugibus«</strong></span> <span class='ocrx_word' id='word_1_281' title='bbox 329 2370 457 2428; x_wconf 59' lang='lat' dir='ltr'><strong>nmmo</strong></span> <span class='ocrx_word' id='word_1_282' title='bbox 472 2372 500 2423; x_wconf 57' lang='lat' dir='ltr'><strong>et</strong></span> <span class='ocrx_word' id='word_1_283' title='bbox 514 2365 699 2438; x_wconf 45' lang='lat' dir='ltr'><strong>anegaudi,</strong></span> <span class='ocrx_word' id='word_1_284' title='bbox 715 2378 831 2436; x_wconf 50' lang='grc' dir='ltr'><strong>,ΜΝ</strong></span> <span class='ocrx_word' id='word_1_285' title='bbox 846 2377 916 2416; x_wconf 86' lang='lat' dir='ltr'><strong>con·</strong></span> <span class='ocrx_word' id='word_1_286' title='bbox 971 2379 1064 2431; x_wconf 79' lang='lat' dir='ltr'><strong>mum,</strong></span> <span class='ocrx_word' id='word_1_287' title='bbox 1082 2369 1196 2437; x_wconf 88' lang='lat' dir='ltr'><strong>utpote</strong></span> <span class='ocrx_word' id='word_1_288' title='bbox 1219 2360 1367 2430; x_wconf 83' lang='lat' dir='ltr'><strong>scriptoris</strong></span> <span class='ocrx_word' id='word_1_289' title='bbox 1380 2365 1474 2420; x_wconf 82' lang='lat' dir='ltr'><strong>saectrti</strong></span> <span class='ocrx_word' id='word_1_290' title='bbox 1494 2369 1692 2440; x_wconf 85' lang='lat' dir='ltr'><strong>x1,qui‚tcste</strong></span> <span class='ocrx_word' id='word_1_291' title='bbox 1719 2374 1831 2441; x_wconf 70' lang='lat' dir='ltr'><strong>angelo</strong></span> 
     </span>
     <span class='ocr_line' id='line_1_25' title="bbox 49 2449 1828 2527; baseline 0.018 -44"><span class='ocrx_word' id='word_1_292' title='bbox 49 2457 504 2521; x_wconf 48' lang='lat' dir='ltr'><strong>mfissmasuiuwmwfi,</strong></span> <span class='ocrx_word' id='word_1_293' title='bbox 526 2453 727 2527; x_wconf 63' lang='lat' dir='ltr'><strong>310s12‚q00d</strong></span> <span class='ocrx_word' id='word_1_294' title='bbox 753 2453 915 2507; x_wconf 83' lang='lat' dir='ltr'><strong>intemera-</strong></span> <span class='ocrx_word' id='word_1_295' title='bbox 970 2449 1277 2520; x_wconf 82' lang='lat' dir='ltr'><strong>deNuce‚uovissimo</strong></span> <span class='ocrx_word' id='word_1_296' title='bbox 1299 2449 1429 2508; x_wconf 81' lang='lat' dir='ltr'><strong>Chronici</strong></span> <span class='ocrx_word' id='word_1_297' title='bbox 1457 2455 1604 2525; x_wconf 59' lang='lat' dir='ltr'><strong>editores</strong></span> <span class='ocrx_word' id='word_1_298' title='bbox 1634 2475 1828 2515; x_wconf 79' lang='lat' dir='ltr'><strong>remorsuso</strong></span> 
     </span>
     <span class='ocr_line' id='line_1_26' title="bbox 49 2536 1830 2619; baseline 0.008 -12"><span class='ocrx_word' id='word_1_299' title='bbox 49 2559 103 2611; x_wconf 86' lang='lat' dir='ltr'><strong>tam</strong></span> <span class='ocrx_word' id='word_1_300' title='bbox 118 2551 325 2616; x_wconf 84' lang='lat' dir='ltr'><strong>illibatamque</strong></span> <span class='ocrx_word' id='word_1_301' title='bbox 346 2545 544 2618; x_wconf 78' lang='lat' dir='ltr'><strong>virginitatem</strong></span> <span class='ocrx_word' id='word_1_302' title='bbox 560 2543 682 2599; x_wconf 88' lang='lat' dir='ltr'><strong>tumulis</strong></span> <span class='ocrx_word' id='word_1_303' title='bbox 693 2542 779 2597; x_wconf 91' lang='lat' dir='ltr'><strong>ambo</strong></span> <span class='ocrx_word' id='word_1_304' title='bbox 795 2545 824 2594; x_wconf 91' lang='lat' dir='ltr'><strong>et</strong></span> <span class='ocrx_word' id='word_1_305' title='bbox 839 2538 913 2593; x_wconf 83' lang='lat' dir='ltr'><strong>coelo</strong></span> <span class='ocrx_word' id='word_1_306' title='bbox 969 2541 1083 2597; x_wconf 87' lang='lat' dir='ltr'><strong>condito</strong></span> <span class='ocrx_word' id='word_1_307' title='bbox 1130 2536 1322 2605; x_wconf 79' lang='lat' dir='ltr'><strong>monasterio,</strong></span> <span class='ocrx_word' id='word_1_308' title='bbox 1354 2558 1417 2598; x_wconf 78' lang='lat' dir='ltr'><strong>eam</strong></span> <span class='ocrx_word' id='word_1_309' title='bbox 1448 2543 1576 2617; x_wconf 55' lang='lat' dir='ltr'><strong>Uimque</strong></span> <span class='ocrx_word' id='word_1_310' title='bbox 1614 2547 1683 2603; x_wconf 72' lang='lat' dir='ltr'><strong>illud</strong></span> <span class='ocrx_word' id='word_1_311' title='bbox 1714 2550 1830 2619; x_wconf 52' lang='lat' dir='ltr'><strong>‘⁰⁰¹9OE</strong></span> 
     </span>
     <span class='ocr_line' id='line_1_27' title="bbox 50 2627 1828 2707; baseline 0.001 -17"><span class='ocrx_word' id='word_1_312' title='bbox 50 2642 208 2699; x_wconf 70' lang='lat' dir='ltr'><strong>intuterint.</strong></span> <span class='ocrx_word' id='word_1_313' title='bbox 229 2639 342 2696; x_wconf 81' lang='lat' dir='ltr'><strong>Priscae</strong></span> <span class='ocrx_word' id='word_1_314' title='bbox 362 2634 471 2691; x_wconf 78' lang='lat' dir='ltr'><strong>naenias</strong></span> <span class='ocrx_word' id='word_1_315' title='bbox 486 2638 514 2690; x_wconf 88' lang='lat' dir='ltr'><strong>et</strong></span> <span class='ocrx_word' id='word_1_316' title='bbox 529 2640 638 2688; x_wconf 81' lang='lat' dir='ltr'><strong>veteres</strong></span> <span class='ocrx_word' id='word_1_317' title='bbox 660 2632 905 2687; x_wconf 87' lang='lat' dir='ltr'><strong>heterodoxorum</strong></span> <span class='ocrx_word' id='word_1_318' title='bbox 968 2629 1112 2699; x_wconf 87' lang='lat' dir='ltr'><strong>perduxit,</strong></span> <span class='ocrx_word' id='word_1_319' title='bbox 1129 2647 1196 2703; x_wconf 90' lang='lat' dir='ltr'><strong>quo</strong></span> <span class='ocrx_word' id='word_1_320' title='bbox 1209 2627 1370 2686; x_wconf 76' lang='lat' dir='ltr'><strong>dedicatum</strong></span> <span class='ocrx_word' id='word_1_321' title='bbox 1384 2631 1645 2707; x_wconf 79' lang='lat' dir='ltr'><strong>inauguratnmque</strong></span> <span class='ocrx_word' id='word_1_322' title='bbox 1659 2636 1828 2692; x_wconf 72' lang='lat' dir='ltr'><strong>abtlesan-</strong></span> 
     </span>
     <span class='ocr_line' id='line_1_28' title="bbox 49 2715 1828 2805; baseline -0.001 -24"><span class='ocrx_word' id='word_1_323' title='bbox 49 2729 312 2805; x_wconf 67' lang='lat' dir='ltr'><strong>utyraxadversus</strong></span> <span class='ocrx_word' id='word_1_324' title='bbox 339 2721 525 2780; x_wconf 81' lang='lat' dir='ltr'><strong>continentiae</strong></span> <span class='ocrx_word' id='word_1_325' title='bbox 541 2721 713 2777; x_wconf 87' lang='lat' dir='ltr'><strong>miraculum</strong></span> <span class='ocrx_word' id='word_1_326' title='bbox 729 2734 843 2790; x_wconf 84' lang='lat' dir='ltr'><strong>sparsas</strong></span> <span class='ocrx_word' id='word_1_327' title='bbox 860 2715 910 2771; x_wconf 90' lang='lat' dir='ltr'><strong>hic</strong></span> <span class='ocrx_word' id='word_1_328' title='bbox 966 2717 1018 2772; x_wconf 93' lang='lat' dir='ltr'><strong>dro</strong></span> <span class='ocrx_word' id='word_1_329' title='bbox 1034 2717 1295 2790; x_wconf 87' lang='lat' dir='ltr'><strong>tltemplumluit</strong></span> <span class='ocrx_word' id='word_1_330' title='bbox 1311 2734 1318 2772; x_wconf 80' lang='lat' dir='ltr'>z</span> <span class='ocrx_word' id='word_1_331' title='bbox 1337 2741 1348 2768; x_wconf 79' lang='grc' dir='ltr'>ι</span> <span class='ocrx_word' id='word_1_332' title='bbox 1364 2719 1393 2776; x_wconf 93' lang='lat' dir='ltr'><strong>id</strong></span> <span class='ocrx_word' id='word_1_333' title='bbox 1423 2721 1499 2792; x_wconf 89' lang='lat' dir='ltr'><strong>quod</strong></span> <span class='ocrx_word' id='word_1_334' title='bbox 1516 2737 1592 2776; x_wconf 90' lang='lat' dir='ltr'><strong>anno</strong></span> <span class='ocrx_word' id='word_1_335' title='bbox 1610 2723 1672 2778; x_wconf 79' lang='lat' dir='ltr'><strong>tort</strong></span> <span class='ocrx_word' id='word_1_336' title='bbox 1692 2722 1828 2779; x_wconf 88' lang='lat' dir='ltr'><strong>accidisse</strong></span> 
     </span>
     <span class='ocr_line' id='line_1_29' title="bbox 50 2805 1827 2894; baseline -0.002 -24"><span class='ocrx_word' id='word_1_337' title='bbox 50 2838 100 2878; x_wconf 73' lang='lat' dir='ltr'><strong>naa</strong></span> <span class='ocrx_word' id='word_1_338' title='bbox 113 2816 304 2894; x_wconf 84' lang='lat' dir='ltr'><strong>appellandas</strong></span> <span class='ocrx_word' id='word_1_339' title='bbox 318 2829 371 2870; x_wconf 87' lang='lat' dir='ltr'><strong>nec</strong></span> <span class='ocrx_word' id='word_1_340' title='bbox 381 2811 545 2868; x_wconf 82' lang='lat' dir='ltr'><strong>refutandas</strong></span> <span class='ocrx_word' id='word_1_341' title='bbox 567 2809 710 2881; x_wconf 76' lang='lat' dir='ltr'><strong>suscipi03</strong></span> <span class='ocrx_word' id='word_1_342' title='bbox 727 2823 785 2862; x_wconf 91' lang='lat' dir='ltr'><strong>non</strong></span> <span class='ocrx_word' id='word_1_343' title='bbox 799 2805 913 2859; x_wconf 81' lang='lat' dir='ltr'><strong>calum·</strong></span> <span class='ocrx_word' id='word_1_344' title='bbox 968 2810 1084 2861; x_wconf 86' lang='lat' dir='ltr'><strong>narrant</strong></span> <span class='ocrx_word' id='word_1_345' title='bbox 1100 2823 1108 2873; x_wconf 85' lang='grc'><strong>;</strong></span> <span class='ocrx_word' id='word_1_346' title='bbox 1126 2814 1165 2864; x_wconf 92' lang='lat' dir='ltr'><strong>ut</strong></span> <span class='ocrx_word' id='word_1_347' title='bbox 1192 2807 1275 2880; x_wconf 86' lang='lat' dir='ltr'><strong>plane</strong></span> <span class='ocrx_word' id='word_1_348' title='bbox 1301 2810 1455 2883; x_wconf 83' lang='lat' dir='ltr'><strong>perspicias</strong></span> <span class='ocrx_word' id='word_1_349' title='bbox 1485 2826 1571 2882; x_wconf 83' lang='lat' dir='ltr'><strong>qtram</strong></span> <span class='ocrx_word' id='word_1_350' title='bbox 1594 2826 1727 2882; x_wconf 89' lang='lat' dir='ltr'><strong>pamma</strong></span> <span class='ocrx_word' id='word_1_351' title='bbox 1754 2812 1827 2866; x_wconf 90' lang='lat' dir='ltr'><strong>San-</strong></span> 
     </span>
     <span class='ocr_line' id='line_1_30' title="bbox 52 2895 1826 2972; baseline -0.007 -6"><span class='ocrx_word' id='word_1_352' title='bbox 52 2910 103 2965; x_wconf 86' lang='lat' dir='ltr'><strong>niie</strong></span> <span class='ocrx_word' id='word_1_353' title='bbox 116 2912 167 2965; x_wconf 81' lang='lat' dir='ltr'><strong>aut</strong></span> <span class='ocrx_word' id='word_1_354' title='bbox 179 2904 310 2964; x_wconf 86' lang='lat' dir='ltr'><strong>dicteriis</strong></span> <span class='ocrx_word' id='word_1_355' title='bbox 335 2901 383 2957; x_wconf 86' lang='lat' dir='ltr'><strong>sed</strong></span> <span class='ocrx_word' id='word_1_356' title='bbox 407 2898 585 2970; x_wconf 78' lang='lat' dir='ltr'><strong>argumentis</strong></span> <span class='ocrx_word' id='word_1_357' title='bbox 609 2896 778 2952; x_wconf 84' lang='lat' dir='ltr'><strong>certandum</strong></span> <span class='ocrx_word' id='word_1_358' title='bbox 789 2898 840 2957; x_wconf 88' lang='lat' dir='ltr'><strong>est,</strong></span> <span class='ocrx_word' id='word_1_359' title='bbox 857 2908 911 2947; x_wconf 86' lang='lat' dir='ltr'><strong>re-</strong></span> <span class='ocrx_word' id='word_1_360' title='bbox 968 2900 1013 2950; x_wconf 90' lang='lat' dir='ltr'><strong>cto</strong></span> <span class='ocrx_word' id='word_1_361' title='bbox 1035 2895 1167 2953; x_wconf 84' lang='lat' dir='ltr'><strong>abfuerit</strong></span> <span class='ocrx_word' id='word_1_362' title='bbox 1178 2897 1214 2966; x_wconf 93' lang='lat' dir='ltr'><strong>is,</strong></span> <span class='ocrx_word' id='word_1_363' title='bbox 1225 2899 1476 2972; x_wconf 82' lang='lat' dir='ltr'><strong>cujusloquentem</strong></span> <span class='ocrx_word' id='word_1_364' title='bbox 1488 2899 1685 2954; x_wconf 87' lang='lat' dir='ltr'><strong>auctoritatem</strong></span> <span class='ocrx_word' id='word_1_365' title='bbox 1696 2897 1826 2954; x_wconf 88' lang='lat' dir='ltr'><strong>omnium</strong></span> 
     </span>
     <span class='ocr_line' id='line_1_31' title="bbox 54 2975 1828 3066; baseline -0.007 -12"><span class='ocrx_word' id='word_1_366' title='bbox 54 2997 192 3054; x_wconf 81' lang='lat' dir='ltr'><strong>cautiores</strong></span> <span class='ocrx_word' id='word_1_367' title='bbox 206 2990 372 3066; x_wconf 74' lang='lat' dir='ltr'><strong>aggredior.</strong></span> <span class='ocrx_word' id='word_1_368' title='bbox 392 2989 461 3043; x_wconf 85' lang='lat' dir='ltr'><strong>Eam</strong></span> <span class='ocrx_word' id='word_1_369' title='bbox 474 2985 600 3042; x_wconf 75' lang='lat' dir='ltr'><strong>historias</strong></span> <span class='ocrx_word' id='word_1_370' title='bbox 626 2989 737 3057; x_wconf 90' lang='lat' dir='ltr'><strong>partem</strong></span> <span class='ocrx_word' id='word_1_371' title='bbox 761 2979 912 3037; x_wconf 86' lang='lat' dir='ltr'><strong>immerito</strong></span> <span class='ocrx_word' id='word_1_372' title='bbox 931 2975 952 3031; x_wconf 81' lang='lat' dir='ltr'>C</span> <span class='ocrx_word' id='word_1_373' title='bbox 973 2985 1054 3040; x_wconf 87' lang='lat' dir='ltr'><strong>istius</strong></span> <span class='ocrx_word' id='word_1_374' title='bbox 1068 3001 1101 3038; x_wconf 91' lang='lat' dir='ltr'><strong>ac</strong></span> <span class='ocrx_word' id='word_1_375' title='bbox 1134 2989 1272 3060; x_wconf 87' lang='lat' dir='ltr'><strong>sequenti</strong></span> <span class='ocrx_word' id='word_1_376' title='bbox 1294 2990 1389 3045; x_wconf 84' lang='lat' dir='ltr'><strong>saeculi</strong></span> <span class='ocrx_word' id='word_1_377' title='bbox 1419 2989 1590 3061; x_wconf 88' lang='lat' dir='ltr'><strong>scriptorum</strong></span> <span class='ocrx_word' id='word_1_378' title='bbox 1610 2987 1724 3042; x_wconf 91' lang='lat' dir='ltr'><strong>silentio</strong></span> <span class='ocrx_word' id='word_1_379' title='bbox 1741 2989 1828 3059; x_wconf 77' lang='lat' dir='ltr'><strong>longe</strong></span> 
     </span>
     <span class='ocr_line' id='line_1_32' title="bbox 55 3068 1826 3148; baseline 0.001 -17"><span class='ocrx_word' id='word_1_380' title='bbox 55 3083 193 3142; x_wconf 64' lang='lat' dir='ltr'><strong>vellicavit</strong></span> <span class='ocrx_word' id='word_1_381' title='bbox 211 3077 384 3138; x_wconf 73' lang='lat' dir='ltr'><strong>leibnitius,</strong></span> <span class='ocrx_word' id='word_1_382' title='bbox 403 3073 625 3131; x_wconf 85' lang='lat' dir='ltr'><strong>introductionis</strong></span> <span class='ocrx_word' id='word_1_383' title='bbox 640 3088 700 3127; x_wconf 78' lang='lat' dir='ltr'><strong>suas</strong></span> <span class='ocrx_word' id='word_1_384' title='bbox 729 3068 913 3138; x_wconf 87' lang='lat' dir='ltr'><strong>ndScripto·</strong></span> <span class='ocrx_word' id='word_1_385' title='bbox 971 3073 1112 3148; x_wconf 85' lang='lat' dir='ltr'><strong>potiorem</strong></span> <span class='ocrx_word' id='word_1_386' title='bbox 1138 3076 1348 3134; x_wconf 77' lang='lat' dir='ltr'><strong>existimamus.</strong></span> <span class='ocrx_word' id='word_1_387' title='bbox 1379 3078 1451 3136; x_wconf 74' lang='lat' dir='ltr'><strong>Audi</strong></span> <span class='ocrx_word' id='word_1_388' title='bbox 1474 3076 1575 3134; x_wconf 83' lang='lat' dir='ltr'><strong>Leonis</strong></span> <span class='ocrx_word' id='word_1_389' title='bbox 1601 3076 1697 3143; x_wconf 78' lang='lat' dir='ltr'><strong>rerba,</strong></span> <span class='ocrx_word' id='word_1_390' title='bbox 1723 3075 1776 3133; x_wconf 90' lang='lat' dir='ltr'><strong>lib.</strong></span> <span class='ocrx_word' id='word_1_391' title='bbox 1798 3095 1826 3139; x_wconf 83' lang='lat' dir='ltr'><strong>u,</strong></span> 
     </span>
     <span class='ocr_line' id='line_1_33' title="bbox 57 3159 1827 3237; baseline 0.001 -17"><span class='ocrx_word' id='word_1_392' title='bbox 57 3167 435 3234; x_wconf 63' lang='lat' dir='ltr'><strong>fesssrunswieeuses530,</strong></span> <span class='ocrx_word' id='word_1_393' title='bbox 462 3164 506 3219; x_wconf 89' lang='lat' dir='ltr'><strong>his</strong></span> <span class='ocrx_word' id='word_1_394' title='bbox 523 3162 640 3216; x_wconf 87' lang='lat' dir='ltr'><strong>verbis:</strong></span> <span class='ocrx_word' id='word_1_395' title='bbox 668 3180 682 3212; x_wconf 79' lang='grc' dir='ltr'>ι</span> <span class='ocrx_word' id='word_1_396' title='bbox 711 3159 847 3230; x_wconf 80' lang='lat' dir='ltr'><strong>ldagnum</strong></span> <span class='ocrx_word' id='word_1_397' title='bbox 867 3162 916 3216; x_wconf 79' lang='lat' dir='ltr'><strong>vi·</strong></span> <span class='ocrx_word' id='word_1_398' title='bbox 972 3181 1024 3236; x_wconf 89' lang='lat' dir='ltr'><strong>cap</strong></span> <span class='ocrx_word' id='word_1_399' title='bbox 1035 3164 1135 3218; x_wconf 73' lang='lat' dir='ltr'><strong>ta.:«</strong></span> <span class='ocrx_word' id='word_1_400' title='bbox 1162 3166 1387 3237; x_wconf 73' lang='lat' dir='ltr'><strong>Super-castoras</strong></span> <span class='ocrx_word' id='word_1_401' title='bbox 1411 3162 1508 3224; x_wconf 86' lang='lat' dir='ltr'><strong>&#39;autem</strong></span> <span class='ocrx_word' id='word_1_402' title='bbox 1538 3166 1680 3222; x_wconf 90' lang='lat' dir='ltr'><strong>bonitates</strong></span> <span class='ocrx_word' id='word_1_403' title='bbox 1694 3181 1743 3219; x_wconf 88' lang='lat' dir='ltr'><strong>seu</strong></span> <span class='ocrx_word' id='word_1_404' title='bbox 1768 3165 1827 3221; x_wconf 86' lang='lat' dir='ltr'><strong>vir·</strong></span> 
     </span>
     <span class='ocr_line' id='line_1_34' title="bbox 60 3247 1826 3328; baseline -0.002 -10"><span class='ocrx_word' id='word_1_405' title='bbox 60 3280 118 3318; x_wconf 89' lang='lat' dir='ltr'><strong>mm</strong></span> <span class='ocrx_word' id='word_1_406' title='bbox 131 3260 220 3317; x_wconf 78' lang='lat' dir='ltr'><strong>tuisse</strong></span> <span class='ocrx_word' id='word_1_407' title='bbox 235 3257 277 3326; x_wconf 71' lang='lat' dir='ltr'><strong>(S.</strong></span> <span class='ocrx_word' id='word_1_408' title='bbox 300 3252 467 3322; x_wconf 88' lang='lat' dir='ltr'><strong>llenricnm)</strong></span> <span class='ocrx_word' id='word_1_409' title='bbox 494 3256 525 3306; x_wconf 90' lang='lat' dir='ltr'><strong>et</strong></span> <span class='ocrx_word' id='word_1_410' title='bbox 539 3251 676 3322; x_wconf 85' lang='lat' dir='ltr'><strong>probum.</strong></span> <span class='ocrx_word' id='word_1_411' title='bbox 705 3247 837 3304; x_wconf 84' lang='lat' dir='ltr'><strong>dubitare</strong></span> <span class='ocrx_word' id='word_1_412' title='bbox 862 3266 918 3306; x_wconf 90' lang='lat' dir='ltr'><strong>uos</strong></span> <span class='ocrx_word' id='word_1_413' title='bbox 973 3257 1048 3307; x_wconf 90' lang='lat' dir='ltr'><strong>tutes</strong></span> <span class='ocrx_word' id='word_1_414' title='bbox 1063 3268 1135 3324; x_wconf 89' lang='lat' dir='ltr'><strong>quas</strong></span> <span class='ocrx_word' id='word_1_415' title='bbox 1150 3253 1228 3309; x_wconf 83' lang='lat' dir='ltr'><strong>idam</strong></span> <span class='ocrx_word' id='word_1_416' title='bbox 1254 3257 1411 3328; x_wconf 89' lang='lat' dir='ltr'><strong>imperator</strong></span> <span class='ocrx_word' id='word_1_417' title='bbox 1434 3256 1566 3312; x_wconf 77' lang='lat' dir='ltr'><strong>habuisse</strong></span> <span class='ocrx_word' id='word_1_418' title='bbox 1584 3260 1717 3311; x_wconf 86' lang='lat' dir='ltr'><strong>narratur</strong></span> <span class='ocrx_word' id='word_1_419' title='bbox 1732 3273 1748 3310; x_wconf 93' lang='lat' dir='ltr'><strong>a</strong></span> <span class='ocrx_word' id='word_1_420' title='bbox 1761 3255 1826 3316; x_wconf 79' lang='lat' dir='ltr'><strong>neo.</strong></span> 
     </span>
     <span class='ocr_line' id='line_1_35' title="bbox 61 3335 1827 3423; baseline -0.005 -17"><span class='ocrx_word' id='word_1_421' title='bbox 61 3355 135 3423; x_wconf 79' lang='lat' dir='ltr'><strong>gesta</strong></span> <span class='ocrx_word' id='word_1_422' title='bbox 146 3364 209 3405; x_wconf 91' lang='lat' dir='ltr'><strong>non</strong></span> <span class='ocrx_word' id='word_1_423' title='bbox 223 3346 336 3410; x_wconf 90' lang='lat' dir='ltr'><strong>sinunt,</strong></span> <span class='ocrx_word' id='word_1_424' title='bbox 353 3340 548 3412; x_wconf 77' lang='lat' dir='ltr'><strong>virginitatem</strong></span> <span class='ocrx_word' id='word_1_425' title='bbox 564 3335 757 3392; x_wconf 87' lang='lat' dir='ltr'><strong>voluntariam</strong></span> <span class='ocrx_word' id='word_1_426' title='bbox 771 3335 802 3390; x_wconf 89' lang='lat' dir='ltr'><strong>in</strong></span> <span class='ocrx_word' id='word_1_427' title='bbox 813 3339 919 3394; x_wconf 89' lang='lat' dir='ltr'><strong>matri-</strong></span> <span class='ocrx_word' id='word_1_428' title='bbox 972 3343 1064 3397; x_wconf 81' lang='lat' dir='ltr'><strong>tertru</strong></span> <span class='ocrx_word' id='word_1_429' title='bbox 1088 3340 1191 3398; x_wconf 75' lang='lat' dir='ltr'><strong>uixisse</strong></span> <span class='ocrx_word' id='word_1_430' title='bbox 1221 3346 1408 3416; x_wconf 85' lang='lat' dir='ltr'><strong>castissimus,</strong></span> <span class='ocrx_word' id='word_1_431' title='bbox 1426 3350 1465 3410; x_wconf 92' lang='lat' dir='ltr'><strong>ut,</strong></span> <span class='ocrx_word' id='word_1_432' title='bbox 1491 3347 1526 3401; x_wconf 90' lang='lat' dir='ltr'><strong>ad</strong></span> <span class='ocrx_word' id='word_1_433' title='bbox 1550 3344 1651 3400; x_wconf 87' lang='lat' dir='ltr'><strong>mortis</strong></span> <span class='ocrx_word' id='word_1_434' title='bbox 1674 3343 1827 3398; x_wconf 88' lang='lat' dir='ltr'><strong>articulum</strong></span> 
     </span>
     <span class='ocr_line' id='line_1_36' title="bbox 63 3424 1828 3506; baseline -0.005 -12"><span class='ocrx_word' id='word_1_435' title='bbox 63 3438 239 3494; x_wconf 81' lang='lat' dir='ltr'><strong>maniacum</strong></span> <span class='ocrx_word' id='word_1_436' title='bbox 253 3430 432 3502; x_wconf 76' lang='lat' dir='ltr'><strong>Cuuegrmde</strong></span> <span class='ocrx_word' id='word_1_437' title='bbox 453 3428 578 3498; x_wconf 75' lang='lat' dir='ltr'><strong>conjuga</strong></span> <span class='ocrx_word' id='word_1_438' title='bbox 608 3424 730 3480; x_wconf 86' lang='lat' dir='ltr'><strong>coluisse</strong></span> <span class='ocrx_word' id='word_1_439' title='bbox 745 3424 919 3495; x_wconf 87' lang='lat' dir='ltr'><strong>posteriores</strong></span> <span class='ocrx_word' id='word_1_440' title='bbox 974 3430 1100 3497; x_wconf 73' lang='lat' dir='ltr'><strong>veniens,</strong></span> <span class='ocrx_word' id='word_1_441' title='bbox 1115 3444 1212 3484; x_wconf 88' lang='lat' dir='ltr'><strong>coram</strong></span> <span class='ocrx_word' id='word_1_442' title='bbox 1230 3434 1421 3502; x_wconf 79' lang='lat' dir='ltr'><strong>praesentibus</strong></span> <span class='ocrx_word' id='word_1_443' title='bbox 1442 3433 1583 3506; x_wconf 86' lang='lat' dir='ltr'><strong>episcopis</strong></span> <span class='ocrx_word' id='word_1_444' title='bbox 1610 3440 1697 3506; x_wconf 67' lang='lat' dir='ltr'><strong>aterne</strong></span> <span class='ocrx_word' id='word_1_445' title='bbox 1721 3431 1828 3486; x_wconf 89' lang='lat' dir='ltr'><strong>abbati·</strong></span> 
     </span>
    </p>

    <p class='ocr_par' dir='ltr' id='par_1_4' title="bbox 10 3512 1827 3596">
     <span class='ocr_line' id='line_1_37' title="bbox 10 3512 1827 3596; baseline -0.004 -14"><span class='ocrx_word' id='word_1_446' title='bbox 10 3564 12 3573; x_wconf 84' lang='lat'>·</span> <span class='ocrx_word' id='word_1_447' title='bbox 62 3527 249 3592; x_wconf 85' lang='lat' dir='ltr'><strong>tradiderunt,</strong></span> <span class='ocrx_word' id='word_1_448' title='bbox 262 3518 402 3578; x_wconf 74' lang='lat' dir='ltr'><strong>coetanei</strong></span> <span class='ocrx_word' id='word_1_449' title='bbox 425 3533 477 3572; x_wconf 87' lang='lat' dir='ltr'><strong>uec</strong></span> <span class='ocrx_word' id='word_1_450' title='bbox 494 3515 647 3570; x_wconf 90' lang='lat' dir='ltr'><strong>minimum</strong></span> <span class='ocrx_word' id='word_1_451' title='bbox 674 3513 759 3583; x_wconf 88' lang='lat' dir='ltr'><strong>hujus</strong></span> <span class='ocrx_word' id='word_1_452' title='bbox 774 3512 919 3583; x_wconf 87' lang='lat' dir='ltr'><strong>opinionis</strong></span> <span class='ocrx_word' id='word_1_453' title='bbox 974 3518 1027 3573; x_wconf 92' lang='lat' dir='ltr'><strong>bus</strong></span> <span class='ocrx_word' id='word_1_454' title='bbox 1041 3516 1220 3574; x_wconf 78' lang='lat' dir='ltr'><strong>cunibundae</strong></span> <span class='ocrx_word' id='word_1_455' title='bbox 1243 3519 1455 3596; x_wconf 78' lang='lat' dir='ltr'><strong>[cunegunda]</strong></span> <span class='ocrx_word' id='word_1_456' title='bbox 1482 3523 1613 3594; x_wconf 80' lang='lat' dir='ltr'><strong>conjugis</strong></span> <span class='ocrx_word' id='word_1_457' title='bbox 1630 3538 1689 3576; x_wconf 80' lang='lat' dir='ltr'><strong>suae</strong></span> <span class='ocrx_word' id='word_1_458' title='bbox 1708 3519 1827 3593; x_wconf 89' lang='lat' dir='ltr'><strong>propin·</strong></span> 
     </span>
    </p>

    <p class='ocr_par' dir='ltr' id='par_1_5' title="bbox 10 3598 1827 3687">
     <span class='ocr_line' id='line_1_38' title="bbox 10 3598 1827 3687; baseline -0.003 -17"><span class='ocrx_word' id='word_1_459' title='bbox 10 3598 17 3675; x_wconf 78' lang='lat' dir='ltr'><strong>i</strong></span> <span class='ocrx_word' id='word_1_460' title='bbox 64 3615 211 3687; x_wconf 67' lang='lat' dir='ltr'><strong>vestgium</strong></span> <span class='ocrx_word' id='word_1_461' title='bbox 228 3610 377 3677; x_wconf 79' lang='lat' dir='ltr'><strong>exhibent,</strong></span> <span class='ocrx_word' id='word_1_462' title='bbox 397 3610 430 3662; x_wconf 93' lang='lat' dir='ltr'><strong>ut</strong></span> <span class='ocrx_word' id='word_1_463' title='bbox 454 3605 528 3661; x_wconf 88' lang='lat' dir='ltr'><strong>adeo</strong></span> <span class='ocrx_word' id='word_1_464' title='bbox 542 3618 719 3675; x_wconf 80' lang='lat' dir='ltr'><strong>magnopere</strong></span> <span class='ocrx_word' id='word_1_465' title='bbox 745 3601 774 3656; x_wconf 93' lang='lat' dir='ltr'><strong>ei</strong></span> <span class='ocrx_word' id='word_1_466' title='bbox 786 3601 838 3656; x_wconf 86' lang='lat' dir='ltr'><strong>lidi</strong></span> <span class='ocrx_word' id='word_1_467' title='bbox 860 3619 917 3659; x_wconf 93' lang='lat' dir='ltr'><strong>non</strong></span> <span class='ocrx_word' id='word_1_468' title='bbox 973 3607 1151 3678; x_wconf 61' lang='lat' dir='ltr'><strong>unioneque</strong></span> <span class='ocrx_word' id='word_1_469' title='bbox 1184 3606 1240 3661; x_wconf 91' lang='lat' dir='ltr'><strong>iltis</strong></span> <span class='ocrx_word' id='word_1_470' title='bbox 1271 3610 1386 3677; x_wconf 86' lang='lat' dir='ltr'><strong>tradita,</strong></span> <span class='ocrx_word' id='word_1_471' title='bbox 1418 3612 1510 3666; x_wconf 82' lang='lat' dir='ltr'><strong>fertur</strong></span> <span class='ocrx_word' id='word_1_472' title='bbox 1532 3611 1646 3682; x_wconf 82' lang='lat' dir='ltr'><strong>(dixisse</strong></span> <span class='ocrx_word' id='word_1_473' title='bbox 1673 3608 1827 3664; x_wconf 79' lang='lat' dir='ltr'><strong>feratur:l</strong></span> 
     </span>
    </p>

    <p class='ocr_par' dir='ltr' id='par_1_6' title="bbox 10 3678 1825 3774">
     <span class='ocr_line' id='line_1_39' title="bbox 10 3678 1825 3774; baseline -0.001 -19"><span class='ocrx_word' id='word_1_474' title='bbox 10 3678 20 3759; x_wconf 71' lang='lat' dir='ltr'><strong>l.</strong></span> <span class='ocrx_word' id='word_1_475' title='bbox 64 3703 159 3774; x_wconf 84' lang='lat' dir='ltr'><strong>possit.</strong></span> <span class='ocrx_word' id='word_1_476' title='bbox 176 3720 192 3754; x_wconf 81' lang='lat' dir='ltr'><strong>a</strong></span> <span class='ocrx_word' id='word_1_477' title='bbox 208 3699 319 3756; x_wconf 80' lang='lat' dir='ltr'><strong>Laudat</strong></span> <span class='ocrx_word' id='word_1_478' title='bbox 336 3693 510 3751; x_wconf 83' lang='lat' dir='ltr'><strong>leibnitium</strong></span> <span class='ocrx_word' id='word_1_479' title='bbox 530 3692 661 3748; x_wconf 81' lang='lat' dir='ltr'><strong>Stmvius</strong></span> <span class='ocrx_word' id='word_1_480' title='bbox 688 3691 773 3761; x_wconf 88' lang='lat' dir='ltr'><strong>eique</strong></span> <span class='ocrx_word' id='word_1_481' title='bbox 794 3689 918 3746; x_wconf 89' lang='lat' dir='ltr'><strong>subscri·</strong></span> <span class='ocrx_word' id='word_1_482' title='bbox 973 3693 1099 3766; x_wconf 85' lang='lat' dir='ltr'><strong>Recipite</strong></span> <span class='ocrx_word' id='word_1_483' title='bbox 1109 3710 1196 3766; x_wconf 87' lang='lat' dir='ltr'><strong>quam</strong></span> <span class='ocrx_word' id='word_1_484' title='bbox 1221 3695 1294 3751; x_wconf 89' lang='lat' dir='ltr'><strong>mibi</strong></span> <span class='ocrx_word' id='word_1_485' title='bbox 1317 3697 1472 3754; x_wconf 80' lang='lat' dir='ltr'><strong>tradidistis</strong></span> <span class='ocrx_word' id='word_1_486' title='bbox 1498 3699 1638 3768; x_wconf 79' lang='lat' dir='ltr'><strong>virginem</strong></span> <span class='ocrx_word' id='word_1_487' title='bbox 1665 3700 1825 3752; x_wconf 78' lang='lat' dir='ltr'><strong>vestram.»</strong></span> 
     </span>
    </p>

    <p class='ocr_par' dir='ltr' id='par_1_7' title="bbox 12 3770 1827 3952">
     <span class='ocr_line' id='line_1_40' title="bbox 12 3770 1827 3864; baseline 0.008 -38"><span class='ocrx_word' id='word_1_488' title='bbox 12 3770 20 3839; x_wconf 75' lang='lat' dir='ltr'><strong>l</strong></span> <span class='ocrx_word' id='word_1_489' title='bbox 65 3793 111 3858; x_wconf 47' lang='lat' dir='ltr'><strong>pp,</strong></span> <span class='ocrx_word' id='word_1_490' title='bbox 124 3792 285 3864; x_wconf 34' lang='lat' dir='ltr'><strong>magau</strong></span> <span class='ocrx_word' id='word_1_491' title='bbox 304 3778 807 3854; x_wconf 80' lang='lat' dir='ltr'><strong>utrumquoeonvenio.l·2tquidom</strong></span> <span class='ocrx_word' id='word_1_492' title='bbox 822 3779 917 3832; x_wconf 86' lang='lat' dir='ltr'><strong>maui—</strong></span> <span class='ocrx_word' id='word_1_493' title='bbox 974 3783 1157 3854; x_wconf 83' lang='lat' dir='ltr'><strong>Laudatipse</strong></span> <span class='ocrx_word' id='word_1_494' title='bbox 1182 3783 1339 3838; x_wconf 87' lang='lat' dir='ltr'><strong>Leibnitius</strong></span> <span class='ocrx_word' id='word_1_495' title='bbox 1368 3791 1515 3841; x_wconf 82' lang='lat' dir='ltr'><strong>arretorcm</strong></span> <span class='ocrx_word' id='word_1_496' title='bbox 1531 3787 1602 3841; x_wconf 81' lang='lat' dir='ltr'><strong>Vitae</strong></span> <span class='ocrx_word' id='word_1_497' title='bbox 1631 3785 1827 3840; x_wconf 82' lang='lat' dir='ltr'><strong>sanctiltein-</strong></span> 
     </span>
     <span class='ocr_line' id='line_1_41' title="bbox 66 3864 1827 3952; baseline 0.013 -47"><span class='ocrx_word' id='word_1_498' title='bbox 66 3882 130 3935; x_wconf 52' lang='grc' dir='ltr'><strong>Μ,</strong></span> <span class='ocrx_word' id='word_1_499' title='bbox 143 3879 239 3952; x_wconf 57' lang='lat' dir='ltr'><strong>lique,</strong></span> <span class='ocrx_word' id='word_1_500' title='bbox 254 3890 317 3931; x_wconf 60' lang='lat' dir='ltr'><strong>rem</strong></span> <span class='ocrx_word' id='word_1_501' title='bbox 332 3873 411 3927; x_wconf 54' lang='lat' dir='ltr'><strong>inam</strong></span> <span class='ocrx_word' id='word_1_502' title='bbox 438 3870 508 3925; x_wconf 61' lang='lat' dir='ltr'><strong>satis</strong></span> <span class='ocrx_word' id='word_1_503' title='bbox 536 3867 731 3941; x_wconf 70' lang='lat' dir='ltr'><strong>perfunctorio</strong></span> <span class='ocrx_word' id='word_1_504' title='bbox 746 3881 762 3919; x_wconf 88' lang='lat' dir='ltr'><strong>a</strong></span> <span class='ocrx_word' id='word_1_505' title='bbox 780 3864 918 3922; x_wconf 88' lang='lat' dir='ltr'><strong>Leibnitio</strong></span> <span class='ocrx_word' id='word_1_506' title='bbox 948 3898 951 3902; x_wconf 93' lang='lat'>·</span> <span class='ocrx_word' id='word_1_507' title='bbox 972 3871 1065 3927; x_wconf 81' lang='lat' dir='ltr'><strong>werci.</strong></span> <span class='ocrx_word' id='word_1_508' title='bbox 1083 3891 1096 3923; x_wconf 83' lang='grc' dir='ltr'><strong>ιι</strong></span> <span class='ocrx_word' id='word_1_509' title='bbox 1113 3870 1176 3924; x_wconf 85' lang='lat' dir='ltr'><strong>Vita</strong></span> <span class='ocrx_word' id='word_1_510' title='bbox 1189 3870 1361 3938; x_wconf 82' lang='lat' dir='ltr'><strong>Meinwerci,</strong></span> <span class='ocrx_word' id='word_1_511' title='bbox 1377 3873 1483 3942; x_wconf 81' lang='lat' dir='ltr'><strong>iuquit,</strong></span> <span class='ocrx_word' id='word_1_512' title='bbox 1506 3874 1561 3928; x_wconf 89' lang='lat' dir='ltr'><strong>etsi</strong></span> <span class='ocrx_word' id='word_1_513' title='bbox 1586 3873 1690 3928; x_wconf 72' lang='lat' dir='ltr'><strong>scruto</strong></span> <span class='ocrx_word' id='word_1_514' title='bbox 1710 3873 1827 3928; x_wconf 89' lang='lat' dir='ltr'><strong>demum</strong></span> 
     </span>
    </p>

    <p class='ocr_par' dir='ltr' id='par_1_8' title="bbox 18 3953 1828 4035">
     <span class='ocr_line' id='line_1_42' title="bbox 18 3953 1828 4035; baseline 0.006 -29"><span class='ocrx_word' id='word_1_515' title='bbox 18 4008 23 4035; x_wconf 32' lang='grc' dir='ltr'><strong>,Ι</strong></span> <span class='ocrx_word' id='word_1_516' title='bbox 64 3968 228 4031; x_wconf 50' lang='lat' dir='ltr'><strong>delibatum,</strong></span> <span class='ocrx_word' id='word_1_517' title='bbox 257 3961 352 4034; x_wconf 68' lang='lat' dir='ltr'><strong>udqsri</strong></span> <span class='ocrx_word' id='word_1_518' title='bbox 366 3962 395 4016; x_wconf 89' lang='lat' dir='ltr'><strong>S.</strong></span> <span class='ocrx_word' id='word_1_519' title='bbox 417 3957 531 4014; x_wconf 86' lang='lat' dir='ltr'><strong>tleuriei</strong></span> <span class='ocrx_word' id='word_1_520' title='bbox 550 3953 797 4010; x_wconf 85' lang='lat' dir='ltr'><strong>canonizationem</strong></span> <span class='ocrx_word' id='word_1_521' title='bbox 820 3968 918 4023; x_wconf 72' lang='lat' dir='ltr'><strong>perpe</strong></span> <span class='ocrx_word' id='word_1_522' title='bbox 973 3964 1111 4031; x_wconf 84' lang='lat' dir='ltr'><strong>sequente</strong></span> <span class='ocrx_word' id='word_1_523' title='bbox 1127 3959 1267 4031; x_wconf 82' lang='lat' dir='ltr'><strong>(adeoque</strong></span> <span class='ocrx_word' id='word_1_524' title='bbox 1288 3961 1341 4032; x_wconf 64' lang='grc' dir='ltr'>ιιι)</span> <span class='ocrx_word' id='word_1_525' title='bbox 1370 3960 1487 4030; x_wconf 88' lang='lat' dir='ltr'><strong>scripta,</strong></span> <span class='ocrx_word' id='word_1_526' title='bbox 1514 3963 1605 4017; x_wconf 88' lang='lat' dir='ltr'><strong>multa</strong></span> <span class='ocrx_word' id='word_1_527' title='bbox 1634 3961 1828 4016; x_wconf 86' lang='lat' dir='ltr'><strong>tumenhabet</strong></span> 
     </span>
    </p>

    <p class='ocr_par' dir='ltr' id='par_1_9' title="bbox 18 4040 1826 4121">
     <span class='ocr_line' id='line_1_43' title="bbox 18 4040 1826 4121; baseline 0 -14"><span class='ocrx_word' id='word_1_528' title='bbox 18 4040 23 4101; x_wconf 73' lang='grc' dir='ltr'>Ϊ</span> <span class='ocrx_word' id='word_1_529' title='bbox 66 4072 126 4111; x_wconf 85' lang='lat' dir='ltr'><strong>ram</strong></span> <span class='ocrx_word' id='word_1_530' title='bbox 139 4049 419 4110; x_wconf 82' lang='lat' dir='ltr'><strong>tribuitluuocentio</strong></span> <span class='ocrx_word' id='word_1_531' title='bbox 440 4047 488 4113; x_wconf 90' lang='lat' dir='ltr'><strong>tlt,</strong></span> <span class='ocrx_word' id='word_1_532' title='bbox 512 4051 545 4100; x_wconf 89' lang='lat' dir='ltr'><strong>ut</strong></span> <span class='ocrx_word' id='word_1_533' title='bbox 571 4044 646 4099; x_wconf 81' lang='lat' dir='ltr'><strong>torte</strong></span> <span class='ocrx_word' id='word_1_534' title='bbox 674 4041 918 4112; x_wconf 84' lang='lat' dir='ltr'><strong>eurationopon·</strong></span> <span class='ocrx_word' id='word_1_535' title='bbox 975 4048 1104 4103; x_wconf 88' lang='lat' dir='ltr'><strong>utiliaad</strong></span> <span class='ocrx_word' id='word_1_536' title='bbox 1133 4063 1177 4102; x_wconf 88' lang='lat' dir='ltr'><strong>res</strong></span> <span class='ocrx_word' id='word_1_537' title='bbox 1204 4048 1342 4120; x_wconf 84' lang='lat' dir='ltr'><strong>Episcopo</strong></span> <span class='ocrx_word' id='word_1_538' title='bbox 1370 4054 1638 4121; x_wconf 84' lang='lat' dir='ltr'><strong>contemporaneos,</strong></span> <span class='ocrx_word' id='word_1_539' title='bbox 1667 4049 1826 4106; x_wconf 65' lang='lat' dir='ltr'><strong>Caesarum-</strong></span> 
     </span>
    </p>

    <p class='ocr_par' dir='ltr' id='par_1_10' title="bbox 20 4129 1825 4390">
     <span class='ocr_line' id='line_1_44' title="bbox 20 4129 1825 4210; baseline 0.01 -33"><span class='ocrx_word' id='word_1_540' title='bbox 20 4132 24 4177; x_wconf 80' lang='grc'>;</span> <span class='ocrx_word' id='word_1_541' title='bbox 68 4142 188 4200; x_wconf 62' lang='lat' dir='ltr'><strong>fficium</strong></span> <span class='ocrx_word' id='word_1_542' title='bbox 215 4140 387 4196; x_wconf 72' lang='lat' dir='ltr'><strong>desacrata</strong></span> <span class='ocrx_word' id='word_1_543' title='bbox 411 4133 575 4205; x_wconf 78' lang='lat' dir='ltr'><strong>virginitate</strong></span> <span class='ocrx_word' id='word_1_544' title='bbox 604 4129 800 4186; x_wconf 89' lang='lat' dir='ltr'><strong>testimonium</strong></span> <span class='ocrx_word' id='word_1_545' title='bbox 816 4130 851 4184; x_wconf 90' lang='lat' dir='ltr'><strong>ad</strong></span> <span class='ocrx_word' id='word_1_546' title='bbox 868 4146 919 4185; x_wconf 86' lang='lat' dir='ltr'><strong>sae·</strong></span> <span class='ocrx_word' id='word_1_547' title='bbox 974 4152 1030 4208; x_wconf 87' lang='lat' dir='ltr'><strong>que</strong></span> <span class='ocrx_word' id='word_1_548' title='bbox 1044 4142 1073 4191; x_wconf 90' lang='lat' dir='ltr'><strong>et</strong></span> <span class='ocrx_word' id='word_1_549' title='bbox 1085 4135 1251 4207; x_wconf 90' lang='lat' dir='ltr'><strong>principum</strong></span> <span class='ocrx_word' id='word_1_550' title='bbox 1265 4142 1327 4193; x_wconf 90' lang='lat' dir='ltr'><strong>acta</strong></span> <span class='ocrx_word' id='word_1_551' title='bbox 1346 4140 1556 4207; x_wconf 77' lang='lat' dir='ltr'><strong>cognoscenda,</strong></span> <span class='ocrx_word' id='word_1_552' title='bbox 1584 4155 1649 4193; x_wconf 90' lang='lat' dir='ltr'><strong>cum</strong></span> <span class='ocrx_word' id='word_1_553' title='bbox 1671 4154 1724 4193; x_wconf 89' lang='lat' dir='ltr'><strong>nec</strong></span> <span class='ocrx_word' id='word_1_554' title='bbox 1740 4154 1825 4210; x_wconf 88' lang='lat' dir='ltr'><strong>syuo-</strong></span> 
     </span>
     <span class='ocr_line' id='line_1_45' title="bbox 67 4221 1647 4308; baseline -0.003 -20"><span class='ocrx_word' id='word_1_555' title='bbox 67 4233 160 4288; x_wconf 88' lang='lat' dir='ltr'><strong>cnlum</strong></span> <span class='ocrx_word' id='word_1_556' title='bbox 189 4245 239 4285; x_wconf 85' lang='lat' dir='ltr'><strong>xm</strong></span> <span class='ocrx_word' id='word_1_557' title='bbox 266 4229 422 4293; x_wconf 78' lang='lat' dir='ltr'><strong>removeat,</strong></span> <span class='ocrx_word' id='word_1_558' title='bbox 445 4237 545 4278; x_wconf 80' lang='lat' dir='ltr'><strong>rerum</strong></span> <span class='ocrx_word' id='word_1_559' title='bbox 571 4221 632 4291; x_wconf 83' lang='lat' dir='ltr'><strong>jam</strong></span> <span class='ocrx_word' id='word_1_560' title='bbox 663 4234 751 4291; x_wconf 86' lang='lat' dir='ltr'><strong>snpra</strong></span> <span class='ocrx_word' id='word_1_561' title='bbox 773 4222 953 4308; x_wconf 67' lang='lat' dir='ltr'><strong>ostensum„</strong></span> <span class='ocrx_word' id='word_1_562' title='bbox 974 4227 1026 4281; x_wconf 88' lang='lat' dir='ltr'><strong>dos</strong></span> <span class='ocrx_word' id='word_1_563' title='bbox 1041 4230 1193 4297; x_wconf 80' lang='lat' dir='ltr'><strong>praetereat</strong></span> <span class='ocrx_word' id='word_1_564' title='bbox 1211 4225 1339 4298; x_wconf 87' lang='lat' dir='ltr'><strong>aliasque</strong></span> <span class='ocrx_word' id='word_1_565' title='bbox 1359 4243 1404 4281; x_wconf 87' lang='lat' dir='ltr'><strong>res</strong></span> <span class='ocrx_word' id='word_1_566' title='bbox 1420 4227 1647 4283; x_wconf 72' lang='lat' dir='ltr'><strong>ecelesiarum.»</strong></span> 
     </span>
     <span class='ocr_line' id='line_1_46' title="bbox 67 4306 1824 4390; baseline -0.002 -15"><span class='ocrx_word' id='word_1_567' title='bbox 67 4325 116 4390; x_wconf 86' lang='lat' dir='ltr'><strong>est,</strong></span> <span class='ocrx_word' id='word_1_568' title='bbox 129 4318 203 4377; x_wconf 84' lang='lat' dir='ltr'><strong>totis</strong></span> <span class='ocrx_word' id='word_1_569' title='bbox 216 4317 278 4374; x_wconf 80' lang='lat' dir='ltr'><strong>fere</strong></span> <span class='ocrx_word' id='word_1_570' title='bbox 291 4314 441 4387; x_wconf 71' lang='lat' dir='ltr'><strong>sexaginta</strong></span> <span class='ocrx_word' id='word_1_571' title='bbox 463 4310 548 4367; x_wconf 88' lang='lat' dir='ltr'><strong>annis</strong></span> <span class='ocrx_word' id='word_1_572' title='bbox 572 4309 666 4377; x_wconf 90' lang='lat' dir='ltr'><strong>citius,</strong></span> <span class='ocrx_word' id='word_1_573' title='bbox 688 4306 828 4363; x_wconf 88' lang='lat' dir='ltr'><strong>nimirum</strong></span> <span class='ocrx_word' id='word_1_574' title='bbox 843 4323 918 4363; x_wconf 88' lang='lat' dir='ltr'><strong>anuo</strong></span> <span class='ocrx_word' id='word_1_575' title='bbox 1009 4316 1052 4369; x_wconf 79' lang='lat'><strong>78.</strong></span> <span class='ocrx_word' id='word_1_576' title='bbox 1070 4314 1100 4370; x_wconf 87' lang='lat' dir='ltr'><strong>si</strong></span> <span class='ocrx_word' id='word_1_577' title='bbox 1116 4313 1144 4368; x_wconf 91' lang='lat' dir='ltr'><strong>in</strong></span> <span class='ocrx_word' id='word_1_578' title='bbox 1159 4313 1193 4367; x_wconf 88' lang='lat' dir='ltr'><strong>iis</strong></span> <span class='ocrx_word' id='word_1_579' title='bbox 1206 4314 1342 4369; x_wconf 85' lang='lat' dir='ltr'><strong>omnibus</strong></span> <span class='ocrx_word' id='word_1_580' title='bbox 1370 4313 1457 4369; x_wconf 82' lang='lat' dir='ltr'><strong>tidem</strong></span> <span class='ocrx_word' id='word_1_581' title='bbox 1474 4321 1600 4370; x_wconf 88' lang='lat' dir='ltr'><strong>moretur</strong></span> <span class='ocrx_word' id='word_1_582' title='bbox 1616 4315 1738 4385; x_wconf 86' lang='lat' dir='ltr'><strong>scriptor</strong></span> <span class='ocrx_word' id='word_1_583' title='bbox 1761 4315 1824 4370; x_wconf 89' lang='lat' dir='ltr'><strong>dili·</strong></span> 
     </span>
    </p>

    <p class='ocr_par' dir='ltr' id='par_1_11' title="bbox 9 4395 1826 4475">
     <span class='ocr_line' id='line_1_47' title="bbox 9 4395 1826 4475; baseline -0.001 -11"><span class='ocrx_word' id='word_1_584' title='bbox 9 4466 11 4470; x_wconf 75' lang='grc'><strong>,</strong></span> <span class='ocrx_word' id='word_1_585' title='bbox 69 4407 274 4466; x_wconf 73' lang='lat' dir='ltr'><strong>illocalium</strong></span> <span class='ocrx_word' id='word_1_586' title='bbox 297 4403 620 4459; x_wconf 89' lang='lat' dir='ltr'><strong>honoresconsecntum</strong></span> <span class='ocrx_word' id='word_1_587' title='bbox 639 4400 771 4453; x_wconf 88' lang='lat' dir='ltr'><strong>sanctum</strong></span> <span class='ocrx_word' id='word_1_588' title='bbox 791 4395 918 4468; x_wconf 80' lang='lat' dir='ltr'><strong>lurpera-</strong></span> <span class='ocrx_word' id='word_1_589' title='bbox 973 4401 1168 4474; x_wconf 64' lang='lat' dir='ltr'><strong>potissimus,</strong></span> <span class='ocrx_word' id='word_1_590' title='bbox 1185 4417 1249 4474; x_wconf 86' lang='lat' dir='ltr'><strong>quac</strong></span> <span class='ocrx_word' id='word_1_591' title='bbox 1267 4403 1327 4458; x_wconf 78' lang='lat' dir='ltr'><strong>ad·</strong></span> <span class='ocrx_word' id='word_1_592' title='bbox 1354 4404 1499 4459; x_wconf 86' lang='lat' dir='ltr'><strong>Caesarum</strong></span> <span class='ocrx_word' id='word_1_593' title='bbox 1528 4409 1557 4460; x_wconf 89' lang='lat' dir='ltr'><strong>et</strong></span> <span class='ocrx_word' id='word_1_594' title='bbox 1585 4404 1749 4475; x_wconf 89' lang='lat' dir='ltr'><strong>principum</strong></span> <span class='ocrx_word' id='word_1_595' title='bbox 1765 4407 1826 4458; x_wconf 86' lang='lat' dir='ltr'><strong>acta</strong></span> 
     </span>
    </p>

    <p class='ocr_par' dir='ltr' id='par_1_12' title="bbox 20 4484 1823 4567">
     <span class='ocr_line' id='line_1_48' title="bbox 20 4484 1823 4567; baseline 0.014 -46"><span class='ocrx_word' id='word_1_596' title='bbox 20 4484 24 4567; x_wconf 41' lang='lat' dir='ltr'>j</span> <span class='ocrx_word' id='word_1_597' title='bbox 68 4503 165 4553; x_wconf 42' lang='lat' dir='ltr'><strong>um·</strong></span> <span class='ocrx_word' id='word_1_598' title='bbox 973 4490 1169 4562; x_wconf 77' lang='lat' dir='ltr'><strong>cognoscenda</strong></span> <span class='ocrx_word' id='word_1_599' title='bbox 1186 4513 1196 4538; x_wconf 82' lang='grc' dir='ltr'>ι</span> <span class='ocrx_word' id='word_1_600' title='bbox 1216 4490 1372 4562; x_wconf 87' lang='lat' dir='ltr'><strong>pertinent,</strong></span> <span class='ocrx_word' id='word_1_601' title='bbox 1402 4507 1459 4545; x_wconf 89' lang='lat' dir='ltr'><strong>non</strong></span> <span class='ocrx_word' id='word_1_602' title='bbox 1492 4493 1595 4563; x_wconf 91' lang='lat' dir='ltr'><strong>opinor</strong></span> <span class='ocrx_word' id='word_1_603' title='bbox 1613 4498 1742 4561; x_wconf 86' lang='lat' dir='ltr'><strong>eaparta</strong></span> <span class='ocrx_word' id='word_1_604' title='bbox 1758 4492 1823 4564; x_wconf 88' lang='lat' dir='ltr'><strong>reji-</strong></span> 
     </span>
    </p>

    <p class='ocr_par' dir='ltr' id='par_1_13' title="bbox 9 4572 1826 4659">
     <span class='ocr_line' id='line_1_49' title="bbox 9 4572 1826 4659; baseline -0.003 -20"><span class='ocrx_word' id='word_1_605' title='bbox 9 4576 23 4659; x_wconf 44' lang='grc'>]</span> <span class='ocrx_word' id='word_1_606' title='bbox 99 4580 380 4641; x_wconf 79' lang='lat' dir='ltr'><strong>ro.ttt«eosatanei</strong></span> <span class='ocrx_word' id='word_1_607' title='bbox 404 4593 457 4634; x_wconf 84' lang='lat' dir='ltr'><strong>uec</strong></span> <span class='ocrx_word' id='word_1_608' title='bbox 483 4576 637 4632; x_wconf 88' lang='lat' dir='ltr'><strong>minimum</strong></span> <span class='ocrx_word' id='word_1_609' title='bbox 663 4575 750 4646; x_wconf 88' lang='lat' dir='ltr'><strong>hujus</strong></span> <span class='ocrx_word' id='word_1_610' title='bbox 773 4572 918 4644; x_wconf 88' lang='lat' dir='ltr'><strong>opinionis</strong></span> <span class='ocrx_word' id='word_1_611' title='bbox 972 4578 1116 4647; x_wconf 86' lang='lat' dir='ltr'><strong>ciendum,</strong></span> <span class='ocrx_word' id='word_1_612' title='bbox 1133 4579 1210 4651; x_wconf 89' lang='lat' dir='ltr'><strong>quod</strong></span> <span class='ocrx_word' id='word_1_613' title='bbox 1227 4578 1263 4633; x_wconf 89' lang='lat' dir='ltr'><strong>de</strong></span> <span class='ocrx_word' id='word_1_614' title='bbox 1290 4577 1451 4634; x_wconf 84' lang='lat' dir='ltr'><strong>castissimo</strong></span> <span class='ocrx_word' id='word_1_615' title='bbox 1467 4585 1632 4635; x_wconf 87' lang='lat' dir='ltr'><strong>sanctornm</strong></span> <span class='ocrx_word' id='word_1_616' title='bbox 1660 4579 1773 4635; x_wconf 80' lang='lat' dir='ltr'><strong>ilenrici</strong></span> <span class='ocrx_word' id='word_1_617' title='bbox 1797 4584 1826 4634; x_wconf 87' lang='lat' dir='ltr'><strong>et</strong></span> 
     </span>
    </p>

    <p class='ocr_par' dir='ltr' id='par_1_14' title="bbox 9 4661 1826 4744">
     <span class='ocr_line' id='line_1_50' title="bbox 9 4661 1826 4744; baseline 0.001 -22"><span class='ocrx_word' id='word_1_618' title='bbox 9 4700 21 4741; x_wconf 53' lang='grc' dir='ltr'><strong>,Ξ</strong></span> <span class='ocrx_word' id='word_1_619' title='bbox 67 4672 220 4744; x_wconf 70' lang='lat' dir='ltr'><strong>aasuginm</strong></span> <span class='ocrx_word' id='word_1_620' title='bbox 242 4669 385 4724; x_wconf 86' lang='lat' dir='ltr'><strong>exhibent.</strong></span> <span class='ocrx_word' id='word_1_621' title='bbox 413 4685 427 4721; x_wconf 78' lang='lat' dir='ltr'><strong>s</strong></span> <span class='ocrx_word' id='word_1_622' title='bbox 455 4666 569 4731; x_wconf 80' lang='lat' dir='ltr'><strong>Onaero,</strong></span> <span class='ocrx_word' id='word_1_623' title='bbox 602 4680 674 4736; x_wconf 86' lang='lat' dir='ltr'><strong>qnos</strong></span> <span class='ocrx_word' id='word_1_624' title='bbox 698 4661 919 4718; x_wconf 65' lang='lat' dir='ltr'><strong>muneosnic</strong></span> <span class='ocrx_word' id='word_1_625' title='bbox 973 4667 1155 4739; x_wconf 76' lang='lat' dir='ltr'><strong>cunegundis</strong></span> <span class='ocrx_word' id='word_1_626' title='bbox 1182 4667 1318 4738; x_wconf 78' lang='lat' dir='ltr'><strong>conjugio</strong></span> <span class='ocrx_word' id='word_1_627' title='bbox 1344 4666 1552 4723; x_wconf 83' lang='lat' dir='ltr'><strong>dissertissimis</strong></span> <span class='ocrx_word' id='word_1_628' title='bbox 1581 4667 1674 4723; x_wconf 81' lang='lat' dir='ltr'><strong>verbis</strong></span> <span class='ocrx_word' id='word_1_629' title='bbox 1699 4668 1826 4724; x_wconf 87' lang='lat' dir='ltr'><strong>testimo·</strong></span> 
     </span>
    </p>

    <p class='ocr_par' dir='ltr' id='par_1_15' title="bbox 15 4744 1824 5624">
     <span class='ocr_line' id='line_1_51' title="bbox 15 4744 1824 4835; baseline 0.003 -30"><span class='ocrx_word' id='word_1_630' title='bbox 15 4744 20 4781; x_wconf 75' lang='lat'><em>⁵</em></span> <span class='ocrx_word' id='word_1_631' title='bbox 67 4762 212 4835; x_wconf 55' lang='lat' dir='ltr'><strong>appellare</strong></span> <span class='ocrx_word' id='word_1_632' title='bbox 227 4758 317 4830; x_wconf 84' lang='lat' dir='ltr'><strong>possit</strong></span> <span class='ocrx_word' id='word_1_633' title='bbox 332 4755 517 4812; x_wconf 82' lang='lat' dir='ltr'><strong>leibnitius?</strong></span> <span class='ocrx_word' id='word_1_634' title='bbox 539 4752 727 4810; x_wconf 72' lang='lat' dir='ltr'><strong>adelboldum</strong></span> <span class='ocrx_word' id='word_1_635' title='bbox 755 4750 919 4806; x_wconf 80' lang='lat' dir='ltr'><strong>tortetAst</strong></span> <span class='ocrx_word' id='word_1_636' title='bbox 973 4754 1148 4821; x_wconf 87' lang='lat' dir='ltr'><strong>niumdicat‚</strong></span> <span class='ocrx_word' id='word_1_637' title='bbox 1164 4754 1250 4809; x_wconf 90' lang='lat' dir='ltr'><strong>rebus</strong></span> <span class='ocrx_word' id='word_1_638' title='bbox 1280 4754 1342 4809; x_wconf 90' lang='lat' dir='ltr'><strong>istis</strong></span> <span class='ocrx_word' id='word_1_639' title='bbox 1357 4755 1578 4821; x_wconf 88' lang='lat' dir='ltr'><strong>omnibus,ase</strong></span> <span class='ocrx_word' id='word_1_640' title='bbox 1593 4757 1727 4825; x_wconf 87' lang='lat' dir='ltr'><strong>narratis,</strong></span> <span class='ocrx_word' id='word_1_641' title='bbox 1743 4772 1824 4829; x_wconf 71' lang='lat' dir='ltr'><strong>arque</strong></span> 
     </span>
     <span class='ocr_line' id='line_1_52' title="bbox 67 4837 1823 4920; baseline -0.003 -15"><span class='ocrx_word' id='word_1_642' title='bbox 67 4851 147 4906; x_wconf 71' lang='lat' dir='ltr'><strong>idios</strong></span> <span class='ocrx_word' id='word_1_643' title='bbox 162 4846 359 4920; x_wconf 84' lang='lat' dir='ltr'><strong>operissotnm</strong></span> <span class='ocrx_word' id='word_1_644' title='bbox 374 4846 567 4916; x_wconf 74' lang='lat' dir='ltr'><strong>fragmentum</strong></span> <span class='ocrx_word' id='word_1_645' title='bbox 579 4844 718 4913; x_wconf 88' lang='lat' dir='ltr'><strong>superest.</strong></span> <span class='ocrx_word' id='word_1_646' title='bbox 738 4837 918 4894; x_wconf 80' lang='lat' dir='ltr'><strong>[litmarumt</strong></span> <span class='ocrx_word' id='word_1_647' title='bbox 971 4842 1162 4914; x_wconf 87' lang='lat' dir='ltr'><strong>propinquus.</strong></span> <span class='ocrx_word' id='word_1_648' title='bbox 1180 4843 1219 4897; x_wconf 80' lang='lat' dir='ltr'><strong>lin</strong></span> <span class='ocrx_word' id='word_1_649' title='bbox 1235 4841 1325 4914; x_wconf 83' lang='lat' dir='ltr'><strong>igitur</strong></span> <span class='ocrx_word' id='word_1_650' title='bbox 1339 4842 1530 4898; x_wconf 88' lang='lat' dir='ltr'><strong>clarissimum</strong></span> <span class='ocrx_word' id='word_1_651' title='bbox 1551 4843 1726 4915; x_wconf 89' lang='lat' dir='ltr'><strong>opinionisa</strong></span> <span class='ocrx_word' id='word_1_652' title='bbox 1743 4844 1823 4899; x_wconf 83' lang='lat' dir='ltr'><strong>Leib-</strong></span> 
     </span>
     <span class='ocr_line' id='line_1_53' title="bbox 66 4927 1823 5001; baseline -0.001 -13"><span class='ocrx_word' id='word_1_653' title='bbox 66 4937 151 4995; x_wconf 78' lang='lat' dir='ltr'><strong>Seirit</strong></span> <span class='ocrx_word' id='word_1_654' title='bbox 163 4936 211 4991; x_wconf 80' lang='lat' dir='ltr'><strong>vir</strong></span> <span class='ocrx_word' id='word_1_655' title='bbox 231 4933 441 4990; x_wconf 87' lang='lat' dir='ltr'><strong>emditissimns</strong></span> <span class='ocrx_word' id='word_1_656' title='bbox 465 4931 533 4986; x_wconf 87' lang='lat' dir='ltr'><strong>totis</strong></span> <span class='ocrx_word' id='word_1_657' title='bbox 547 4947 594 4985; x_wconf 86' lang='lat' dir='ltr'><strong>sex</strong></span> <span class='ocrx_word' id='word_1_658' title='bbox 610 4929 694 4984; x_wconf 87' lang='lat' dir='ltr'><strong>annis</strong></span> <span class='ocrx_word' id='word_1_659' title='bbox 710 4927 831 4984; x_wconf 80' lang='lat' dir='ltr'><strong>Henrico</strong></span> <span class='ocrx_word' id='word_1_660' title='bbox 846 4943 918 4998; x_wconf 82' lang='lat' dir='ltr'><strong>prte-</strong></span> <span class='ocrx_word' id='word_1_661' title='bbox 971 4931 1044 4986; x_wconf 88' lang='lat' dir='ltr'><strong>nitio</strong></span> <span class='ocrx_word' id='word_1_662' title='bbox 1058 4931 1217 5001; x_wconf 79' lang='lat' dir='ltr'><strong>repudiatae</strong></span> <span class='ocrx_word' id='word_1_663' title='bbox 1234 4947 1290 4986; x_wconf 91' lang='lat' dir='ltr'><strong>non</strong></span> <span class='ocrx_word' id='word_1_664' title='bbox 1308 4954 1318 4980; x_wconf 77' lang='grc' dir='ltr'>ι</span> <span class='ocrx_word' id='word_1_665' title='bbox 1335 4930 1486 5000; x_wconf 68' lang='lat' dir='ltr'><strong>uestigium</strong></span> <span class='ocrx_word' id='word_1_666' title='bbox 1504 4954 1514 4979; x_wconf 74' lang='lat' dir='ltr'><strong>a</strong></span> <span class='ocrx_word' id='word_1_667' title='bbox 1532 4934 1636 4995; x_wconf 82' lang='lat' dir='ltr'><strong>sotum,</strong></span> <span class='ocrx_word' id='word_1_668' title='bbox 1652 4932 1701 4987; x_wconf 86' lang='lat' dir='ltr'><strong>sed</strong></span> <span class='ocrx_word' id='word_1_669' title='bbox 1717 4946 1823 4986; x_wconf 76' lang='lat' dir='ltr'><strong>novum</strong></span> 
     </span>
     <span class='ocr_line' id='line_1_54' title="bbox 68 5015 1822 5094; baseline 0.006 -29"><span class='ocrx_word' id='word_1_670' title='bbox 68 5033 217 5082; x_wconf 57' lang='lat' dir='ltr'><strong>mortuum</strong></span> <span class='ocrx_word' id='word_1_671' title='bbox 245 5038 317 5091; x_wconf 66' lang='lat'><strong>0⁸20,</strong></span> <span class='ocrx_word' id='word_1_672' title='bbox 346 5037 441 5094; x_wconf 82' lang='lat' dir='ltr'><strong>neqne</strong></span> <span class='ocrx_word' id='word_1_673' title='bbox 465 5020 538 5075; x_wconf 87' lang='lat' dir='ltr'><strong>adeo</strong></span> <span class='ocrx_word' id='word_1_674' title='bbox 576 5034 648 5086; x_wconf 90' lang='lat' dir='ltr'><strong>rem,</strong></span> <span class='ocrx_word' id='word_1_675' title='bbox 674 5016 769 5090; x_wconf 83' lang='lat' dir='ltr'><strong>quoad</strong></span> <span class='ocrx_word' id='word_1_676' title='bbox 797 5015 917 5072; x_wconf 64' lang='lat' dir='ltr'><strong>&amp;nctus</strong></span> <span class='ocrx_word' id='word_1_677' title='bbox 970 5020 1167 5074; x_wconf 91' lang='lat' dir='ltr'><strong>testimonium</strong></span> <span class='ocrx_word' id='word_1_678' title='bbox 1184 5019 1340 5074; x_wconf 80' lang='lat' dir='ltr'><strong>tldalitcre</strong></span> <span class='ocrx_word' id='word_1_679' title='bbox 1368 5020 1567 5075; x_wconf 83' lang='lat' dir='ltr'><strong>exhibitum·</strong></span> <span class='ocrx_word' id='word_1_680' title='bbox 1595 5019 1822 5090; x_wconf 90' lang='lat' dir='ltr'><strong>Sicloquitnriu</strong></span> 
     </span>
     <span class='ocr_line' id='line_1_55' title="bbox 68 5105 1822 5185; baseline 0.001 -23"><span class='ocrx_word' id='word_1_681' title='bbox 68 5115 146 5182; x_wconf 76' lang='lat' dir='ltr'><strong>vixit,</strong></span> <span class='ocrx_word' id='word_1_682' title='bbox 158 5113 332 5185; x_wconf 71' lang='lat' dir='ltr'><strong>ignoratam,</strong></span> <span class='ocrx_word' id='word_1_683' title='bbox 346 5110 376 5164; x_wconf 89' lang='lat' dir='ltr'><strong>in</strong></span> <span class='ocrx_word' id='word_1_684' title='bbox 391 5109 453 5180; x_wconf 88' lang='lat' dir='ltr'><strong>ojus</strong></span> <span class='ocrx_word' id='word_1_685' title='bbox 467 5107 600 5163; x_wconf 89' lang='lat' dir='ltr'><strong>notitiam</strong></span> <span class='ocrx_word' id='word_1_686' title='bbox 614 5106 763 5178; x_wconf 87' lang='lat' dir='ltr'><strong>pervenire</strong></span> <span class='ocrx_word' id='word_1_687' title='bbox 779 5105 916 5177; x_wconf 88' lang='lat' dir='ltr'><strong>potuisse,</strong></span> <span class='ocrx_word' id='word_1_688' title='bbox 972 5107 1293 5179; x_wconf 87' lang='lat' dir='ltr'><strong>nostraeditioue,cap.</strong></span> <span class='ocrx_word' id='word_1_689' title='bbox 1309 5112 1337 5173; x_wconf 71' lang='lat' dir='ltr'><strong>t,</strong></span> <span class='ocrx_word' id='word_1_690' title='bbox 1366 5124 1445 5163; x_wconf 79' lang='lat' dir='ltr'><strong>nram.</strong></span> <span class='ocrx_word' id='word_1_691' title='bbox 1463 5111 1488 5172; x_wconf 81' lang='lat' dir='ltr'><strong>a,</strong></span> <span class='ocrx_word' id='word_1_692' title='bbox 1505 5108 1581 5177; x_wconf 88' lang='lat' dir='ltr'><strong>apud</strong></span> <span class='ocrx_word' id='word_1_693' title='bbox 1598 5108 1691 5176; x_wconf 91' lang='lat' dir='ltr'><strong>ipsum</strong></span> <span class='ocrx_word' id='word_1_694' title='bbox 1709 5106 1822 5163; x_wconf 83' lang='lat' dir='ltr'><strong>Leibni-</strong></span> 
     </span>
     <span class='ocr_line' id='line_1_56' title="bbox 69 5195 1823 5276; baseline -0.003 -18"><span class='ocrx_word' id='word_1_695' title='bbox 69 5218 155 5276; x_wconf 83' lang='lat' dir='ltr'><strong>quam</strong></span> <span class='ocrx_word' id='word_1_696' title='bbox 169 5200 224 5256; x_wconf 85' lang='lat' dir='ltr'><strong>sub</strong></span> <span class='ocrx_word' id='word_1_697' title='bbox 240 5205 400 5255; x_wconf 83' lang='lat' dir='ltr'><strong>extremum</strong></span> <span class='ocrx_word' id='word_1_698' title='bbox 415 5197 480 5253; x_wconf 77' lang='lat' dir='ltr'><strong>vitta</strong></span> <span class='ocrx_word' id='word_1_699' title='bbox 504 5196 659 5251; x_wconf 85' lang='lat' dir='ltr'><strong>articulum</strong></span> <span class='ocrx_word' id='word_1_700' title='bbox 674 5196 801 5266; x_wconf 88' lang='lat' dir='ltr'><strong>primum</strong></span> <span class='ocrx_word' id='word_1_701' title='bbox 813 5195 919 5264; x_wconf 82' lang='lat' dir='ltr'><strong>patefe-</strong></span> <span class='ocrx_word' id='word_1_702' title='bbox 971 5197 1043 5252; x_wconf 79' lang='lat' dir='ltr'><strong>bum</strong></span> <span class='ocrx_word' id='word_1_703' title='bbox 1058 5212 1139 5252; x_wconf 87' lang='lat' dir='ltr'><strong>uum.</strong></span> <span class='ocrx_word' id='word_1_704' title='bbox 1158 5200 1200 5261; x_wconf 82' lang='lat' dir='ltr'><strong>ta,</strong></span> <span class='ocrx_word' id='word_1_705' title='bbox 1216 5213 1283 5268; x_wconf 76' lang='lat' dir='ltr'><strong>pag.</strong></span> <span class='ocrx_word' id='word_1_706' title='bbox 1301 5200 1348 5252; x_wconf 78' lang='lat' dir='ltr'><strong>eat</strong></span> <span class='ocrx_word' id='word_1_707' title='bbox 1367 5214 1373 5251; x_wconf 92' lang='lat'>:</span> <span class='ocrx_word' id='word_1_708' title='bbox 1389 5219 1399 5244; x_wconf 85' lang='grc' dir='ltr'>ι</span> <span class='ocrx_word' id='word_1_709' title='bbox 1420 5196 1523 5250; x_wconf 83' lang='lat' dir='ltr'><strong>Eodem</strong></span> <span class='ocrx_word' id='word_1_710' title='bbox 1546 5211 1623 5250; x_wconf 92' lang='lat' dir='ltr'><strong>anno</strong></span> <span class='ocrx_word' id='word_1_711' title='bbox 1637 5196 1754 5268; x_wconf 89' lang='lat' dir='ltr'><strong>(nempe</strong></span> <span class='ocrx_word' id='word_1_712' title='bbox 1770 5200 1823 5270; x_wconf 82' lang='lat' dir='ltr'><strong>au)</strong></span> 
     </span>
     <span class='ocr_line' id='line_1_57' title="bbox 69 5282 1822 5359; baseline -0.004 -11"><span class='ocrx_word' id='word_1_713' title='bbox 69 5293 119 5349; x_wconf 85' lang='lat' dir='ltr'><strong>eit.</strong></span> <span class='ocrx_word' id='word_1_714' title='bbox 137 5291 218 5348; x_wconf 77' lang='lat' dir='ltr'><strong>Alios</strong></span> <span class='ocrx_word' id='word_1_715' title='bbox 231 5287 557 5359; x_wconf 71' lang='lat' dir='ltr'><strong>coetaneosscriptoras</strong></span> <span class='ocrx_word' id='word_1_716' title='bbox 582 5299 643 5339; x_wconf 91' lang='lat' dir='ltr'><strong>nou</strong></span> <span class='ocrx_word' id='word_1_717' title='bbox 669 5283 751 5339; x_wconf 84' lang='lat' dir='ltr'><strong>facile</strong></span> <span class='ocrx_word' id='word_1_718' title='bbox 776 5282 917 5355; x_wconf 85' lang='lat' dir='ltr'><strong>quiapro·</strong></span> <span class='ocrx_word' id='word_1_719' title='bbox 972 5300 1129 5356; x_wconf 77' lang='lat' dir='ltr'><strong>novorege</strong></span> <span class='ocrx_word' id='word_1_720' title='bbox 1147 5284 1323 5340; x_wconf 80' lang='lat' dir='ltr'><strong>nativitatem</strong></span> <span class='ocrx_word' id='word_1_721' title='bbox 1352 5283 1495 5338; x_wconf 83' lang='lat' dir='ltr'><strong>Laurentii</strong></span> <span class='ocrx_word' id='word_1_722' title='bbox 1525 5283 1553 5337; x_wconf 91' lang='lat' dir='ltr'><strong>in</strong></span> <span class='ocrx_word' id='word_1_723' title='bbox 1578 5283 1690 5339; x_wconf 81' lang='lat' dir='ltr'><strong>civitate</strong></span> <span class='ocrx_word' id='word_1_724' title='bbox 1705 5286 1822 5341; x_wconf 82' lang='lat' dir='ltr'><strong>Pother-</strong></span> 
     </span>
     <span class='ocr_line' id='line_1_58' title="bbox 72 5371 1824 5448; baseline -0.001 -15"><span class='ocrx_word' id='word_1_725' title='bbox 72 5379 200 5437; x_wconf 85' lang='lat' dir='ltr'><strong>duxerit.</strong></span> <span class='ocrx_word' id='word_1_726' title='bbox 214 5377 243 5434; x_wconf 87' lang='lat' dir='ltr'><strong>Si</strong></span> <span class='ocrx_word' id='word_1_727' title='bbox 250 5377 286 5432; x_wconf 93' lang='lat' dir='ltr'><strong>ad</strong></span> <span class='ocrx_word' id='word_1_728' title='bbox 300 5374 431 5448; x_wconf 87' lang='lat' dir='ltr'><strong>proxime</strong></span> <span class='ocrx_word' id='word_1_729' title='bbox 445 5379 597 5448; x_wconf 85' lang='lat' dir='ltr'><strong>sequentes</strong></span> <span class='ocrx_word' id='word_1_730' title='bbox 618 5371 854 5444; x_wconf 76' lang='lat' dir='ltr'><strong>chronographos</strong></span> <span class='ocrx_word' id='word_1_731' title='bbox 869 5372 917 5428; x_wconf 86' lang='lat' dir='ltr'><strong>Ot-</strong></span> <span class='ocrx_word' id='word_1_732' title='bbox 973 5375 1131 5431; x_wconf 88' lang='lat' dir='ltr'><strong>brunneosi</strong></span> <span class='ocrx_word' id='word_1_733' title='bbox 1145 5374 1318 5439; x_wconf 88' lang='lat' dir='ltr'><strong>celebrante,</strong></span> <span class='ocrx_word' id='word_1_734' title='bbox 1335 5373 1441 5427; x_wconf 87' lang='lat' dir='ltr'><strong>domna</strong></span> <span class='ocrx_word' id='word_1_735' title='bbox 1457 5371 1656 5440; x_wconf 75' lang='lat' dir='ltr'><strong>chunigunda,</strong></span> <span class='ocrx_word' id='word_1_736' title='bbox 1674 5373 1775 5445; x_wconf 84' lang='lat' dir='ltr'><strong>ipsius.</strong></span> <span class='ocrx_word' id='word_1_737' title='bbox 1792 5383 1824 5431; x_wconf 93' lang='lat' dir='ltr'><strong>nt</strong></span> 
     </span>
     <span class='ocr_line' id='line_1_59' title="bbox 74 5460 1821 5536; baseline -0.001 -15"><span class='ocrx_word' id='word_1_738' title='bbox 74 5475 180 5535; x_wconf 87' lang='lat' dir='ltr'><strong>tunam,</strong></span> <span class='ocrx_word' id='word_1_739' title='bbox 202 5469 410 5530; x_wconf 79' lang='lat' dir='ltr'><strong>florinanuum,</strong></span> <span class='ocrx_word' id='word_1_740' title='bbox 434 5463 562 5536; x_wconf 81' lang='lat' dir='ltr'><strong>aliosque</strong></span> <span class='ocrx_word' id='word_1_741' title='bbox 590 5460 658 5517; x_wconf 89' lang='lat' dir='ltr'><strong>alibi</strong></span> <span class='ocrx_word' id='word_1_742' title='bbox 678 5460 841 5516; x_wconf 88' lang='lat' dir='ltr'><strong>nominatos</strong></span> <span class='ocrx_word' id='word_1_743' title='bbox 854 5478 919 5534; x_wconf 90' lang='lat' dir='ltr'><strong>pro·</strong></span> <span class='ocrx_word' id='word_1_744' title='bbox 974 5462 1130 5534; x_wconf 88' lang='lat' dir='ltr'><strong>putabatur</strong></span> <span class='ocrx_word' id='word_1_745' title='bbox 1146 5466 1380 5527; x_wconf 67' lang='lat' dir='ltr'><strong>amaricantem</strong></span> <span class='ocrx_word' id='word_1_746' title='bbox 1396 5475 1463 5516; x_wconf 84' lang='lat' dir='ltr'><strong>vara</strong></span> <span class='ocrx_word' id='word_1_747' title='bbox 1487 5461 1624 5518; x_wconf 86' lang='lat' dir='ltr'><strong>castitatis</strong></span> <span class='ocrx_word' id='word_1_748' title='bbox 1637 5463 1821 5519; x_wconf 76' lang='lat' dir='ltr'><strong>emulatione</strong></span> 
     </span>
     <span class='ocr_line' id='line_1_60' title="bbox 74 5548 1822 5624; baseline 0.001 -18"><span class='ocrx_word' id='word_1_749' title='bbox 74 5561 161 5619; x_wconf 70' lang='lat' dir='ltr'><strong>vocet,</strong></span> <span class='ocrx_word' id='word_1_750' title='bbox 178 5555 246 5611; x_wconf 80' lang='lat' dir='ltr'><strong>tacit</strong></span> <span class='ocrx_word' id='word_1_751' title='bbox 264 5555 366 5609; x_wconf 86' lang='lat' dir='ltr'><strong>Sancto</strong></span> <span class='ocrx_word' id='word_1_752' title='bbox 394 5551 541 5624; x_wconf 81' lang='lat' dir='ltr'><strong>injuriam,</strong></span> <span class='ocrx_word' id='word_1_753' title='bbox 572 5550 647 5624; x_wconf 84' lang='lat' dir='ltr'><strong>qnod</strong></span> <span class='ocrx_word' id='word_1_754' title='bbox 670 5549 705 5604; x_wconf 90' lang='lat' dir='ltr'><strong>iis</strong></span> <span class='ocrx_word' id='word_1_755' title='bbox 732 5549 846 5604; x_wconf 81' lang='lat' dir='ltr'><strong>arbitris</strong></span> <span class='ocrx_word' id='word_1_756' title='bbox 874 5567 919 5605; x_wconf 84' lang='lat' dir='ltr'><strong>res</strong></span> <span class='ocrx_word' id='word_1_757' title='bbox 974 5565 1097 5614; x_wconf 71' lang='lat' dir='ltr'><strong>sorum</strong></span> <span class='ocrx_word' id='word_1_758' title='bbox 1124 5549 1260 5621; x_wconf 77' lang='lat' dir='ltr'><strong>praedicto</strong></span> <span class='ocrx_word' id='word_1_759' title='bbox 1288 5548 1427 5620; x_wconf 75' lang='lat' dir='ltr'><strong>willigiso</strong></span> <span class='ocrx_word' id='word_1_760' title='bbox 1464 5548 1652 5623; x_wconf 68' lang='lat' dir='ltr'><strong>augaunensi</strong></span> <span class='ocrx_word' id='word_1_761' title='bbox 1682 5549 1822 5621; x_wconf 80' lang='lat' dir='ltr'><strong>archiepi-</strong></span> 
     </span>
    </p>
   </div>
   <div class='ocr_carea' id='block_1_2' title="bbox 0 0 1963 6116">
    <p class='ocr_par' dir='ltr' id='par_1_16' title="bbox 0 0 1963 6116">
     <span class='ocr_line' id='line_1_61' title="bbox 0 0 1963 6116; baseline 0 0"><span class='ocrx_word' id='word_1_762' title='bbox 0 0 1963 6116; x_wconf 95' lang='lat' dir='ltr'><strong> </strong></span> 
     </span>
    </p>
   </div>
  </div>
 </body>
</html>
