<?xml version="1.0" encoding="UTF-8"?>
<!DOCTYPE html PUBLIC "-//W3C//DTD XHTML 1.0 Transitional//EN"
    "http://www.w3.org/TR/xhtml1/DTD/xhtml1-transitional.dtd">
<html xmlns="http://www.w3.org/1999/xhtml" xml:lang="en" lang="en">
 <head>
  <title>
</title>
<meta http-equiv="Content-Type" content="text/html;charset=utf-8" />
  <meta name='ocr-system' content='tesseract 3.04.00' />
  <meta name='ocr-capabilities' content='ocr_page ocr_carea ocr_par ocr_line ocrx_word'/>
</head>
<body>
  <div class='ocr_page' id='page_1' title='image "./patrologiaecurs17unkngoog_0104.png"; bbox 0 0 3878 6112; ppageno 0'>
   <div class='ocr_carea' id='block_1_1' title="bbox 67 271 1831 349">
    <p class='ocr_par' dir='ltr' id='par_1_1' title="bbox 67 271 1831 349">
     <span class='ocr_line' id='line_1_1' title="bbox 67 271 1831 349; baseline 0 -18"><span class='ocrx_word' id='word_1_1' title='bbox 67 278 120 331; x_wconf 76' lang='lat' dir='ltr'><strong>l9&#39;r&#39;</strong></span> <span class='ocrx_word' id='word_1_2' title='bbox 574 272 656 329; x_wconf 79' lang='lat' dir='ltr'><strong>vua</strong></span> <span class='ocrx_word' id='word_1_3' title='bbox 673 273 703 329; x_wconf 83' lang='lat' dir='ltr'><strong>S.</strong></span> <span class='ocrx_word' id='word_1_4' title='bbox 722 272 941 329; x_wconf 77' lang='lat' dir='ltr'><strong>cuuaauuuls</strong></span> <span class='ocrx_word' id='word_1_5' title='bbox 960 272 1019 330; x_wconf 83' lang='lat' dir='ltr'><strong>UEl</strong></span> <span class='ocrx_word' id='word_1_6' title='bbox 1042 272 1088 329; x_wconf 78' lang='lat' dir='ltr'><strong>be</strong></span> <span class='ocrx_word' id='word_1_7' title='bbox 1108 274 1136 328; x_wconf 83' lang='lat' dir='ltr'><strong>S.</strong></span> <span class='ocrx_word' id='word_1_8' title='bbox 1158 271 1327 349; x_wconf 75' lang='lat' dir='ltr'><strong>usualdo.</strong></span> <span class='ocrx_word' id='word_1_9' title='bbox 1778 278 1831 331; x_wconf 76' lang='lat' dir='ltr'><strong>lea</strong></span> 
     </span>
    </p>
   </div>
   <div class='ocr_carea' id='block_1_2' title="bbox 63 393 1869 1613">
    <p class='ocr_par' dir='ltr' id='par_1_2' title="bbox 63 393 1833 730">
     <span class='ocr_line' id='line_1_2' title="bbox 63 393 1833 467; baseline -0.002 -14"><span class='ocrx_word' id='word_1_10' title='bbox 63 399 184 453; x_wconf 76' lang='lat' dir='ltr'><strong>Domum</strong></span> <span class='ocrx_word' id='word_1_11' title='bbox 197 413 280 464; x_wconf 79' lang='lat' dir='ltr'><strong>meus,</strong></span> <span class='ocrx_word' id='word_1_12' title='bbox 295 411 348 452; x_wconf 82' lang='lat' dir='ltr'><strong>nou</strong></span> <span class='ocrx_word' id='word_1_13' title='bbox 361 411 421 450; x_wconf 78' lang='lat' dir='ltr'><strong>eaeo</strong></span> <span class='ocrx_word' id='word_1_14' title='bbox 441 395 492 450; x_wconf 81' lang='lat' dir='ltr'><strong>tibi</strong></span> <span class='ocrx_word' id='word_1_15' title='bbox 506 394 557 451; x_wconf 76' lang='lat' dir='ltr'><strong>sed</strong></span> <span class='ocrx_word' id='word_1_16' title='bbox 571 397 620 451; x_wconf 82' lang='lat' dir='ltr'><strong>Dei</strong></span> <span class='ocrx_word' id='word_1_17' title='bbox 636 397 732 467; x_wconf 82' lang='lat' dir='ltr'><strong>potius</strong></span> <span class='ocrx_word' id='word_1_18' title='bbox 746 400 786 450; x_wconf 81' lang='lat' dir='ltr'><strong>eat</strong></span> <span class='ocrx_word' id='word_1_19' title='bbox 799 395 922 465; x_wconf 70' lang='lat' dir='ltr'><strong>opturda</strong></span> <span class='ocrx_word' id='word_1_20' title='bbox 940 395 1071 450; x_wconf 71' lang='lat' dir='ltr'><strong>abenas</strong></span> <span class='ocrx_word' id='word_1_21' title='bbox 1084 394 1158 451; x_wconf 90' lang='lat' dir='ltr'><strong>odor</strong></span> <span class='ocrx_word' id='word_1_22' title='bbox 1175 394 1306 450; x_wconf 86' lang='lat' dir='ltr'><strong>siutDeo</strong></span> <span class='ocrx_word' id='word_1_23' title='bbox 1333 393 1364 449; x_wconf 91' lang='lat' dir='ltr'><strong>in</strong></span> <span class='ocrx_word' id='word_1_24' title='bbox 1383 394 1464 449; x_wconf 90' lang='lat' dir='ltr'><strong>omni</strong></span> <span class='ocrx_word' id='word_1_25' title='bbox 1478 394 1552 449; x_wconf 90' lang='lat' dir='ltr'><strong>loco.</strong></span> <span class='ocrx_word' id='word_1_26' title='bbox 1584 395 1694 451; x_wconf 79' lang='lat' dir='ltr'><strong>Revera</strong></span> <span class='ocrx_word' id='word_1_27' title='bbox 1708 413 1775 452; x_wconf 81' lang='lat' dir='ltr'><strong>rara</strong></span> <span class='ocrx_word' id='word_1_28' title='bbox 1785 401 1833 453; x_wconf 82' lang='lat' dir='ltr'><strong>ast</strong></span> 
     </span>
     <span class='ocr_line' id='line_1_3' title="bbox 63 480 1833 556; baseline 0 -15"><span class='ocrx_word' id='word_1_29' title='bbox 63 480 840 556; x_wconf 68' lang='lat' dir='ltr'><strong>maruzqueuurpunueadipueimnru,ueum</strong></span> <span class='ocrx_word' id='word_1_30' title='bbox 859 487 924 538; x_wconf 77' lang='lat' dir='ltr'><strong>time</strong></span> <span class='ocrx_word' id='word_1_31' title='bbox 976 485 1129 550; x_wconf 89' lang='lat' dir='ltr'><strong>sententia,</strong></span> <span class='ocrx_word' id='word_1_32' title='bbox 1154 500 1242 555; x_wconf 87' lang='lat' dir='ltr'><strong>quam</strong></span> <span class='ocrx_word' id='word_1_33' title='bbox 1273 482 1410 538; x_wconf 80' lang='lat' dir='ltr'><strong>Dominus</strong></span> <span class='ocrx_word' id='word_1_34' title='bbox 1439 483 1479 537; x_wconf 88' lang='lat' dir='ltr'><strong>ait</strong></span> <span class='ocrx_word' id='word_1_35' title='bbox 1504 499 1511 536; x_wconf 92' lang='lat'>:</span> <span class='ocrx_word' id='word_1_36' title='bbox 1536 483 1602 538; x_wconf 85' lang='lat' dir='ltr'><strong>Nou</strong></span> <span class='ocrx_word' id='word_1_37' title='bbox 1630 487 1833 554; x_wconf 79' lang='lat' dir='ltr'><strong>potesteioitaa</strong></span> 
     </span>
     <span class='ocr_line' id='line_1_4' title="bbox 63 572 1832 643; baseline -0.001 -15"><span class='ocrx_word' id='word_1_38' title='bbox 63 581 89 629; x_wconf 85' lang='lat' dir='ltr'><strong>et</strong></span> <span class='ocrx_word' id='word_1_39' title='bbox 102 574 306 642; x_wconf 69' lang='lat' dir='ltr'><strong>mandatarius</strong></span> <span class='ocrx_word' id='word_1_40' title='bbox 324 574 437 628; x_wconf 77' lang='lat' dir='ltr'><strong>observo</strong></span> <span class='ocrx_word' id='word_1_41' title='bbox 457 587 537 639; x_wconf 73' lang='lat' dir='ltr'><strong>,meo</strong></span> <span class='ocrx_word' id='word_1_42' title='bbox 551 587 613 627; x_wconf 85' lang='lat' dir='ltr'><strong>uero</strong></span> <span class='ocrx_word' id='word_1_43' title='bbox 635 587 700 638; x_wconf 70' lang='lat' dir='ltr'><strong>upa</strong></span> <span class='ocrx_word' id='word_1_44' title='bbox 731 577 755 626; x_wconf 87' lang='lat' dir='ltr'><strong>te</strong></span> <span class='ocrx_word' id='word_1_45' title='bbox 768 575 860 641; x_wconf 80' lang='lat' dir='ltr'><strong>cipere</strong></span> <span class='ocrx_word' id='word_1_46' title='bbox 873 572 923 626; x_wconf 88' lang='lat' dir='ltr'><strong>dc-</strong></span> <span class='ocrx_word' id='word_1_47' title='bbox 978 572 1107 628; x_wconf 79' lang='lat' dir='ltr'><strong>abscondi</strong></span> <span class='ocrx_word' id='word_1_48' title='bbox 1129 587 1211 641; x_wconf 85' lang='lat' dir='ltr'><strong>super</strong></span> <span class='ocrx_word' id='word_1_49' title='bbox 1240 577 1355 627; x_wconf 84' lang='lat' dir='ltr'><strong>montem</strong></span> <span class='ocrx_word' id='word_1_50' title='bbox 1379 575 1480 643; x_wconf 81' lang='lat' dir='ltr'><strong>posito,</strong></span> <span class='ocrx_word' id='word_1_51' title='bbox 1510 587 1596 641; x_wconf 72' lang='lat' dir='ltr'><strong>raeque</strong></span> <span class='ocrx_word' id='word_1_52' title='bbox 1618 573 1767 628; x_wconf 76' lang='lat' dir='ltr'><strong>moendurrt</strong></span> <span class='ocrx_word' id='word_1_53' title='bbox 1793 573 1832 627; x_wconf 73' lang='lat' dir='ltr'><strong>lar</strong></span> 
     </span>
     <span class='ocr_line' id='line_1_5' title="bbox 63 659 1499 730; baseline 0.001 -15"><span class='ocrx_word' id='word_1_54' title='bbox 63 660 292 716; x_wconf 82' lang='lat' dir='ltr'><strong>uotioueedesir&#39;t</strong></span> <span class='ocrx_word' id='word_1_55' title='bbox 310 659 649 729; x_wconf 76' lang='lat' dir='ltr'><strong>necdesinetoliquuudo.</strong></span> <span class='ocrx_word' id='word_1_56' title='bbox 672 659 825 715; x_wconf 77' lang='lat' dir='ltr'><strong>Enimvero</strong></span> <span class='ocrx_word' id='word_1_57' title='bbox 855 659 923 714; x_wconf 86' lang='lat' dir='ltr'><strong>visis</strong></span> <span class='ocrx_word' id='word_1_58' title='bbox 977 677 1085 716; x_wconf 71' lang='lat' dir='ltr'><strong>cunum</strong></span> <span class='ocrx_word' id='word_1_59' title='bbox 1100 661 1209 730; x_wconf 84' lang='lat' dir='ltr'><strong>(llottb.</strong></span> <span class='ocrx_word' id='word_1_60' title='bbox 1232 677 1259 727; x_wconf 85' lang='lat' dir='ltr'><strong>v,</strong></span> <span class='ocrx_word' id='word_1_61' title='bbox 1277 662 1333 730; x_wconf 83' lang='lat' dir='ltr'><strong>ll),</strong></span> <span class='ocrx_word' id='word_1_62' title='bbox 1349 667 1378 716; x_wconf 94' lang='lat' dir='ltr'><strong>et</strong></span> <span class='ocrx_word' id='word_1_63' title='bbox 1394 669 1499 716; x_wconf 89' lang='lat' dir='ltr'><strong>cetera.</strong></span> 
     </span>
    </p>

    <p class='ocr_par' dir='ltr' id='par_1_3' title="bbox 63 746 1718 820">
     <span class='ocr_line' id='line_1_6' title="bbox 63 746 1718 820; baseline 0.002 -19"><span class='ocrx_word' id='word_1_64' title='bbox 63 749 221 803; x_wconf 82' lang='lat' dir='ltr'><strong>virtutibus</strong></span> <span class='ocrx_word' id='word_1_65' title='bbox 235 752 264 803; x_wconf 84' lang='lat' dir='ltr'><strong>et</strong></span> <span class='ocrx_word' id='word_1_66' title='bbox 276 748 366 819; x_wconf 90' lang='lat' dir='ltr'><strong>signis</strong></span> <span class='ocrx_word' id='word_1_67' title='bbox 381 746 424 802; x_wconf 88' lang='lat' dir='ltr'><strong>bis</strong></span> <span class='ocrx_word' id='word_1_68' title='bbox 439 764 495 819; x_wconf 91' lang='lat' dir='ltr'><strong>que</strong></span> <span class='ocrx_word' id='word_1_69' title='bbox 522 749 628 802; x_wconf 87' lang='lat' dir='ltr'><strong>liebaut</strong></span> <span class='ocrx_word' id='word_1_70' title='bbox 647 747 697 814; x_wconf 89' lang='lat' dir='ltr'><strong>ibi,</strong></span> <span class='ocrx_word' id='word_1_71' title='bbox 727 748 845 802; x_wconf 88' lang='lat' dir='ltr'><strong>collecta</strong></span> <span class='ocrx_word' id='word_1_72' title='bbox 855 763 923 801; x_wconf 91' lang='lat' dir='ltr'><strong>con·</strong></span> <span class='ocrx_word' id='word_1_73' title='bbox 1013 750 1070 805; x_wconf 85' lang='lat' dir='ltr'><strong>Sub</strong></span> <span class='ocrx_word' id='word_1_74' title='bbox 1087 750 1183 805; x_wconf 89' lang='lat' dir='ltr'><strong>modio</strong></span> <span class='ocrx_word' id='word_1_75' title='bbox 1196 749 1289 820; x_wconf 90' lang='lat' dir='ltr'><strong>posita</strong></span> <span class='ocrx_word' id='word_1_76' title='bbox 1301 749 1354 804; x_wconf 86' lang='lat' dir='ltr'><strong>tuit</strong></span> <span class='ocrx_word' id='word_1_77' title='bbox 1368 751 1471 805; x_wconf 88' lang='lat' dir='ltr'><strong>ardens</strong></span> <span class='ocrx_word' id='word_1_78' title='bbox 1487 750 1537 805; x_wconf 92' lang='lat' dir='ltr'><strong>illa</strong></span> <span class='ocrx_word' id='word_1_79' title='bbox 1563 748 1687 804; x_wconf 79' lang='lat' dir='ltr'><strong>lucerna</strong></span> <span class='ocrx_word' id='word_1_80' title='bbox 1714 780 1718 789; x_wconf 80' lang='lat'><em>=</em></span> 
     </span>
    </p>

    <p class='ocr_par' dir='ltr' id='par_1_4' title="bbox 64 828 1869 1084">
     <span class='ocr_line' id='line_1_7' title="bbox 64 828 1869 909; baseline 0 -19"><span class='ocrx_word' id='word_1_81' title='bbox 64 837 111 892; x_wconf 88' lang='lat' dir='ltr'><strong>cio</strong></span> <span class='ocrx_word' id='word_1_82' title='bbox 131 837 260 907; x_wconf 87' lang='lat' dir='ltr'><strong>gaudens</strong></span> <span class='ocrx_word' id='word_1_83' title='bbox 273 836 418 908; x_wconf 88' lang='lat' dir='ltr'><strong>gaudebat</strong></span> <span class='ocrx_word' id='word_1_84' title='bbox 430 836 460 890; x_wconf 89' lang='lat' dir='ltr'><strong>iu</strong></span> <span class='ocrx_word' id='word_1_85' title='bbox 484 836 615 890; x_wconf 85' lang='lat' dir='ltr'><strong>Domino.</strong></span> <span class='ocrx_word' id='word_1_86' title='bbox 631 835 778 907; x_wconf 80' lang='lat' dir='ltr'>Siquidem</span> <span class='ocrx_word' id='word_1_87' title='bbox 805 834 924 890; x_wconf 77' lang='lat' dir='ltr'><strong>tristicia</strong></span> <span class='ocrx_word' id='word_1_88' title='bbox 1013 837 1093 892; x_wconf 86' lang='lat' dir='ltr'><strong>Hauc</strong></span> <span class='ocrx_word' id='word_1_89' title='bbox 1121 837 1227 892; x_wconf 85' lang='lat' dir='ltr'><strong>etenim</strong></span> <span class='ocrx_word' id='word_1_90' title='bbox 1244 843 1363 908; x_wconf 87' lang='lat' dir='ltr'><strong>nuptam</strong></span> <span class='ocrx_word' id='word_1_91' title='bbox 1379 837 1460 909; x_wconf 88' lang='lat' dir='ltr'><strong>prius</strong></span> <span class='ocrx_word' id='word_1_92' title='bbox 1476 853 1576 892; x_wconf 87' lang='lat' dir='ltr'><strong>omnes</strong></span> <span class='ocrx_word' id='word_1_93' title='bbox 1590 852 1650 891; x_wconf 93' lang='lat' dir='ltr'><strong>esse</strong></span> <span class='ocrx_word' id='word_1_94' title='bbox 1678 835 1830 906; x_wconf 89' lang='lat' dir='ltr'><strong>putabant,</strong></span> <span class='ocrx_word' id='word_1_95' title='bbox 1867 828 1869 833; x_wconf 67' lang='grc'>’</span> 
     </span>
     <span class='ocr_line' id='line_1_8' title="bbox 65 922 1831 996; baseline 0 -18"><span class='ocrx_word' id='word_1_96' title='bbox 65 923 248 995; x_wconf 74' lang='lat' dir='ltr'><strong>imperatrici</strong></span> <span class='ocrx_word' id='word_1_97' title='bbox 270 924 484 980; x_wconf 89' lang='lat' dir='ltr'><strong>condolentium</strong></span> <span class='ocrx_word' id='word_1_98' title='bbox 505 940 587 978; x_wconf 82' lang='lat' dir='ltr'><strong>versa</strong></span> <span class='ocrx_word' id='word_1_99' title='bbox 611 924 706 978; x_wconf 89' lang='lat' dir='ltr'><strong>estin</strong></span> <span class='ocrx_word' id='word_1_100' title='bbox 730 922 879 994; x_wconf 88' lang='lat' dir='ltr'><strong>gaudium,</strong></span> <span class='ocrx_word' id='word_1_101' title='bbox 896 928 924 977; x_wconf 85' lang='lat' dir='ltr'><strong>et</strong></span> <span class='ocrx_word' id='word_1_102' title='bbox 1015 925 1143 996; x_wconf 79' lang='lat' dir='ltr'><strong>lienique</strong></span> <span class='ocrx_word' id='word_1_103' title='bbox 1165 930 1331 994; x_wconf 80' lang='lat' dir='ltr'><strong>corruptam</strong></span> <span class='ocrx_word' id='word_1_104' title='bbox 1357 940 1410 994; x_wconf 88' lang='lat' dir='ltr'><strong>per</strong></span> <span class='ocrx_word' id='word_1_105' title='bbox 1438 924 1616 979; x_wconf 81' lang='lat' dir='ltr'><strong>adulterium</strong></span> <span class='ocrx_word' id='word_1_106' title='bbox 1638 923 1831 995; x_wconf 79' lang='lat' dir='ltr'><strong>reputabant3</strong></span> 
     </span>
     <span class='ocr_line' id='line_1_9' title="bbox 66 1010 1723 1084; baseline -0.001 -17"><span class='ocrx_word' id='word_1_107' title='bbox 66 1013 202 1084; x_wconf 81' lang='lat' dir='ltr'><strong>quicum</strong></span> <span class='ocrx_word' id='word_1_108' title='bbox 230 1011 317 1067; x_wconf 84' lang='lat' dir='ltr'><strong>flente</strong></span> <span class='ocrx_word' id='word_1_109' title='bbox 339 1011 491 1080; x_wconf 80' lang='lat' dir='ltr'><strong>fleverant,</strong></span> <span class='ocrx_word' id='word_1_110' title='bbox 515 1012 575 1081; x_wconf 86' lang='lat' dir='ltr'><strong>jam</strong></span> <span class='ocrx_word' id='word_1_111' title='bbox 597 1010 735 1082; x_wconf 88' lang='lat' dir='ltr'><strong>gaudenti</strong></span> <span class='ocrx_word' id='word_1_112' title='bbox 762 1010 923 1082; x_wconf 88' lang='lat' dir='ltr'><strong>congaude·</strong></span> <span class='ocrx_word' id='word_1_113' title='bbox 1013 1013 1067 1067; x_wconf 89' lang='lat' dir='ltr'><strong>Sed</strong></span> <span class='ocrx_word' id='word_1_114' title='bbox 1088 1028 1144 1083; x_wconf 90' lang='lat' dir='ltr'><strong>que</strong></span> <span class='ocrx_word' id='word_1_115' title='bbox 1158 1013 1298 1082; x_wconf 83' lang='lat' dir='ltr'><strong>virginem</strong></span> <span class='ocrx_word' id='word_1_116' title='bbox 1314 1012 1550 1067; x_wconf 81' lang='lat' dir='ltr'><strong>lloremservarit</strong></span> <span class='ocrx_word' id='word_1_117' title='bbox 1572 1011 1602 1067; x_wconf 92' lang='lat' dir='ltr'><strong>in</strong></span> <span class='ocrx_word' id='word_1_118' title='bbox 1627 1026 1723 1078; x_wconf 83' lang='lat' dir='ltr'><strong>evum,</strong></span> 
     </span>
    </p>

    <p class='ocr_par' dir='ltr' id='par_1_5' title="bbox 68 1099 1579 1172">
     <span class='ocr_line' id='line_1_10' title="bbox 68 1099 1579 1172; baseline -0.001 -16"><span class='ocrx_word' id='word_1_119' title='bbox 68 1103 153 1158; x_wconf 85' lang='lat' dir='ltr'><strong>barrt.</strong></span> <span class='ocrx_word' id='word_1_120' title='bbox 173 1101 264 1172; x_wconf 92' lang='lat' dir='ltr'><strong>lgitur</strong></span> <span class='ocrx_word' id='word_1_121' title='bbox 281 1117 382 1156; x_wconf 89' lang='lat' dir='ltr'><strong>omues</strong></span> <span class='ocrx_word' id='word_1_122' title='bbox 401 1117 469 1156; x_wconf 83' lang='lat' dir='ltr'><strong>voce</strong></span> <span class='ocrx_word' id='word_1_123' title='bbox 486 1099 615 1155; x_wconf 88' lang='lat' dir='ltr'><strong>unanimi</strong></span> <span class='ocrx_word' id='word_1_124' title='bbox 627 1099 786 1170; x_wconf 89' lang='lat' dir='ltr'><strong>gratiarum</strong></span> <span class='ocrx_word' id='word_1_125' title='bbox 799 1100 924 1154; x_wconf 85' lang='lat' dir='ltr'><strong>actiones</strong></span> <span class='ocrx_word' id='word_1_126' title='bbox 1013 1101 1126 1155; x_wconf 75' lang='lat' dir='ltr'><strong>iudicio</strong></span> <span class='ocrx_word' id='word_1_127' title='bbox 1138 1105 1208 1154; x_wconf 89' lang='lat' dir='ltr'><strong>teste</strong></span> <span class='ocrx_word' id='word_1_128' title='bbox 1218 1101 1286 1154; x_wconf 88' lang='lat' dir='ltr'><strong>satis</strong></span> <span class='ocrx_word' id='word_1_129' title='bbox 1301 1101 1405 1154; x_wconf 84' lang='lat' dir='ltr'><strong>enituit</strong></span> <span class='ocrx_word' id='word_1_130' title='bbox 1419 1100 1579 1155; x_wconf 81' lang='lat' dir='ltr'><strong>manifeste.</strong></span> 
     </span>
    </p>

    <p class='ocr_par' dir='ltr' id='par_1_6' title="bbox 66 1186 1830 1613">
     <span class='ocr_line' id='line_1_11' title="bbox 66 1186 1830 1261; baseline -0.001 -19"><span class='ocrx_word' id='word_1_131' title='bbox 66 1189 202 1243; x_wconf 88' lang='lat' dir='ltr'><strong>omnium</strong></span> <span class='ocrx_word' id='word_1_132' title='bbox 229 1189 429 1261; x_wconf 71' lang='lat' dir='ltr'><strong>persolvebant</strong></span> <span class='ocrx_word' id='word_1_133' title='bbox 457 1188 642 1255; x_wconf 83' lang='lat' dir='ltr'><strong>dominatori,</strong></span> <span class='ocrx_word' id='word_1_134' title='bbox 671 1187 722 1259; x_wconf 89' lang='lat' dir='ltr'><strong>qui</strong></span> <span class='ocrx_word' id='word_1_135' title='bbox 750 1188 816 1243; x_wconf 85' lang='lat' dir='ltr'><strong>lacit</strong></span> <span class='ocrx_word' id='word_1_136' title='bbox 835 1186 924 1243; x_wconf 88' lang='lat' dir='ltr'><strong>mira·</strong></span> <span class='ocrx_word' id='word_1_137' title='bbox 1013 1188 1094 1253; x_wconf 81' lang='lat' dir='ltr'><strong>Quod</strong></span> <span class='ocrx_word' id='word_1_138' title='bbox 1111 1189 1175 1260; x_wconf 92' lang='lat' dir='ltr'><strong>pius</strong></span> <span class='ocrx_word' id='word_1_139' title='bbox 1195 1189 1343 1243; x_wconf 88' lang='lat' dir='ltr'><strong>lleinricus</strong></span> <span class='ocrx_word' id='word_1_140' title='bbox 1360 1190 1462 1254; x_wconf 79' lang='lat' dir='ltr'><strong>tuerit,</strong></span> <span class='ocrx_word' id='word_1_141' title='bbox 1488 1189 1566 1260; x_wconf 89' lang='lat' dir='ltr'><strong>quod</strong></span> <span class='ocrx_word' id='word_1_142' title='bbox 1596 1188 1679 1259; x_wconf 84' lang='lat' dir='ltr'><strong>virgo</strong></span> <span class='ocrx_word' id='word_1_143' title='bbox 1698 1187 1830 1258; x_wconf 78' lang='lat' dir='ltr'><strong>pudicus,</strong></span> 
     </span>
     <span class='ocr_line' id='line_1_12' title="bbox 68 1275 1827 1351; baseline 0 -20"><span class='ocrx_word' id='word_1_144' title='bbox 68 1276 143 1331; x_wconf 87' lang='lat' dir='ltr'><strong>biles</strong></span> <span class='ocrx_word' id='word_1_145' title='bbox 155 1293 213 1343; x_wconf 90' lang='lat' dir='ltr'><strong>res,</strong></span> <span class='ocrx_word' id='word_1_146' title='bbox 228 1279 278 1349; x_wconf 89' lang='lat' dir='ltr'><strong>qui</strong></span> <span class='ocrx_word' id='word_1_147' title='bbox 293 1277 341 1351; x_wconf 91' lang='lat' dir='ltr'><strong>pia</strong></span> <span class='ocrx_word' id='word_1_148' title='bbox 359 1278 570 1350; x_wconf 88' lang='lat' dir='ltr'><strong>dispensatione</strong></span> <span class='ocrx_word' id='word_1_149' title='bbox 585 1293 652 1332; x_wconf 92' lang='lat' dir='ltr'><strong>suos</strong></span> <span class='ocrx_word' id='word_1_150' title='bbox 679 1275 822 1347; x_wconf 88' lang='lat' dir='ltr'><strong>permittit</strong></span> <span class='ocrx_word' id='word_1_151' title='bbox 848 1281 923 1331; x_wconf 75' lang='lat' dir='ltr'><strong>tem</strong></span> <span class='ocrx_word' id='word_1_152' title='bbox 1014 1277 1061 1331; x_wconf 85' lang='lat' dir='ltr'><strong>Est</strong></span> <span class='ocrx_word' id='word_1_153' title='bbox 1074 1276 1298 1341; x_wconf 84' lang='lat' dir='ltr'><strong>manifestatum,</strong></span> <span class='ocrx_word' id='word_1_154' title='bbox 1331 1277 1397 1331; x_wconf 86' lang='lat' dir='ltr'><strong>licat</strong></span> <span class='ocrx_word' id='word_1_155' title='bbox 1425 1277 1501 1331; x_wconf 90' lang='lat' dir='ltr'><strong>haud</strong></span> <span class='ocrx_word' id='word_1_156' title='bbox 1515 1277 1602 1331; x_wconf 81' lang='lat' dir='ltr'><strong>fuerit</strong></span> <span class='ocrx_word' id='word_1_157' title='bbox 1628 1276 1682 1331; x_wconf 82' lang='lat' dir='ltr'><strong>sibi</strong></span> <span class='ocrx_word' id='word_1_158' title='bbox 1697 1280 1827 1347; x_wconf 65' lang='lat' dir='ltr'><strong>matum.</strong></span> 
     </span>
     <span class='ocr_line' id='line_1_13' title="bbox 68 1364 1689 1438; baseline 0.001 -20"><span class='ocrx_word' id='word_1_159' title='bbox 68 1364 144 1435; x_wconf 90' lang='lat' dir='ltr'><strong>ptari</strong></span> <span class='ocrx_word' id='word_1_160' title='bbox 171 1366 286 1425; x_wconf 88' lang='lat' dir='ltr'><strong>electos.</strong></span> <span class='ocrx_word' id='word_1_161' title='bbox 318 1375 350 1421; x_wconf 92' lang='lat' dir='ltr'><strong>ut</strong></span> <span class='ocrx_word' id='word_1_162' title='bbox 377 1365 621 1438; x_wconf 85' lang='lat' dir='ltr'><strong>quemadmodum</strong></span> <span class='ocrx_word' id='word_1_163' title='bbox 647 1368 785 1431; x_wconf 78' lang='lat' dir='ltr'><strong>aromata,</strong></span> <span class='ocrx_word' id='word_1_164' title='bbox 816 1369 924 1436; x_wconf 83' lang='lat' dir='ltr'><strong>quanto</strong></span> <span class='ocrx_word' id='word_1_165' title='bbox 1014 1365 1141 1420; x_wconf 82' lang='lat' dir='ltr'><strong>Pessima</strong></span> <span class='ocrx_word' id='word_1_166' title='bbox 1154 1364 1292 1436; x_wconf 87' lang='lat' dir='ltr'><strong>figmenta</strong></span> <span class='ocrx_word' id='word_1_167' title='bbox 1306 1365 1408 1420; x_wconf 87' lang='lat' dir='ltr'><strong>Satane</strong></span> <span class='ocrx_word' id='word_1_168' title='bbox 1423 1370 1489 1418; x_wconf 91' lang='lat' dir='ltr'><strong>sunt</strong></span> <span class='ocrx_word' id='word_1_169' title='bbox 1506 1365 1689 1420; x_wconf 79' lang='lat' dir='ltr'><strong>adnichilata.</strong></span> 
     </span>
     <span class='ocr_line' id='line_1_14' title="bbox 67 1451 1830 1524; baseline 0.002 -21"><span class='ocrx_word' id='word_1_170' title='bbox 67 1451 205 1507; x_wconf 81' lang='lat' dir='ltr'><strong>subtilius</strong></span> <span class='ocrx_word' id='word_1_171' title='bbox 228 1454 427 1520; x_wconf 86' lang='lat' dir='ltr'><strong>tritatuerint,</strong></span> <span class='ocrx_word' id='word_1_172' title='bbox 451 1459 532 1508; x_wconf 88' lang='lat' dir='ltr'><strong>tanto</strong></span> <span class='ocrx_word' id='word_1_173' title='bbox 552 1455 692 1524; x_wconf 86' lang='lat' dir='ltr'><strong>majorem</strong></span> <span class='ocrx_word' id='word_1_174' title='bbox 719 1453 845 1507; x_wconf 90' lang='lat' dir='ltr'><strong>reddunt</strong></span> <span class='ocrx_word' id='word_1_175' title='bbox 868 1453 923 1507; x_wconf 86' lang='lat' dir='ltr'><strong>ira·</strong></span> <span class='ocrx_word' id='word_1_176' title='bbox 1014 1452 1213 1509; x_wconf 81' lang='lat' dir='ltr'><strong>Feminaduru</strong></span> <span class='ocrx_word' id='word_1_177' title='bbox 1233 1452 1343 1523; x_wconf 81' lang='lat' dir='ltr'><strong>fragilis</strong></span> <span class='ocrx_word' id='word_1_178' title='bbox 1368 1453 1474 1508; x_wconf 85' lang='lat' dir='ltr'><strong>Satana</strong></span> <span class='ocrx_word' id='word_1_179' title='bbox 1494 1457 1652 1523; x_wconf 80' lang='lat' dir='ltr'><strong>temptante</strong></span> <span class='ocrx_word' id='word_1_180' title='bbox 1682 1451 1830 1523; x_wconf 85' lang='lat' dir='ltr'><strong>probatur,</strong></span> 
     </span>
     <span class='ocr_line' id='line_1_15' title="bbox 68 1533 1758 1613; baseline -0.001 -18"><span class='ocrx_word' id='word_1_181' title='bbox 68 1541 227 1611; x_wconf 75' lang='lat' dir='ltr'><strong>graetiam,</strong></span> <span class='ocrx_word' id='word_1_182' title='bbox 244 1543 286 1597; x_wconf 91' lang='lat' dir='ltr'><strong>ita</strong></span> <span class='ocrx_word' id='word_1_183' title='bbox 302 1547 330 1597; x_wconf 87' lang='lat' dir='ltr'><strong>et</strong></span> <span class='ocrx_word' id='word_1_184' title='bbox 341 1542 425 1598; x_wconf 88' lang='lat' dir='ltr'><strong>electi</strong></span> <span class='ocrx_word' id='word_1_185' title='bbox 450 1542 683 1597; x_wconf 83' lang='lat' dir='ltr'><strong>tribulationibus</strong></span> <span class='ocrx_word' id='word_1_186' title='bbox 698 1540 810 1613; x_wconf 90' lang='lat' dir='ltr'><strong>probati</strong></span> <span class='ocrx_word' id='word_1_187' title='bbox 821 1541 925 1595; x_wconf 83' lang='lat' dir='ltr'><strong>Christi</strong></span> <span class='ocrx_word' id='word_1_188' title='bbox 1014 1533 1154 1596; x_wconf 78' lang='lat' dir='ltr'><strong>Omnibus</strong></span> <span class='ocrx_word' id='word_1_189' title='bbox 1169 1540 1283 1596; x_wconf 82' lang='lat' dir='ltr'><strong>odibilis</strong></span> <span class='ocrx_word' id='word_1_190' title='bbox 1298 1541 1415 1595; x_wconf 86' lang='lat' dir='ltr'><strong>zabulus</strong></span> <span class='ocrx_word' id='word_1_191' title='bbox 1427 1556 1480 1610; x_wconf 91' lang='lat' dir='ltr'><strong>per</strong></span> <span class='ocrx_word' id='word_1_192' title='bbox 1492 1556 1554 1594; x_wconf 82' lang='lat' dir='ltr'><strong>eam</strong></span> <span class='ocrx_word' id='word_1_193' title='bbox 1578 1539 1758 1611; x_wconf 86' lang='lat' dir='ltr'><strong>reprobatur.</strong></span> 
     </span>
    </p>
   </div>
   <div class='ocr_carea' id='block_1_3' title="bbox 321 1842 1581 1969">
    <p class='ocr_par' dir='ltr' id='par_1_7' title="bbox 321 1842 1581 1969">
     <span class='ocr_line' id='line_1_16' title="bbox 321 1842 1581 1969; baseline -0.002 0"><span class='ocrx_word' id='word_1_194' title='bbox 321 1845 533 1969; x_wconf 86' lang='lat' dir='ltr'><strong>VITA</strong></span> <span class='ocrx_word' id='word_1_195' title='bbox 581 1843 951 1968; x_wconf 84' lang='lat' dir='ltr'><strong>SANCTAE</strong></span> <span class='ocrx_word' id='word_1_196' title='bbox 996 1842 1581 1968; x_wconf 81' lang='lat' dir='ltr'><strong>GUNEGUNDIS</strong></span> 
     </span>
    </p>
   </div>
   <div class='ocr_carea' id='block_1_4' title="bbox 715 2066 1193 2107">
    <p class='ocr_par' dir='ltr' id='par_1_8' title="bbox 715 2066 1193 2107">
     <span class='ocr_line' id='line_1_17' title="bbox 715 2066 1193 2107; baseline 0 -3"><span class='ocrx_word' id='word_1_197' title='bbox 715 2066 950 2107; x_wconf 70' lang='lat' dir='ltr'><strong>rurensiumls</strong></span> <span class='ocrx_word' id='word_1_198' title='bbox 973 2067 1009 2105; x_wconf 82' lang='grc' dir='ltr'><strong>ΕΤ</strong></span> <span class='ocrx_word' id='word_1_199' title='bbox 1032 2066 1193 2106; x_wconf 80' lang='lat' dir='ltr'><strong>vlualrlrs.</strong></span> 
     </span>
    </p>
   </div>
   <div class='ocr_carea' id='block_1_5' title="bbox 91 2209 1803 2424">
    <p class='ocr_par' dir='ltr' id='par_1_9' title="bbox 91 2209 1803 2424">
     <span class='ocr_line' id='line_1_18' title="bbox 91 2209 1803 2292; baseline 0.002 -15"><span class='ocrx_word' id='word_1_200' title='bbox 91 2210 428 2277; x_wconf 72' lang='lat' dir='ltr'><strong>GESEEVATlONES</strong></span> <span class='ocrx_word' id='word_1_201' title='bbox 452 2209 627 2276; x_wconf 76' lang='lat' dir='ltr'><strong>l‘uAEvlAE</strong></span> <span class='ocrx_word' id='word_1_202' title='bbox 651 2211 716 2276; x_wconf 81' lang='lat' dir='ltr'><strong>Ulll</strong></span> <span class='ocrx_word' id='word_1_203' title='bbox 743 2210 793 2275; x_wconf 87' lang='lat' dir='ltr'><strong>DE</strong></span> <span class='ocrx_word' id='word_1_204' title='bbox 817 2211 974 2277; x_wconf 75' lang='lat' dir='ltr'>SANCTO</span> <span class='ocrx_word' id='word_1_205' title='bbox 999 2210 1173 2278; x_wconf 84' lang='lat' dir='ltr'><strong>HENElCO</strong></span> <span class='ocrx_word' id='word_1_206' title='bbox 1198 2212 1480 2292; x_wconf 78' lang='lat' dir='ltr'><strong>IMPERATORE,</strong></span> <span class='ocrx_word' id='word_1_207' title='bbox 1505 2212 1601 2279; x_wconf 84' lang='lat' dir='ltr'><strong>EJUS</strong></span> <span class='ocrx_word' id='word_1_208' title='bbox 1626 2214 1803 2281; x_wconf 82' lang='lat' dir='ltr'><strong>CONJUGE</strong></span> 
     </span>
     <span class='ocr_line' id='line_1_19' title="bbox 362 2349 1547 2424; baseline 0.003 -20"><span class='ocrx_word' id='word_1_209' title='bbox 362 2350 454 2421; x_wconf 80' lang='lat' dir='ltr'><strong>(Apud</strong></span> <span class='ocrx_word' id='word_1_210' title='bbox 472 2349 589 2418; x_wconf 86' lang='lat' dir='ltr'><strong>ldabill.,</strong></span> <span class='ocrx_word' id='word_1_211' title='bbox 604 2351 676 2405; x_wconf 78' lang='lat' dir='ltr'><strong>Acta</strong></span> <span class='ocrx_word' id='word_1_212' title='bbox 690 2351 738 2407; x_wconf 89' lang='lat' dir='ltr'><strong>SS.</strong></span> <span class='ocrx_word' id='word_1_213' title='bbox 755 2351 860 2407; x_wconf 82' lang='lat' dir='ltr'><strong>ordinis</strong></span> <span class='ocrx_word' id='word_1_214' title='bbox 874 2351 902 2407; x_wconf 87' lang='lat' dir='ltr'><strong>S.</strong></span> <span class='ocrx_word' id='word_1_215' title='bbox 920 2352 1066 2419; x_wconf 77' lang='lat' dir='ltr'><strong>Benedicti,</strong></span> <span class='ocrx_word' id='word_1_216' title='bbox 1087 2351 1189 2407; x_wconf 70' lang='lat' dir='ltr'><strong>Saeculi</strong></span> <span class='ocrx_word' id='word_1_217' title='bbox 1204 2352 1247 2418; x_wconf 88' lang='lat' dir='ltr'><strong>vl,</strong></span> <span class='ocrx_word' id='word_1_218' title='bbox 1263 2358 1344 2423; x_wconf 91' lang='lat' dir='ltr'><strong>parte</strong></span> <span class='ocrx_word' id='word_1_219' title='bbox 1355 2369 1386 2423; x_wconf 89' lang='lat' dir='ltr'><strong>u,</strong></span> <span class='ocrx_word' id='word_1_220' title='bbox 1401 2369 1466 2424; x_wconf 86' lang='lat' dir='ltr'><strong>pag.</strong></span> <span class='ocrx_word' id='word_1_221' title='bbox 1484 2353 1547 2408; x_wconf 73' lang='lat' dir='ltr'><strong>tlt.</strong></span> 
     </span>
    </p>
   </div>
   <div class='ocr_carea' id='block_1_6' title="bbox 873 2529 1069 2539">
    <p class='ocr_par' dir='ltr' id='par_1_10' title="bbox 873 2529 1069 2539">
     <span class='ocr_line' id='line_1_20' title="bbox 873 2529 1069 2539; baseline 0 -1"><span class='ocrx_word' id='word_1_222' title='bbox 873 2529 1069 2539; x_wconf 73' lang='lat'><em>.--—-—-—-</em></span> 
     </span>
    </p>
   </div>
   <div class='ocr_carea' id='block_1_7' title="bbox 10 2650 1857 3521">
    <p class='ocr_par' dir='ltr' id='par_1_11' title="bbox 10 2650 1857 3521">
     <span class='ocr_line' id='line_1_21' title="bbox 108 2650 1832 2724; baseline -0.001 -16"><span class='ocrx_word' id='word_1_223' title='bbox 108 2660 131 2708; x_wconf 90' lang='lat' dir='ltr'><strong>l.</strong></span> <span class='ocrx_word' id='word_1_224' title='bbox 147 2655 203 2709; x_wconf 85' lang='lat' dir='ltr'><strong>Par</strong></span> <span class='ocrx_word' id='word_1_225' title='bbox 217 2653 329 2708; x_wconf 87' lang='lat' dir='ltr'><strong>illustre</strong></span> <span class='ocrx_word' id='word_1_226' title='bbox 341 2654 495 2724; x_wconf 87' lang='lat' dir='ltr'><strong>conjugum</strong></span> <span class='ocrx_word' id='word_1_227' title='bbox 508 2652 593 2707; x_wconf 91' lang='lat' dir='ltr'><strong>simul</strong></span> <span class='ocrx_word' id='word_1_228' title='bbox 609 2657 638 2705; x_wconf 91' lang='lat' dir='ltr'><strong>et</strong></span> <span class='ocrx_word' id='word_1_229' title='bbox 651 2651 808 2722; x_wconf 79' lang='lat' dir='ltr'><strong>virginum,</strong></span> <span class='ocrx_word' id='word_1_230' title='bbox 821 2651 924 2705; x_wconf 90' lang='lat' dir='ltr'><strong>llenri-</strong></span> <span class='ocrx_word' id='word_1_231' title='bbox 944 2650 1117 2723; x_wconf 87' lang='lat' dir='ltr'><strong>Bobsequio</strong></span> <span class='ocrx_word' id='word_1_232' title='bbox 1141 2651 1318 2722; x_wconf 90' lang='lat' dir='ltr'><strong>mancipatos</strong></span> <span class='ocrx_word' id='word_1_233' title='bbox 1342 2669 1399 2707; x_wconf 94' lang='lat' dir='ltr'><strong>non</strong></span> <span class='ocrx_word' id='word_1_234' title='bbox 1427 2652 1514 2707; x_wconf 90' lang='lat' dir='ltr'><strong>modo</strong></span> <span class='ocrx_word' id='word_1_235' title='bbox 1536 2669 1588 2707; x_wconf 92' lang='lat' dir='ltr'><strong>sua</strong></span> <span class='ocrx_word' id='word_1_236' title='bbox 1611 2654 1779 2709; x_wconf 88' lang='lat' dir='ltr'><strong>auctoritate</strong></span> <span class='ocrx_word' id='word_1_237' title='bbox 1803 2659 1832 2708; x_wconf 91' lang='lat' dir='ltr'><strong>et</strong></span> 
     </span>
     <span class='ocr_line' id='line_1_22' title="bbox 68 2738 1831 2813; baseline -0.001 -18"><span class='ocrx_word' id='word_1_238' title='bbox 68 2759 134 2797; x_wconf 87' lang='lat' dir='ltr'><strong>eum</strong></span> <span class='ocrx_word' id='word_1_239' title='bbox 150 2740 736 2813; x_wconf 85' lang='lat' dir='ltr'><strong>scilicetimperatoremetCunegundeni</strong></span> <span class='ocrx_word' id='word_1_240' title='bbox 752 2743 920 2810; x_wconf 82' lang='lat' dir='ltr'><strong>Augustam,</strong></span> <span class='ocrx_word' id='word_1_241' title='bbox 977 2738 1156 2811; x_wconf 89' lang='lat' dir='ltr'><strong>protectione</strong></span> <span class='ocrx_word' id='word_1_242' title='bbox 1188 2739 1308 2806; x_wconf 82' lang='lat' dir='ltr'><strong>foveret,</strong></span> <span class='ocrx_word' id='word_1_243' title='bbox 1334 2741 1384 2795; x_wconf 88' lang='lat' dir='ltr'><strong>sod</strong></span> <span class='ocrx_word' id='word_1_244' title='bbox 1412 2742 1501 2797; x_wconf 88' lang='lat' dir='ltr'><strong>eliam</strong></span> <span class='ocrx_word' id='word_1_245' title='bbox 1533 2747 1565 2796; x_wconf 93' lang='lat' dir='ltr'><strong>ut</strong></span> <span class='ocrx_word' id='word_1_246' title='bbox 1589 2741 1671 2796; x_wconf 90' lang='lat' dir='ltr'><strong>bonis</strong></span> <span class='ocrx_word' id='word_1_247' title='bbox 1698 2741 1831 2799; x_wconf 91' lang='lat' dir='ltr'><strong>omuibus</strong></span> 
     </span>
     <span class='ocr_line' id='line_1_23' title="bbox 68 2826 1828 2902; baseline 0 -18"><span class='ocrx_word' id='word_1_248' title='bbox 68 2831 129 2901; x_wconf 87' lang='lat' dir='ltr'><strong>ejus</strong></span> <span class='ocrx_word' id='word_1_249' title='bbox 143 2846 276 2896; x_wconf 82' lang='lat' dir='ltr'><strong>uxorem,</strong></span> <span class='ocrx_word' id='word_1_250' title='bbox 288 2829 390 2885; x_wconf 74' lang='lat' dir='ltr'><strong>mento</strong></span> <span class='ocrx_word' id='word_1_251' title='bbox 404 2829 459 2883; x_wconf 90' lang='lat' dir='ltr'><strong>sibi</strong></span> <span class='ocrx_word' id='word_1_252' title='bbox 473 2829 597 2883; x_wconf 86' lang='lat' dir='ltr'><strong>vindicat</strong></span> <span class='ocrx_word' id='word_1_253' title='bbox 612 2827 683 2882; x_wconf 90' lang='lat' dir='ltr'><strong>ordo</strong></span> <span class='ocrx_word' id='word_1_254' title='bbox 702 2827 919 2883; x_wconf 82' lang='lat' dir='ltr'><strong>Benedictinus:</strong></span> <span class='ocrx_word' id='word_1_255' title='bbox 975 2826 1127 2883; x_wconf 86' lang='lat' dir='ltr'><strong>affluenter</strong></span> <span class='ocrx_word' id='word_1_256' title='bbox 1153 2829 1264 2884; x_wconf 88' lang='lat' dir='ltr'><strong>dolaret</strong></span> <span class='ocrx_word' id='word_1_257' title='bbox 1279 2846 1287 2897; x_wconf 86' lang='grc'><strong>;</strong></span> <span class='ocrx_word' id='word_1_258' title='bbox 1307 2845 1364 2901; x_wconf 90' lang='lat' dir='ltr'><strong>qua</strong></span> <span class='ocrx_word' id='word_1_259' title='bbox 1379 2829 1410 2884; x_wconf 90' lang='lat' dir='ltr'><strong>in</strong></span> <span class='ocrx_word' id='word_1_260' title='bbox 1437 2846 1466 2884; x_wconf 87' lang='lat' dir='ltr'><strong>re</strong></span> <span class='ocrx_word' id='word_1_261' title='bbox 1483 2830 1690 2902; x_wconf 77' lang='lat' dir='ltr'><strong>cunegundem</strong></span> <span class='ocrx_word' id='word_1_262' title='bbox 1721 2830 1828 2886; x_wconf 89' lang='lat' dir='ltr'><strong>nedum</strong></span> 
     </span>
     <span class='ocr_line' id='line_1_24' title="bbox 68 2915 1831 2992; baseline 0.001 -21"><span class='ocrx_word' id='word_1_263' title='bbox 68 2935 195 2992; x_wconf 70' lang='lat' dir='ltr'><strong>quierem</strong></span> <span class='ocrx_word' id='word_1_264' title='bbox 210 2918 270 2985; x_wconf 88' lang='lat' dir='ltr'><strong>ille,</strong></span> <span class='ocrx_word' id='word_1_265' title='bbox 298 2917 461 2974; x_wconf 89' lang='lat' dir='ltr'><strong>obedientia</strong></span> <span class='ocrx_word' id='word_1_266' title='bbox 483 2931 571 2989; x_wconf 87' lang='lat' dir='ltr'><strong>qoam</strong></span> <span class='ocrx_word' id='word_1_267' title='bbox 587 2916 693 2987; x_wconf 74' lang='lat' dir='ltr'><strong>regulae</strong></span> <span class='ocrx_word' id='word_1_268' title='bbox 708 2921 823 2970; x_wconf 81' lang='lat' dir='ltr'><strong>voraret</strong></span> <span class='ocrx_word' id='word_1_269' title='bbox 838 2916 922 2970; x_wconf 91' lang='lat' dir='ltr'><strong>astri·</strong></span> <span class='ocrx_word' id='word_1_270' title='bbox 976 2915 1157 2985; x_wconf 88' lang='lat' dir='ltr'><strong>adjutricem,</strong></span> <span class='ocrx_word' id='word_1_271' title='bbox 1174 2916 1222 2971; x_wconf 89' lang='lat' dir='ltr'><strong>sed</strong></span> <span class='ocrx_word' id='word_1_272' title='bbox 1235 2922 1263 2971; x_wconf 90' lang='lat' dir='ltr'><strong>et</strong></span> <span class='ocrx_word' id='word_1_273' title='bbox 1286 2917 1472 2971; x_wconf 89' lang='lat' dir='ltr'><strong>incitatricem</strong></span> <span class='ocrx_word' id='word_1_274' title='bbox 1502 2917 1636 2986; x_wconf 89' lang='lat' dir='ltr'><strong>babebat,</strong></span> <span class='ocrx_word' id='word_1_275' title='bbox 1654 2922 1750 2990; x_wconf 82' lang='lat' dir='ltr'><strong>utpote</strong></span> <span class='ocrx_word' id='word_1_276' title='bbox 1765 2934 1831 2989; x_wconf 83' lang='lat' dir='ltr'><strong>quae</strong></span> 
     </span>
     <span class='ocr_line' id='line_1_25' title="bbox 68 3003 1857 3078; baseline -0.001 -15"><span class='ocrx_word' id='word_1_277' title='bbox 68 3013 139 3075; x_wconf 86' lang='lat' dir='ltr'><strong>etus,</strong></span> <span class='ocrx_word' id='word_1_278' title='bbox 167 3009 199 3062; x_wconf 91' lang='lat' dir='ltr'><strong>in</strong></span> <span class='ocrx_word' id='word_1_279' title='bbox 230 3007 335 3062; x_wconf 78' lang='lat' dir='ltr'><strong>saeculo</strong></span> <span class='ocrx_word' id='word_1_280' title='bbox 363 3021 538 3073; x_wconf 87' lang='lat' dir='ltr'><strong>remanens;</strong></span> <span class='ocrx_word' id='word_1_281' title='bbox 561 3005 650 3059; x_wconf 90' lang='lat' dir='ltr'><strong>altera</strong></span> <span class='ocrx_word' id='word_1_282' title='bbox 673 3021 741 3059; x_wconf 84' lang='lat' dir='ltr'><strong>vero</strong></span> <span class='ocrx_word' id='word_1_283' title='bbox 776 3008 842 3075; x_wconf 90' lang='lat' dir='ltr'><strong>post</strong></span> <span class='ocrx_word' id='word_1_284' title='bbox 867 3003 921 3057; x_wconf 88' lang='lat' dir='ltr'><strong>viri</strong></span> <span class='ocrx_word' id='word_1_285' title='bbox 977 3020 1035 3059; x_wconf 89' lang='lat' dir='ltr'><strong>non</strong></span> <span class='ocrx_word' id='word_1_286' title='bbox 1046 3004 1151 3061; x_wconf 90' lang='lat' dir='ltr'><strong>minori</strong></span> <span class='ocrx_word' id='word_1_287' title='bbox 1166 3005 1260 3060; x_wconf 91' lang='lat' dir='ltr'><strong>studio</strong></span> <span class='ocrx_word' id='word_1_288' title='bbox 1275 3021 1307 3060; x_wconf 90' lang='lat' dir='ltr'><strong>ac</strong></span> <span class='ocrx_word' id='word_1_289' title='bbox 1326 3004 1416 3076; x_wconf 91' lang='lat' dir='ltr'><strong>ipsius</strong></span> <span class='ocrx_word' id='word_1_290' title='bbox 1434 3006 1538 3077; x_wconf 84' lang='lat' dir='ltr'><strong>conjux</strong></span> <span class='ocrx_word' id='word_1_291' title='bbox 1561 3006 1596 3061; x_wconf 94' lang='lat' dir='ltr'><strong>ad</strong></span> <span class='ocrx_word' id='word_1_292' title='bbox 1609 3022 1644 3062; x_wconf 90' lang='lat' dir='ltr'><strong>ea</strong></span> <span class='ocrx_word' id='word_1_293' title='bbox 1658 3022 1723 3078; x_wconf 79' lang='lat' dir='ltr'><strong>qua</strong></span> <span class='ocrx_word' id='word_1_294' title='bbox 1738 3007 1830 3062; x_wconf 86' lang='lat' dir='ltr'><strong>ileum</strong></span> <span class='ocrx_word' id='word_1_295' title='bbox 1855 3044 1857 3048; x_wconf 91' lang='lat'>-</span> 
     </span>
     <span class='ocr_line' id='line_1_26' title="bbox 68 3092 1829 3167; baseline -0.001 -14"><span class='ocrx_word' id='word_1_296' title='bbox 68 3099 191 3163; x_wconf 89' lang='lat' dir='ltr'><strong>obitum,</strong></span> <span class='ocrx_word' id='word_1_297' title='bbox 214 3101 346 3167; x_wconf 88' lang='lat' dir='ltr'><strong>suscepto</strong></span> <span class='ocrx_word' id='word_1_298' title='bbox 370 3094 528 3150; x_wconf 89' lang='lat' dir='ltr'><strong>monastico</strong></span> <span class='ocrx_word' id='word_1_299' title='bbox 559 3094 670 3159; x_wconf 91' lang='lat' dir='ltr'><strong>habitu,</strong></span> <span class='ocrx_word' id='word_1_300' title='bbox 699 3109 732 3147; x_wconf 91' lang='lat' dir='ltr'><strong>ac</strong></span> <span class='ocrx_word' id='word_1_301' title='bbox 760 3092 791 3147; x_wconf 89' lang='lat' dir='ltr'><strong>in</strong></span> <span class='ocrx_word' id='word_1_302' title='bbox 825 3097 920 3147; x_wconf 89' lang='lat' dir='ltr'><strong>sancte</strong></span> <span class='ocrx_word' id='word_1_303' title='bbox 975 3093 1152 3166; x_wconf 89' lang='lat' dir='ltr'><strong>spectabant,</strong></span> <span class='ocrx_word' id='word_1_304' title='bbox 1176 3093 1308 3149; x_wconf 85' lang='lat' dir='ltr'><strong>terretur.</strong></span> <span class='ocrx_word' id='word_1_305' title='bbox 1326 3092 1396 3148; x_wconf 91' lang='lat' dir='ltr'><strong>lliuc</strong></span> <span class='ocrx_word' id='word_1_306' title='bbox 1423 3093 1605 3165; x_wconf 83' lang='lat' dir='ltr'><strong>episcopatus</strong></span> <span class='ocrx_word' id='word_1_307' title='bbox 1621 3101 1672 3150; x_wconf 91' lang='lat' dir='ltr'><strong>aut</strong></span> <span class='ocrx_word' id='word_1_308' title='bbox 1695 3094 1730 3150; x_wconf 88' lang='lat' dir='ltr'><strong>de</strong></span> <span class='ocrx_word' id='word_1_309' title='bbox 1754 3111 1829 3151; x_wconf 86' lang='lat' dir='ltr'><strong>noro</strong></span> 
     </span>
     <span class='ocr_line' id='line_1_27' title="bbox 65 3180 1830 3255; baseline -0.002 -14"><span class='ocrx_word' id='word_1_310' title='bbox 65 3182 516 3251; x_wconf 82' lang='lat' dir='ltr'><strong>conversationeinmonasterio</strong></span> <span class='ocrx_word' id='word_1_311' title='bbox 541 3181 736 3253; x_wconf 76' lang='lat' dir='ltr'><strong>Confugiensi,</strong></span> <span class='ocrx_word' id='word_1_312' title='bbox 761 3180 838 3252; x_wconf 90' lang='lat' dir='ltr'><strong>quod</strong></span> <span class='ocrx_word' id='word_1_313' title='bbox 861 3182 920 3250; x_wconf 89' lang='lat' dir='ltr'><strong>ipsa</strong></span> <span class='ocrx_word' id='word_1_314' title='bbox 975 3184 1074 3251; x_wconf 91' lang='lat' dir='ltr'><strong>erecti,</strong></span> <span class='ocrx_word' id='word_1_315' title='bbox 1089 3181 1287 3248; x_wconf 90' lang='lat' dir='ltr'><strong>autrestituti,</strong></span> <span class='ocrx_word' id='word_1_316' title='bbox 1316 3186 1366 3237; x_wconf 92' lang='lat' dir='ltr'><strong>aut</strong></span> <span class='ocrx_word' id='word_1_317' title='bbox 1395 3189 1471 3237; x_wconf 89' lang='lat' dir='ltr'><strong>certe</strong></span> <span class='ocrx_word' id='word_1_318' title='bbox 1500 3183 1580 3238; x_wconf 84' lang='lat' dir='ltr'><strong>novis</strong></span> <span class='ocrx_word' id='word_1_319' title='bbox 1599 3183 1830 3255; x_wconf 88' lang='lat' dir='ltr'><strong>possessionibus</strong></span> 
     </span>
     <span class='ocr_line' id='line_1_28' title="bbox 10 3267 1831 3342; baseline -0.001 -14"><span class='ocrx_word' id='word_1_320' title='bbox 10 3302 12 3309; x_wconf 87' lang='grc'><strong><em>·</em></strong></span> <span class='ocrx_word' id='word_1_321' title='bbox 66 3273 301 3330; x_wconf 86' lang='lat' dir='ltr'><strong>alandamentis</strong></span> <span class='ocrx_word' id='word_1_322' title='bbox 324 3277 463 3338; x_wconf 86' lang='lat' dir='ltr'><strong>erexerat,</strong></span> <span class='ocrx_word' id='word_1_323' title='bbox 491 3270 580 3325; x_wconf 82' lang='lat' dir='ltr'><strong>vitam</strong></span> <span class='ocrx_word' id='word_1_324' title='bbox 605 3269 721 3336; x_wconf 91' lang='lat' dir='ltr'><strong>liniens,</strong></span> <span class='ocrx_word' id='word_1_325' title='bbox 739 3267 814 3323; x_wconf 88' lang='lat' dir='ltr'><strong>iuter</strong></span> <span class='ocrx_word' id='word_1_326' title='bbox 830 3267 921 3323; x_wconf 89' lang='lat' dir='ltr'><strong>sancti</strong></span> <span class='ocrx_word' id='word_1_327' title='bbox 975 3271 1078 3326; x_wconf 89' lang='lat' dir='ltr'><strong>abillis</strong></span> <span class='ocrx_word' id='word_1_328' title='bbox 1098 3270 1212 3326; x_wconf 89' lang='lat' dir='ltr'><strong>adaucti</strong></span> <span class='ocrx_word' id='word_1_329' title='bbox 1236 3269 1344 3342; x_wconf 88' lang='lat' dir='ltr'><strong>passim</strong></span> <span class='ocrx_word' id='word_1_330' title='bbox 1365 3277 1573 3326; x_wconf 90' lang='lat' dir='ltr'><strong>memorantur.</strong></span> <span class='ocrx_word' id='word_1_331' title='bbox 1599 3271 1715 3327; x_wconf 87' lang='lat' dir='ltr'><strong>Nullum</strong></span> <span class='ocrx_word' id='word_1_332' title='bbox 1740 3273 1831 3327; x_wconf 81' lang='lat' dir='ltr'><strong>ferme</strong></span> 
     </span>
     <span class='ocr_line' id='line_1_29' title="bbox 66 3357 1830 3430; baseline -0.001 -13"><span class='ocrx_word' id='word_1_333' title='bbox 66 3363 159 3418; x_wconf 82' lang='lat' dir='ltr'><strong>Patris</strong></span> <span class='ocrx_word' id='word_1_334' title='bbox 188 3360 332 3417; x_wconf 85' lang='lat' dir='ltr'><strong>Benedicti</strong></span> <span class='ocrx_word' id='word_1_335' title='bbox 357 3361 490 3415; x_wconf 91' lang='lat' dir='ltr'><strong>alumnos</strong></span> <span class='ocrx_word' id='word_1_336' title='bbox 507 3359 608 3414; x_wconf 92' lang='lat' dir='ltr'><strong>merito</strong></span> <span class='ocrx_word' id='word_1_337' title='bbox 619 3357 780 3429; x_wconf 87' lang='lat' dir='ltr'><strong>computari</strong></span> <span class='ocrx_word' id='word_1_338' title='bbox 802 3357 917 3412; x_wconf 90' lang='lat' dir='ltr'><strong>debent.</strong></span> <span class='ocrx_word' id='word_1_339' title='bbox 973 3359 1083 3414; x_wconf 85' lang='lat' dir='ltr'><strong>luitbis</strong></span> <span class='ocrx_word' id='word_1_340' title='bbox 1102 3357 1281 3429; x_wconf 87' lang='lat' dir='ltr'><strong>temporibus</strong></span> <span class='ocrx_word' id='word_1_341' title='bbox 1294 3359 1323 3412; x_wconf 91' lang='lat' dir='ltr'><strong>iu</strong></span> <span class='ocrx_word' id='word_1_342' title='bbox 1338 3357 1461 3430; x_wconf 91' lang='lat' dir='ltr'><strong>imperio</strong></span> <span class='ocrx_word' id='word_1_343' title='bbox 1476 3361 1605 3414; x_wconf 85' lang='lat' dir='ltr'><strong>llomano</strong></span> <span class='ocrx_word' id='word_1_344' title='bbox 1621 3360 1830 3415; x_wconf 87' lang='lat' dir='ltr'><strong>monesterium</strong></span> 
     </span>
     <span class='ocr_line' id='line_1_30' title="bbox 10 3432 1826 3521; baseline -0.003 -13"><span class='ocrx_word' id='word_1_345' title='bbox 10 3432 12 3507; x_wconf 71' lang='grc' dir='ltr'><strong>Ῑ</strong></span> <span class='ocrx_word' id='word_1_346' title='bbox 86 3454 113 3507; x_wconf 79' lang='lat'><strong>2.</strong></span> <span class='ocrx_word' id='word_1_347' title='bbox 130 3453 224 3506; x_wconf 79' lang='lat' dir='ltr'><strong>Porro</strong></span> <span class='ocrx_word' id='word_1_348' title='bbox 239 3449 351 3504; x_wconf 86' lang='lat' dir='ltr'><strong>animus</strong></span> <span class='ocrx_word' id='word_1_349' title='bbox 380 3464 439 3503; x_wconf 92' lang='lat' dir='ltr'><strong>non</strong></span> <span class='ocrx_word' id='word_1_350' title='bbox 462 3452 506 3501; x_wconf 89' lang='lat' dir='ltr'><strong>est</strong></span> <span class='ocrx_word' id='word_1_351' title='bbox 528 3446 575 3501; x_wconf 89' lang='lat' dir='ltr'><strong>hie</strong></span> <span class='ocrx_word' id='word_1_352' title='bbox 603 3447 639 3500; x_wconf 95' lang='lat' dir='ltr'><strong>de</strong></span> <span class='ocrx_word' id='word_1_353' title='bbox 656 3445 806 3518; x_wconf 89' lang='lat' dir='ltr'><strong>utriusque</strong></span> <span class='ocrx_word' id='word_1_354' title='bbox 826 3445 920 3517; x_wconf 90' lang='lat' dir='ltr'><strong>majo·</strong></span> <span class='ocrx_word' id='word_1_355' title='bbox 974 3448 1052 3521; x_wconf 90' lang='lat' dir='ltr'><strong>quod</strong></span> <span class='ocrx_word' id='word_1_356' title='bbox 1065 3463 1167 3503; x_wconf 88' lang='lat' dir='ltr'><strong>eorum</strong></span> <span class='ocrx_word' id='word_1_357' title='bbox 1178 3446 1367 3502; x_wconf 85' lang='lat' dir='ltr'><strong>beneficentia</strong></span> <span class='ocrx_word' id='word_1_358' title='bbox 1381 3452 1431 3502; x_wconf 85' lang='lat' dir='ltr'><strong>aut</strong></span> <span class='ocrx_word' id='word_1_359' title='bbox 1444 3453 1640 3503; x_wconf 89' lang='lat' dir='ltr'><strong>restauratum</strong></span> <span class='ocrx_word' id='word_1_360' title='bbox 1655 3464 1713 3503; x_wconf 90' lang='lat' dir='ltr'><strong>non</strong></span> <span class='ocrx_word' id='word_1_361' title='bbox 1728 3449 1826 3516; x_wconf 83' lang='lat' dir='ltr'><strong>luerit,</strong></span> 
     </span>
    </p>
   </div>
   <div class='ocr_carea' id='block_1_8' title="bbox 64 3533 1931 3607">
    <p class='ocr_par' dir='ltr' id='par_1_12' title="bbox 64 3533 1931 3607">
     <span class='ocr_line' id='line_1_31' title="bbox 64 3533 1931 3607; baseline -0.004 -12"><span class='ocrx_word' id='word_1_362' title='bbox 64 3540 145 3595; x_wconf 86' lang='lat' dir='ltr'><strong>ribus</strong></span> <span class='ocrx_word' id='word_1_363' title='bbox 162 3555 196 3593; x_wconf 90' lang='lat' dir='ltr'><strong>ac</strong></span> <span class='ocrx_word' id='word_1_364' title='bbox 210 3538 384 3593; x_wconf 77' lang='lat' dir='ltr'><strong>familiarum</strong></span> <span class='ocrx_word' id='word_1_365' title='bbox 399 3535 570 3607; x_wconf 87' lang='lat' dir='ltr'><strong>antiquitate</strong></span> <span class='ocrx_word' id='word_1_366' title='bbox 591 3537 641 3589; x_wconf 92' lang='lat' dir='ltr'><strong>aut</strong></span> <span class='ocrx_word' id='word_1_367' title='bbox 655 3534 805 3589; x_wconf 82' lang='lat' dir='ltr'><strong>nobilitate</strong></span> <span class='ocrx_word' id='word_1_368' title='bbox 829 3533 920 3588; x_wconf 87' lang='lat' dir='ltr'><strong>disse·</strong></span> <span class='ocrx_word' id='word_1_369' title='bbox 974 3542 1025 3592; x_wconf 89' lang='lat' dir='ltr'><strong>ant</strong></span> <span class='ocrx_word' id='word_1_370' title='bbox 1039 3535 1069 3591; x_wconf 91' lang='lat' dir='ltr'><strong>in</strong></span> <span class='ocrx_word' id='word_1_371' title='bbox 1084 3536 1142 3592; x_wconf 83' lang='lat' dir='ltr'><strong>suis</strong></span> <span class='ocrx_word' id='word_1_372' title='bbox 1157 3534 1387 3607; x_wconf 88' lang='lat' dir='ltr'><strong>possessionibus</strong></span> <span class='ocrx_word' id='word_1_373' title='bbox 1408 3536 1611 3592; x_wconf 91' lang='lat' dir='ltr'><strong>conlirmatum</strong></span> <span class='ocrx_word' id='word_1_374' title='bbox 1641 3540 1670 3591; x_wconf 93' lang='lat' dir='ltr'><strong>et</strong></span> <span class='ocrx_word' id='word_1_375' title='bbox 1685 3537 1764 3592; x_wconf 83' lang='lat' dir='ltr'><strong>novis</strong></span> <span class='ocrx_word' id='word_1_376' title='bbox 1779 3552 1829 3591; x_wconf 91' lang='lat' dir='ltr'><strong>cu·</strong></span> <span class='ocrx_word' id='word_1_377' title='bbox 1925 3578 1931 3587; x_wconf 89' lang='grc'><em>,</em></span> 
     </span>
    </p>
   </div>
   <div class='ocr_carea' id='block_1_9' title="bbox 59 3621 1830 5554">
    <p class='ocr_par' dir='ltr' id='par_1_13' title="bbox 59 3621 1830 5554">
     <span class='ocr_line' id='line_1_32' title="bbox 63 3621 1830 3697; baseline -0.002 -13"><span class='ocrx_word' id='word_1_378' title='bbox 63 3645 141 3695; x_wconf 83' lang='lat' dir='ltr'><strong>rere3</strong></span> <span class='ocrx_word' id='word_1_379' title='bbox 159 3643 215 3683; x_wconf 85' lang='lat' dir='ltr'><strong>neo</strong></span> <span class='ocrx_word' id='word_1_380' title='bbox 232 3625 317 3681; x_wconf 89' lang='lat' dir='ltr'><strong>etiam</strong></span> <span class='ocrx_word' id='word_1_381' title='bbox 334 3641 379 3680; x_wconf 87' lang='lat' dir='ltr'><strong>res</strong></span> <span class='ocrx_word' id='word_1_382' title='bbox 406 3626 535 3696; x_wconf 87' lang='lat' dir='ltr'><strong>ipsorum</strong></span> <span class='ocrx_word' id='word_1_383' title='bbox 563 3623 593 3677; x_wconf 91' lang='lat' dir='ltr'><strong>in</strong></span> <span class='ocrx_word' id='word_1_384' title='bbox 621 3621 786 3694; x_wconf 76' lang='lat' dir='ltr'><strong>reipublicae</strong></span> <span class='ocrx_word' id='word_1_385' title='bbox 801 3621 920 3676; x_wconf 91' lang='lat' dir='ltr'><strong>admini·</strong></span> <span class='ocrx_word' id='word_1_386' title='bbox 974 3626 1125 3680; x_wconf 85' lang='lat' dir='ltr'><strong>mrrlatum.</strong></span> <span class='ocrx_word' id='word_1_387' title='bbox 1148 3623 1428 3679; x_wconf 86' lang='lat' dir='ltr'><strong>Enituitsaneinter</strong></span> <span class='ocrx_word' id='word_1_388' title='bbox 1452 3625 1592 3696; x_wconf 81' lang='lat' dir='ltr'><strong>praeclara</strong></span> <span class='ocrx_word' id='word_1_389' title='bbox 1616 3640 1718 3680; x_wconf 90' lang='lat' dir='ltr'><strong>eorum</strong></span> <span class='ocrx_word' id='word_1_390' title='bbox 1741 3641 1830 3697; x_wconf 89' lang='lat' dir='ltr'><strong>opera</strong></span> 
     </span>
     <span class='ocr_line' id='line_1_33' title="bbox 61 3711 1827 3786; baseline -0.002 -14"><span class='ocrx_word' id='word_1_391' title='bbox 61 3717 203 3772; x_wconf 87' lang='lat' dir='ltr'><strong>stratione</strong></span> <span class='ocrx_word' id='word_1_392' title='bbox 233 3713 346 3786; x_wconf 87' lang='lat' dir='ltr'><strong>egregie</strong></span> <span class='ocrx_word' id='word_1_393' title='bbox 368 3719 462 3784; x_wconf 89' lang='lat' dir='ltr'><strong>gestas</strong></span> <span class='ocrx_word' id='word_1_394' title='bbox 485 3711 576 3767; x_wconf 79' lang='lat' dir='ltr'><strong>fusius</strong></span> <span class='ocrx_word' id='word_1_395' title='bbox 594 3726 736 3782; x_wconf 79' lang='lat' dir='ltr'><strong>exponere</strong></span> <span class='ocrx_word' id='word_1_396' title='bbox 755 3714 843 3765; x_wconf 85' lang='lat' dir='ltr'><strong>vacat.</strong></span> <span class='ocrx_word' id='word_1_397' title='bbox 861 3711 918 3765; x_wconf 87' lang='lat' dir='ltr'><strong>llcc</strong></span> <span class='ocrx_word' id='word_1_398' title='bbox 974 3711 1246 3780; x_wconf 79' lang='lat' dir='ltr'><strong>Bambenbergensis</strong></span> <span class='ocrx_word' id='word_1_399' title='bbox 1272 3712 1452 3783; x_wconf 88' lang='lat' dir='ltr'><strong>episcopatus</strong></span> <span class='ocrx_word' id='word_1_400' title='bbox 1478 3713 1595 3779; x_wconf 88' lang='lat' dir='ltr'><strong>erectio,</strong></span> <span class='ocrx_word' id='word_1_401' title='bbox 1624 3729 1676 3784; x_wconf 90' lang='lat' dir='ltr'><strong>pro</strong></span> <span class='ocrx_word' id='word_1_402' title='bbox 1709 3728 1767 3785; x_wconf 90' lang='lat' dir='ltr'><strong>qua</strong></span> <span class='ocrx_word' id='word_1_403' title='bbox 1797 3730 1827 3769; x_wconf 90' lang='lat' dir='ltr'><strong>re</strong></span> 
     </span>
     <span class='ocr_line' id='line_1_34' title="bbox 59 3798 1829 3876; baseline -0.002 -16"><span class='ocrx_word' id='word_1_404' title='bbox 59 3821 169 3876; x_wconf 88' lang='lat' dir='ltr'><strong>nempe</strong></span> <span class='ocrx_word' id='word_1_405' title='bbox 185 3804 222 3859; x_wconf 89' lang='lat' dir='ltr'><strong>ad</strong></span> <span class='ocrx_word' id='word_1_406' title='bbox 235 3819 285 3858; x_wconf 89' lang='lat' dir='ltr'><strong>eos</strong></span> <span class='ocrx_word' id='word_1_407' title='bbox 305 3802 356 3873; x_wconf 88' lang='lat' dir='ltr'><strong>qui</strong></span> <span class='ocrx_word' id='word_1_408' title='bbox 374 3800 496 3857; x_wconf 74' lang='lat' dir='ltr'><strong>Rotnani</strong></span> <span class='ocrx_word' id='word_1_409' title='bbox 510 3799 624 3871; x_wconf 87' lang='lat' dir='ltr'><strong>imperii</strong></span> <span class='ocrx_word' id='word_1_410' title='bbox 639 3799 793 3854; x_wconf 90' lang='lat' dir='ltr'><strong>annalibus</strong></span> <span class='ocrx_word' id='word_1_411' title='bbox 808 3798 918 3854; x_wconf 90' lang='lat' dir='ltr'><strong>descri-</strong></span> <span class='ocrx_word' id='word_1_412' title='bbox 973 3815 1025 3853; x_wconf 88' lang='lat' dir='ltr'><strong>nec</strong></span> <span class='ocrx_word' id='word_1_413' title='bbox 1039 3799 1200 3870; x_wconf 86' lang='lat' dir='ltr'><strong>sumptibus</strong></span> <span class='ocrx_word' id='word_1_414' title='bbox 1213 3805 1412 3871; x_wconf 84' lang='lat' dir='ltr'><strong>pepercerunt,</strong></span> <span class='ocrx_word' id='word_1_415' title='bbox 1439 3815 1493 3854; x_wconf 87' lang='lat' dir='ltr'><strong>nce</strong></span> <span class='ocrx_word' id='word_1_416' title='bbox 1513 3800 1668 3864; x_wconf 88' lang='lat' dir='ltr'><strong>laboribus,</strong></span> <span class='ocrx_word' id='word_1_417' title='bbox 1694 3801 1745 3872; x_wconf 86' lang='lat' dir='ltr'><strong>qui</strong></span> <span class='ocrx_word' id='word_1_418' title='bbox 1760 3817 1829 3856; x_wconf 89' lang='lat' dir='ltr'><strong>saue</strong></span> 
     </span>
     <span class='ocr_line' id='line_1_35' title="bbox 61 3887 1828 3987; baseline -0.003 -38"><span class='ocrx_word' id='word_1_419' title='bbox 61 3894 167 3949; x_wconf 59' lang='lat' dir='ltr'><strong>undu</strong></span> <span class='ocrx_word' id='word_1_420' title='bbox 180 3891 351 3947; x_wconf 85' lang='lat' dir='ltr'><strong>incumbunt</strong></span> <span class='ocrx_word' id='word_1_421' title='bbox 364 3890 496 3961; x_wconf 90' lang='lat' dir='ltr'><strong>pertinet,</strong></span> <span class='ocrx_word' id='word_1_422' title='bbox 512 3887 588 3960; x_wconf 92' lang='lat' dir='ltr'><strong>quod</strong></span> <span class='ocrx_word' id='word_1_423' title='bbox 596 3888 656 3958; x_wconf 79' lang='lat' dir='ltr'><strong>jam</strong></span> <span class='ocrx_word' id='word_1_424' title='bbox 671 3887 792 3942; x_wconf 92' lang='lat' dir='ltr'><strong>amultis</strong></span> <span class='ocrx_word' id='word_1_425' title='bbox 804 3887 917 3943; x_wconf 90' lang='lat' dir='ltr'><strong>abunde</strong></span> <span class='ocrx_word' id='word_1_426' title='bbox 936 3931 957 3987; x_wconf 70' lang='lat' dir='ltr'><strong>c</strong></span> <span class='ocrx_word' id='word_1_427' title='bbox 971 3888 1057 3942; x_wconf 91' lang='lat' dir='ltr'><strong>multi</strong></span> <span class='ocrx_word' id='word_1_428' title='bbox 1079 3888 1206 3954; x_wconf 83' lang='lat' dir='ltr'><strong>luerunt,</strong></span> <span class='ocrx_word' id='word_1_429' title='bbox 1229 3893 1291 3942; x_wconf 91' lang='lat' dir='ltr'><strong>tum</strong></span> <span class='ocrx_word' id='word_1_430' title='bbox 1310 3906 1326 3942; x_wconf 89' lang='lat' dir='ltr'><strong>u</strong></span> <span class='ocrx_word' id='word_1_431' title='bbox 1350 3888 1579 3958; x_wconf 81' lang='lat' dir='ltr'><strong>wirceburgensi</strong></span> <span class='ocrx_word' id='word_1_432' title='bbox 1605 3888 1751 3960; x_wconf 89' lang='lat' dir='ltr'><strong>episeopo,</strong></span> <span class='ocrx_word' id='word_1_433' title='bbox 1778 3889 1828 3961; x_wconf 86' lang='lat' dir='ltr'><strong>qui</strong></span> 
     </span>
     <span class='ocr_line' id='line_1_36' title="bbox 62 3975 1828 4053; baseline -0.002 -18"><span class='ocrx_word' id='word_1_434' title='bbox 62 3981 227 4053; x_wconf 75' lang='lat' dir='ltr'><strong>praestitum</strong></span> <span class='ocrx_word' id='word_1_435' title='bbox 241 3984 294 4034; x_wconf 90' lang='lat' dir='ltr'><strong>est.</strong></span> <span class='ocrx_word' id='word_1_436' title='bbox 310 3978 395 4034; x_wconf 83' lang='lat' dir='ltr'><strong>Nobis</strong></span> <span class='ocrx_word' id='word_1_437' title='bbox 405 3977 502 4047; x_wconf 85' lang='lat' dir='ltr'><strong>itaque</strong></span> <span class='ocrx_word' id='word_1_438' title='bbox 516 3976 583 4030; x_wconf 89' lang='lat' dir='ltr'><strong>satis</strong></span> <span class='ocrx_word' id='word_1_439' title='bbox 613 3975 668 4029; x_wconf 88' lang='lat' dir='ltr'><strong>erit</strong></span> <span class='ocrx_word' id='word_1_440' title='bbox 691 3991 917 4031; x_wconf 88' lang='lat' dir='ltr'><strong>commemorare</strong></span> <span class='ocrx_word' id='word_1_441' title='bbox 972 3991 1048 4047; x_wconf 75' lang='lat' dir='ltr'><strong>agre</strong></span> <span class='ocrx_word' id='word_1_442' title='bbox 1064 3976 1181 4042; x_wconf 85' lang='lat' dir='ltr'><strong>larebat,</strong></span> <span class='ocrx_word' id='word_1_443' title='bbox 1196 3976 1326 4031; x_wconf 90' lang='lat' dir='ltr'><strong>dioecesis</strong></span> <span class='ocrx_word' id='word_1_444' title='bbox 1354 3992 1412 4031; x_wconf 85' lang='lat' dir='ltr'><strong>suae</strong></span> <span class='ocrx_word' id='word_1_445' title='bbox 1427 3983 1538 4046; x_wconf 89' lang='lat' dir='ltr'><strong>partem</strong></span> <span class='ocrx_word' id='word_1_446' title='bbox 1565 3976 1601 4032; x_wconf 90' lang='lat' dir='ltr'><strong>ab</strong></span> <span class='ocrx_word' id='word_1_447' title='bbox 1630 3976 1753 4032; x_wconf 87' lang='lat' dir='ltr'><strong>Ecclesia</strong></span> <span class='ocrx_word' id='word_1_448' title='bbox 1773 3976 1828 4032; x_wconf 89' lang='lat' dir='ltr'><strong>sibi</strong></span> 
     </span>
     <span class='ocr_line' id='line_1_37' title="bbox 61 4062 1825 4143; baseline -0.002 -21"><span class='ocrx_word' id='word_1_449' title='bbox 61 4085 95 4122; x_wconf 84' lang='lat' dir='ltr'><strong>ea</strong></span> <span class='ocrx_word' id='word_1_450' title='bbox 109 4067 325 4140; x_wconf 86' lang='lat' dir='ltr'><strong>quibusnoster</strong></span> <span class='ocrx_word' id='word_1_451' title='bbox 340 4065 410 4120; x_wconf 90' lang='lat' dir='ltr'><strong>ordo</strong></span> <span class='ocrx_word' id='word_1_452' title='bbox 432 4064 489 4136; x_wconf 91' lang='lat' dir='ltr'><strong>piis</strong></span> <span class='ocrx_word' id='word_1_453' title='bbox 503 4064 560 4118; x_wconf 89' lang='lat' dir='ltr'><strong>illis</strong></span> <span class='ocrx_word' id='word_1_454' title='bbox 582 4063 761 4134; x_wconf 90' lang='lat' dir='ltr'><strong>principibus</strong></span> <span class='ocrx_word' id='word_1_455' title='bbox 785 4063 917 4119; x_wconf 91' lang='lat' dir='ltr'><strong>astrictus</strong></span> <span class='ocrx_word' id='word_1_456' title='bbox 971 4064 1124 4119; x_wconf 88' lang='lat' dir='ltr'><strong>commissa</strong></span> <span class='ocrx_word' id='word_1_457' title='bbox 1132 4063 1240 4130; x_wconf 86' lang='lat' dir='ltr'><strong>divelli,</strong></span> <span class='ocrx_word' id='word_1_458' title='bbox 1256 4068 1317 4118; x_wconf 89' lang='lat' dir='ltr'><strong>turn</strong></span> <span class='ocrx_word' id='word_1_459' title='bbox 1330 4062 1365 4118; x_wconf 93' lang='lat' dir='ltr'><strong>ab</strong></span> <span class='ocrx_word' id='word_1_460' title='bbox 1381 4063 1451 4135; x_wconf 89' lang='lat' dir='ltr'><strong>ipsis</strong></span> <span class='ocrx_word' id='word_1_461' title='bbox 1480 4063 1539 4118; x_wconf 91' lang='lat' dir='ltr'><strong>suis</strong></span> <span class='ocrx_word' id='word_1_462' title='bbox 1561 4065 1825 4143; x_wconf 83' lang='lat' dir='ltr'><strong>consanguineiset</strong></span> 
     </span>
     <span class='ocr_line' id='line_1_38' title="bbox 63 4151 1824 4228; baseline -0.002 -17"><span class='ocrx_word' id='word_1_463' title='bbox 63 4164 116 4224; x_wconf 88' lang='lat' dir='ltr'><strong>est,</strong></span> <span class='ocrx_word' id='word_1_464' title='bbox 129 4157 271 4228; x_wconf 75' lang='lat' dir='ltr'><strong>praeclara</strong></span> <span class='ocrx_word' id='word_1_465' title='bbox 286 4155 391 4209; x_wconf 86' lang='lat' dir='ltr'><strong>scilicet</strong></span> <span class='ocrx_word' id='word_1_466' title='bbox 416 4158 444 4207; x_wconf 92' lang='lat' dir='ltr'><strong>et</strong></span> <span class='ocrx_word' id='word_1_467' title='bbox 462 4152 604 4207; x_wconf 87' lang='lat' dir='ltr'><strong>immensa</strong></span> <span class='ocrx_word' id='word_1_468' title='bbox 631 4151 768 4207; x_wconf 86' lang='lat' dir='ltr'><strong>beneficia</strong></span> <span class='ocrx_word' id='word_1_469' title='bbox 788 4168 853 4224; x_wconf 76' lang='lat' dir='ltr'><strong>quae</strong></span> <span class='ocrx_word' id='word_1_470' title='bbox 873 4168 917 4206; x_wconf 73' lang='lat' dir='ltr'><strong>on</strong></span> <span class='ocrx_word' id='word_1_471' title='bbox 971 4151 1163 4224; x_wconf 89' lang='lat' dir='ltr'><strong>principibus,</strong></span> <span class='ocrx_word' id='word_1_472' title='bbox 1174 4152 1225 4224; x_wconf 88' lang='lat' dir='ltr'><strong>qui</strong></span> <span class='ocrx_word' id='word_1_473' title='bbox 1239 4167 1272 4206; x_wconf 91' lang='lat' dir='ltr'><strong>ea</strong></span> <span class='ocrx_word' id='word_1_474' title='bbox 1287 4152 1393 4223; x_wconf 90' lang='lat' dir='ltr'><strong>specie,</strong></span> <span class='ocrx_word' id='word_1_475' title='bbox 1410 4152 1487 4224; x_wconf 90' lang='lat' dir='ltr'><strong>quod</strong></span> <span class='ocrx_word' id='word_1_476' title='bbox 1499 4153 1618 4208; x_wconf 76' lang='lat' dir='ltr'><strong>familiae</strong></span> <span class='ocrx_word' id='word_1_477' title='bbox 1631 4169 1690 4207; x_wconf 83' lang='lat' dir='ltr'><strong>sure</strong></span> <span class='ocrx_word' id='word_1_478' title='bbox 1702 4153 1780 4208; x_wconf 88' lang='lat' dir='ltr'><strong>bona</strong></span> <span class='ocrx_word' id='word_1_479' title='bbox 1790 4169 1824 4209; x_wconf 90' lang='lat' dir='ltr'><strong>eo</strong></span> 
     </span>
     <span class='ocr_line' id='line_1_39' title="bbox 62 4231 1823 4313; baseline -0.002 -13"><span class='ocrx_word' id='word_1_480' title='bbox 62 4245 121 4300; x_wconf 88' lang='lat' dir='ltr'><strong>dini</strong></span> <span class='ocrx_word' id='word_1_481' title='bbox 158 4243 343 4300; x_wconf 69' lang='lat' dir='ltr'><strong>benedictino</strong></span> <span class='ocrx_word' id='word_1_482' title='bbox 381 4243 564 4296; x_wconf 90' lang='lat' dir='ltr'><strong>contulerunt</strong></span> <span class='ocrx_word' id='word_1_483' title='bbox 584 4231 596 4308; x_wconf 71' lang='lat' dir='ltr'><strong>v;</strong></span> <span class='ocrx_word' id='word_1_484' title='bbox 625 4244 675 4295; x_wconf 90' lang='lat' dir='ltr'><strong>aut</strong></span> <span class='ocrx_word' id='word_1_485' title='bbox 698 4240 816 4312; x_wconf 85' lang='lat' dir='ltr'><strong>egregia</strong></span> <span class='ocrx_word' id='word_1_486' title='bbox 843 4242 917 4296; x_wconf 90' lang='lat' dir='ltr'><strong>lacta</strong></span> <span class='ocrx_word' id='word_1_487' title='bbox 971 4241 1284 4313; x_wconf 82' lang='lat' dir='ltr'><strong>pactodissiparentur,</strong></span> <span class='ocrx_word' id='word_1_488' title='bbox 1311 4241 1444 4295; x_wconf 88' lang='lat' dir='ltr'><strong>adversus</strong></span> <span class='ocrx_word' id='word_1_489' title='bbox 1464 4247 1595 4296; x_wconf 90' lang='lat' dir='ltr'><strong>sanctum</strong></span> <span class='ocrx_word' id='word_1_490' title='bbox 1618 4240 1823 4313; x_wconf 87' lang='lat' dir='ltr'><strong>imperatorem</strong></span> 
     </span>
     <span class='ocr_line' id='line_1_40' title="bbox 63 4327 1827 4405; baseline -0.002 -18"><span class='ocrx_word' id='word_1_491' title='bbox 63 4333 170 4405; x_wconf 85' lang='lat' dir='ltr'><strong>piaque</strong></span> <span class='ocrx_word' id='word_1_492' title='bbox 194 4347 284 4404; x_wconf 86' lang='lat' dir='ltr'><strong>opera</strong></span> <span class='ocrx_word' id='word_1_493' title='bbox 312 4330 416 4405; x_wconf 83' lang='lat' dir='ltr'><strong>quibus</strong></span> <span class='ocrx_word' id='word_1_494' title='bbox 439 4329 572 4385; x_wconf 88' lang='lat' dir='ltr'><strong>eumdem</strong></span> <span class='ocrx_word' id='word_1_495' title='bbox 596 4329 820 4385; x_wconf 86' lang='lat' dir='ltr'><strong>illustraverunt.</strong></span> <span class='ocrx_word' id='word_1_496' title='bbox 846 4329 917 4383; x_wconf 89' lang='lat' dir='ltr'><strong>llinc</strong></span> <span class='ocrx_word' id='word_1_497' title='bbox 972 4327 1155 4382; x_wconf 90' lang='lat' dir='ltr'><strong>rebellarunt.</strong></span> <span class='ocrx_word' id='word_1_498' title='bbox 1186 4328 1240 4383; x_wconf 89' lang='lat' dir='ltr'><strong>Sed</strong></span> <span class='ocrx_word' id='word_1_499' title='bbox 1275 4327 1336 4382; x_wconf 81' lang='lat' dir='ltr'><strong>bac</strong></span> <span class='ocrx_word' id='word_1_500' title='bbox 1363 4328 1462 4383; x_wconf 89' lang='lat' dir='ltr'><strong>omnia</strong></span> <span class='ocrx_word' id='word_1_501' title='bbox 1489 4328 1627 4383; x_wconf 80' lang='lat' dir='ltr'><strong>ilenricus</strong></span> <span class='ocrx_word' id='word_1_502' title='bbox 1667 4335 1696 4384; x_wconf 91' lang='lat' dir='ltr'><strong>et</strong></span> <span class='ocrx_word' id='word_1_503' title='bbox 1719 4328 1827 4400; x_wconf 88' lang='lat' dir='ltr'><strong>insigni</strong></span> 
     </span>
     <span class='ocr_line' id='line_1_41' title="bbox 62 4415 1828 4491; baseline -0.002 -15"><span class='ocrx_word' id='word_1_504' title='bbox 62 4422 137 4478; x_wconf 83' lang='lat' dir='ltr'><strong>beati</strong></span> <span class='ocrx_word' id='word_1_505' title='bbox 159 4420 275 4476; x_wconf 81' lang='lat' dir='ltr'><strong>ilenrici</strong></span> <span class='ocrx_word' id='word_1_506' title='bbox 299 4416 392 4475; x_wconf 80' lang='lat' dir='ltr'><strong>Vitam</strong></span> <span class='ocrx_word' id='word_1_507' title='bbox 415 4419 542 4491; x_wconf 88' lang='lat' dir='ltr'><strong>prolerre</strong></span> <span class='ocrx_word' id='word_1_508' title='bbox 567 4418 622 4473; x_wconf 89' lang='lat' dir='ltr'><strong>buc</strong></span> <span class='ocrx_word' id='word_1_509' title='bbox 645 4418 786 4487; x_wconf 88' lang='lat' dir='ltr'><strong>integram</strong></span> <span class='ocrx_word' id='word_1_510' title='bbox 823 4416 915 4471; x_wconf 89' lang='lat' dir='ltr'><strong>visum</strong></span> <span class='ocrx_word' id='word_1_511' title='bbox 972 4415 1209 4486; x_wconf 88' lang='lat' dir='ltr'><strong>magnanimitate</strong></span> <span class='ocrx_word' id='word_1_512' title='bbox 1224 4418 1254 4471; x_wconf 90' lang='lat' dir='ltr'><strong>et</strong></span> <span class='ocrx_word' id='word_1_513' title='bbox 1269 4415 1430 4470; x_wconf 89' lang='lat' dir='ltr'><strong>incredibili</strong></span> <span class='ocrx_word' id='word_1_514' title='bbox 1456 4415 1596 4487; x_wconf 88' lang='lat' dir='ltr'><strong>patientia</strong></span> <span class='ocrx_word' id='word_1_515' title='bbox 1621 4416 1689 4471; x_wconf 80' lang='lat' dir='ltr'><strong>vicit</strong></span> <span class='ocrx_word' id='word_1_516' title='bbox 1703 4422 1731 4471; x_wconf 92' lang='lat' dir='ltr'><strong>et</strong></span> <span class='ocrx_word' id='word_1_517' title='bbox 1746 4433 1828 4488; x_wconf 90' lang='lat' dir='ltr'><strong>supe-</strong></span> 
     </span>
     <span class='ocr_line' id='line_1_42' title="bbox 62 4502 1053 4579; baseline -0.009 -14"><span class='ocrx_word' id='word_1_518' title='bbox 62 4526 118 4565; x_wconf 87' lang='lat' dir='ltr'><strong>non</strong></span> <span class='ocrx_word' id='word_1_519' title='bbox 148 4515 193 4564; x_wconf 86' lang='lat' dir='ltr'><strong>est</strong></span> <span class='ocrx_word' id='word_1_520' title='bbox 221 4507 476 4579; x_wconf 82' lang='lat' dir='ltr'><strong>operaepretium,</strong></span> <span class='ocrx_word' id='word_1_521' title='bbox 501 4505 579 4577; x_wconf 89' lang='lat' dir='ltr'><strong>quod</strong></span> <span class='ocrx_word' id='word_1_522' title='bbox 614 4506 705 4560; x_wconf 92' lang='lat' dir='ltr'><strong>multa</strong></span> <span class='ocrx_word' id='word_1_523' title='bbox 732 4505 877 4559; x_wconf 89' lang='lat' dir='ltr'><strong>contineat</strong></span> <span class='ocrx_word' id='word_1_524' title='bbox 900 4515 939 4559; x_wconf 65' lang='lat' dir='ltr'><strong>a*</strong></span> <span class='ocrx_word' id='word_1_525' title='bbox 971 4502 1053 4557; x_wconf 81' lang='lat' dir='ltr'><strong>ravit.</strong></span> 
     </span>
     <span class='ocr_line' id='line_1_43' title="bbox 63 4590 1825 4668; baseline -0.004 -14"><span class='ocrx_word' id='word_1_526' title='bbox 63 4606 160 4654; x_wconf 88' lang='lat' dir='ltr'><strong>nostro</strong></span> <span class='ocrx_word' id='word_1_527' title='bbox 184 4598 318 4652; x_wconf 89' lang='lat' dir='ltr'><strong>instituto</strong></span> <span class='ocrx_word' id='word_1_528' title='bbox 334 4611 451 4668; x_wconf 90' lang='lat' dir='ltr'><strong>prorsus</strong></span> <span class='ocrx_word' id='word_1_529' title='bbox 465 4595 570 4649; x_wconf 87' lang='lat' dir='ltr'><strong>aliena.</strong></span> <span class='ocrx_word' id='word_1_530' title='bbox 592 4594 702 4649; x_wconf 75' lang='lat' dir='ltr'><strong>Sanctae</strong></span> <span class='ocrx_word' id='word_1_531' title='bbox 732 4609 799 4648; x_wconf 78' lang='lat' dir='ltr'><strong>vero</strong></span> <span class='ocrx_word' id='word_1_532' title='bbox 826 4593 916 4664; x_wconf 89' lang='lat' dir='ltr'><strong>ipsius</strong></span> <span class='ocrx_word' id='word_1_533' title='bbox 1006 4591 1031 4645; x_wconf 74' lang='lat' dir='ltr'><strong>l.</strong></span> <span class='ocrx_word' id='word_1_534' title='bbox 1047 4591 1151 4645; x_wconf 83' lang='lat' dir='ltr'><strong>Verum</strong></span> <span class='ocrx_word' id='word_1_535' title='bbox 1167 4607 1202 4645; x_wconf 89' lang='lat' dir='ltr'><strong>ne</strong></span> <span class='ocrx_word' id='word_1_536' title='bbox 1218 4607 1298 4646; x_wconf 74' lang='lat' dir='ltr'><strong>norae</strong></span> <span class='ocrx_word' id='word_1_537' title='bbox 1317 4590 1393 4646; x_wconf 88' lang='lat' dir='ltr'><strong>sedis</strong></span> <span class='ocrx_word' id='word_1_538' title='bbox 1408 4591 1484 4644; x_wconf 86' lang='lat' dir='ltr'><strong>clero</strong></span> <span class='ocrx_word' id='word_1_539' title='bbox 1508 4590 1621 4646; x_wconf 89' lang='lat' dir='ltr'><strong>deesset</strong></span> <span class='ocrx_word' id='word_1_540' title='bbox 1640 4592 1710 4646; x_wconf 88' lang='lat' dir='ltr'><strong>ordo</strong></span> <span class='ocrx_word' id='word_1_541' title='bbox 1725 4593 1825 4647; x_wconf 86' lang='lat' dir='ltr'><strong>mona·</strong></span> 
     </span>
     <span class='ocr_line' id='line_1_44' title="bbox 61 4677 1823 4757; baseline -0.004 -16"><span class='ocrx_word' id='word_1_542' title='bbox 61 4684 310 4757; x_wconf 68' lang='lat' dir='ltr'><strong>conjugalium,</strong></span> <span class='ocrx_word' id='word_1_543' title='bbox 337 4681 492 4754; x_wconf 85' lang='lat' dir='ltr'><strong>qualitera</strong></span> <span class='ocrx_word' id='word_1_544' title='bbox 515 4681 645 4736; x_wconf 85' lang='lat' dir='ltr'><strong>Gretsero</strong></span> <span class='ocrx_word' id='word_1_545' title='bbox 672 4686 702 4735; x_wconf 91' lang='lat' dir='ltr'><strong>et</strong></span> <span class='ocrx_word' id='word_1_546' title='bbox 730 4677 916 4734; x_wconf 84' lang='lat' dir='ltr'><strong>Bollandoad</strong></span> <span class='ocrx_word' id='word_1_547' title='bbox 971 4678 1067 4745; x_wconf 91' lang='lat' dir='ltr'><strong>sticus,</strong></span> <span class='ocrx_word' id='word_1_548' title='bbox 1082 4678 1111 4734; x_wconf 94' lang='lat' dir='ltr'><strong>in</strong></span> <span class='ocrx_word' id='word_1_549' title='bbox 1126 4684 1224 4734; x_wconf 90' lang='lat' dir='ltr'><strong>monte</strong></span> <span class='ocrx_word' id='word_1_550' title='bbox 1237 4679 1320 4751; x_wconf 85' lang='lat' dir='ltr'><strong>juxta</strong></span> <span class='ocrx_word' id='word_1_551' title='bbox 1334 4680 1435 4734; x_wconf 90' lang='lat' dir='ltr'><strong>urbem</strong></span> <span class='ocrx_word' id='word_1_552' title='bbox 1451 4678 1488 4734; x_wconf 90' lang='lat' dir='ltr'><strong>ad</strong></span> <span class='ocrx_word' id='word_1_553' title='bbox 1503 4681 1701 4751; x_wconf 86' lang='lat' dir='ltr'><strong>aquilonarem</strong></span> <span class='ocrx_word' id='word_1_554' title='bbox 1713 4686 1823 4751; x_wconf 83' lang='lat' dir='ltr'><strong>partem</strong></span> 
     </span>
     <span class='ocr_line' id='line_1_45' title="bbox 61 4767 1824 4841; baseline -0.005 -12"><span class='ocrx_word' id='word_1_555' title='bbox 61 4775 136 4829; x_wconf 85' lang='lat' dir='ltr'><strong>diem</strong></span> <span class='ocrx_word' id='word_1_556' title='bbox 156 4776 171 4828; x_wconf 79' lang='grc'>3</span> <span class='ocrx_word' id='word_1_557' title='bbox 188 4771 281 4828; x_wconf 79' lang='lat' dir='ltr'><strong>Eartii</strong></span> <span class='ocrx_word' id='word_1_558' title='bbox 310 4771 386 4826; x_wconf 91' lang='lat' dir='ltr'><strong>edita</strong></span> <span class='ocrx_word' id='word_1_559' title='bbox 401 4774 454 4836; x_wconf 89' lang='lat' dir='ltr'><strong>est,</strong></span> <span class='ocrx_word' id='word_1_560' title='bbox 474 4769 509 4824; x_wconf 90' lang='lat' dir='ltr'><strong>ad</strong></span> <span class='ocrx_word' id='word_1_561' title='bbox 539 4770 693 4823; x_wconf 80' lang='lat' dir='ltr'><strong>rionuullos</strong></span> <span class='ocrx_word' id='word_1_562' title='bbox 718 4769 828 4823; x_wconf 88' lang='lat' dir='ltr'><strong>codices</strong></span> <span class='ocrx_word' id='word_1_563' title='bbox 851 4783 916 4821; x_wconf 90' lang='lat' dir='ltr'><strong>ma·</strong></span> <span class='ocrx_word' id='word_1_564' title='bbox 971 4769 1075 4839; x_wconf 89' lang='lat' dir='ltr'><strong>posito,</strong></span> <span class='ocrx_word' id='word_1_565' title='bbox 1101 4767 1152 4841; x_wconf 89' lang='lat' dir='ltr'><strong>qui</strong></span> <span class='ocrx_word' id='word_1_566' title='bbox 1180 4767 1282 4824; x_wconf 87' lang='lat' dir='ltr'><strong>exinde</strong></span> <span class='ocrx_word' id='word_1_567' title='bbox 1305 4768 1383 4823; x_wconf 82' lang='lat' dir='ltr'><strong>ldons</strong></span> <span class='ocrx_word' id='word_1_568' title='bbox 1418 4768 1621 4823; x_wconf 86' lang='lat' dir='ltr'><strong>llonachorum</strong></span> <span class='ocrx_word' id='word_1_569' title='bbox 1649 4767 1742 4822; x_wconf 90' lang='lat' dir='ltr'><strong>dictus</strong></span> <span class='ocrx_word' id='word_1_570' title='bbox 1771 4772 1824 4832; x_wconf 90' lang='lat' dir='ltr'><strong>est,</strong></span> 
     </span>
     <span class='ocr_line' id='line_1_46' title="bbox 62 4855 1824 4934; baseline -0.006 -16"><span class='ocrx_word' id='word_1_571' title='bbox 62 4862 226 4934; x_wconf 80' lang='lat' dir='ltr'><strong>suscriptos</strong></span> <span class='ocrx_word' id='word_1_572' title='bbox 252 4858 387 4914; x_wconf 87' lang='lat' dir='ltr'><strong>collatam</strong></span> <span class='ocrx_word' id='word_1_573' title='bbox 406 4858 482 4912; x_wconf 87' lang='lat' dir='ltr'><strong>inlra</strong></span> <span class='ocrx_word' id='word_1_574' title='bbox 502 4856 645 4923; x_wconf 87' lang='lat' dir='ltr'><strong>dabimus,</strong></span> <span class='ocrx_word' id='word_1_575' title='bbox 671 4859 771 4926; x_wconf 90' lang='lat' dir='ltr'><strong>utpote</strong></span> <span class='ocrx_word' id='word_1_576' title='bbox 786 4855 915 4927; x_wconf 85' lang='lat' dir='ltr'><strong>comple·</strong></span> <span class='ocrx_word' id='word_1_577' title='bbox 971 4857 1083 4929; x_wconf 90' lang='lat' dir='ltr'><strong>insigne</strong></span> <span class='ocrx_word' id='word_1_578' title='bbox 1105 4855 1313 4911; x_wconf 89' lang='lat' dir='ltr'><strong>monasterium</strong></span> <span class='ocrx_word' id='word_1_579' title='bbox 1341 4855 1394 4910; x_wconf 90' lang='lat' dir='ltr'><strong>sub</strong></span> <span class='ocrx_word' id='word_1_580' title='bbox 1416 4855 1506 4912; x_wconf 87' lang='lat' dir='ltr'><strong>sancti</strong></span> <span class='ocrx_word' id='word_1_581' title='bbox 1536 4855 1680 4910; x_wconf 88' lang='lat' dir='ltr'><strong>llichaelis</strong></span> <span class='ocrx_word' id='word_1_582' title='bbox 1708 4859 1824 4909; x_wconf 82' lang='lat' dir='ltr'><strong>caetero·</strong></span> 
     </span>
     <span class='ocr_line' id='line_1_47' title="bbox 59 4941 1823 5017; baseline -0.005 -11"><span class='ocrx_word' id='word_1_583' title='bbox 59 4958 185 5007; x_wconf 59' lang='lat' dir='ltr'><strong>mntem</strong></span> <span class='ocrx_word' id='word_1_584' title='bbox 200 4964 235 5002; x_wconf 85' lang='lat' dir='ltr'><strong>ea</strong></span> <span class='ocrx_word' id='word_1_585' title='bbox 248 4947 307 5001; x_wconf 89' lang='lat' dir='ltr'><strong>lere</strong></span> <span class='ocrx_word' id='word_1_586' title='bbox 331 4944 514 5000; x_wconf 89' lang='lat' dir='ltr'><strong>solummodo</strong></span> <span class='ocrx_word' id='word_1_587' title='bbox 534 4959 598 5014; x_wconf 79' lang='lat' dir='ltr'><strong>quae</strong></span> <span class='ocrx_word' id='word_1_588' title='bbox 615 4943 674 5015; x_wconf 90' lang='lat' dir='ltr'><strong>egit</strong></span> <span class='ocrx_word' id='word_1_589' title='bbox 696 4943 725 4999; x_wconf 90' lang='lat' dir='ltr'><strong>in</strong></span> <span class='ocrx_word' id='word_1_590' title='bbox 739 4944 915 4998; x_wconf 89' lang='lat' dir='ltr'><strong>monasterio</strong></span> <span class='ocrx_word' id='word_1_591' title='bbox 971 4960 1093 5017; x_wconf 87' lang='lat' dir='ltr'><strong>rumque</strong></span> <span class='ocrx_word' id='word_1_592' title='bbox 1109 4945 1278 5016; x_wconf 89' lang='lat' dir='ltr'><strong>augelorum</strong></span> <span class='ocrx_word' id='word_1_593' title='bbox 1294 4944 1455 5014; x_wconf 86' lang='lat' dir='ltr'><strong>patrocinio</strong></span> <span class='ocrx_word' id='word_1_594' title='bbox 1474 4947 1637 5007; x_wconf 81' lang='lat' dir='ltr'><strong>erexerunt,</strong></span> <span class='ocrx_word' id='word_1_595' title='bbox 1654 4941 1732 5013; x_wconf 87' lang='lat' dir='ltr'><strong>quod</strong></span> <span class='ocrx_word' id='word_1_596' title='bbox 1749 4944 1823 4997; x_wconf 91' lang='lat' dir='ltr'><strong>mul-</strong></span> 
     </span>
     <span class='ocr_line' id='line_1_48' title="bbox 59 5029 1822 5110; baseline -0.005 -16"><span class='ocrx_word' id='word_1_597' title='bbox 59 5036 258 5110; x_wconf 76' lang='lat' dir='ltr'><strong>liontugiensi,</strong></span> <span class='ocrx_word' id='word_1_598' title='bbox 281 5034 331 5091; x_wconf 91' lang='lat' dir='ltr'><strong>ubi</strong></span> <span class='ocrx_word' id='word_1_599' title='bbox 355 5038 420 5107; x_wconf 91' lang='lat' dir='ltr'><strong>post</strong></span> <span class='ocrx_word' id='word_1_600' title='bbox 443 5037 591 5105; x_wconf 90' lang='lat' dir='ltr'><strong>peractum</strong></span> <span class='ocrx_word' id='word_1_601' title='bbox 615 5032 646 5087; x_wconf 92' lang='lat' dir='ltr'><strong>in</strong></span> <span class='ocrx_word' id='word_1_602' title='bbox 672 5032 738 5087; x_wconf 75' lang='lat' dir='ltr'><strong>ritae</strong></span> <span class='ocrx_word' id='word_1_603' title='bbox 774 5031 914 5103; x_wconf 74' lang='lat' dir='ltr'><strong>religiosae</strong></span> <span class='ocrx_word' id='word_1_604' title='bbox 970 5034 1006 5088; x_wconf 91' lang='lat' dir='ltr'><strong>tis</strong></span> <span class='ocrx_word' id='word_1_605' title='bbox 1021 5032 1248 5105; x_wconf 88' lang='lat' dir='ltr'><strong>possessionibus</strong></span> <span class='ocrx_word' id='word_1_606' title='bbox 1266 5047 1299 5086; x_wconf 92' lang='lat' dir='ltr'><strong>ac</strong></span> <span class='ocrx_word' id='word_1_607' title='bbox 1322 5032 1595 5104; x_wconf 75' lang='lat' dir='ltr'><strong>praediisdotetum,</strong></span> <span class='ocrx_word' id='word_1_608' title='bbox 1614 5029 1650 5083; x_wconf 86' lang='lat' dir='ltr'><strong>ab</strong></span> <span class='ocrx_word' id='word_1_609' title='bbox 1679 5029 1822 5086; x_wconf 81' lang='lat' dir='ltr'><strong>omniex-</strong></span> 
     </span>
     <span class='ocr_line' id='line_1_49' title="bbox 60 5117 1824 5197; baseline -0.005 -15"><span class='ocrx_word' id='word_1_610' title='bbox 60 5125 205 5182; x_wconf 79' lang='lat' dir='ltr'><strong>exercitiis</strong></span> <span class='ocrx_word' id='word_1_611' title='bbox 225 5124 337 5197; x_wconf 87' lang='lat' dir='ltr'><strong>aliquot</strong></span> <span class='ocrx_word' id='word_1_612' title='bbox 364 5136 507 5177; x_wconf 88' lang='lat' dir='ltr'><strong>annorum</strong></span> <span class='ocrx_word' id='word_1_613' title='bbox 536 5120 723 5195; x_wconf 79' lang='lat' dir='ltr'><strong>curriculum,</strong></span> <span class='ocrx_word' id='word_1_614' title='bbox 750 5118 916 5174; x_wconf 84' lang='lat' dir='ltr'><strong>virendill-</strong></span> <span class='ocrx_word' id='word_1_615' title='bbox 970 5126 1050 5175; x_wconf 91' lang='lat' dir='ltr'><strong>terna</strong></span> <span class='ocrx_word' id='word_1_616' title='bbox 1068 5124 1210 5191; x_wconf 87' lang='lat' dir='ltr'><strong>potestate</strong></span> <span class='ocrx_word' id='word_1_617' title='bbox 1239 5119 1373 5184; x_wconf 90' lang='lat' dir='ltr'><strong>liberum,</strong></span> <span class='ocrx_word' id='word_1_618' title='bbox 1400 5121 1507 5190; x_wconf 75' lang='lat' dir='ltr'><strong>regulae</strong></span> <span class='ocrx_word' id='word_1_619' title='bbox 1537 5117 1824 5174; x_wconf 78' lang='lat' dir='ltr'><strong>Benedictinaeaddi·</strong></span> 
     </span>
     <span class='ocr_line' id='line_1_50' title="bbox 61 5206 1826 5279; baseline -0.005 -8"><span class='ocrx_word' id='word_1_620' title='bbox 61 5232 125 5272; x_wconf 84' lang='lat' dir='ltr'><strong>uem</strong></span> <span class='ocrx_word' id='word_1_621' title='bbox 139 5213 257 5270; x_wconf 86' lang='lat' dir='ltr'><strong>habuit.</strong></span> <span class='ocrx_word' id='word_1_622' title='bbox 928 5208 1081 5262; x_wconf 84' lang='lat' dir='ltr'><strong>[lxerunt.</strong></span> <span class='ocrx_word' id='word_1_623' title='bbox 1107 5206 1199 5277; x_wconf 89' lang='lat' dir='ltr'><strong>Ipsius</strong></span> <span class='ocrx_word' id='word_1_624' title='bbox 1227 5206 1437 5262; x_wconf 88' lang='lat' dir='ltr'><strong>dedicationem</strong></span> <span class='ocrx_word' id='word_1_625' title='bbox 1464 5222 1540 5260; x_wconf 90' lang='lat' dir='ltr'><strong>anno</strong></span> <span class='ocrx_word' id='word_1_626' title='bbox 1576 5206 1640 5260; x_wconf 72' lang='lat' dir='ltr'><strong>luel</strong></span> <span class='ocrx_word' id='word_1_627' title='bbox 1674 5207 1826 5279; x_wconf 86' lang='lat' dir='ltr'><strong>consignat</strong></span> 
     </span>
     <span class='ocr_line' id='line_1_51' title="bbox 91 5293 1822 5372; baseline -0.006 -11"><span class='ocrx_word' id='word_1_628' title='bbox 91 5308 118 5360; x_wconf 78' lang='grc'><strong>3.</strong></span> <span class='ocrx_word' id='word_1_629' title='bbox 137 5303 278 5360; x_wconf 78' lang='lat' dir='ltr'><strong>lienucus</strong></span> <span class='ocrx_word' id='word_1_630' title='bbox 292 5300 389 5372; x_wconf 88' lang='lat' dir='ltr'><strong>itaque</strong></span> <span class='ocrx_word' id='word_1_631' title='bbox 405 5315 421 5352; x_wconf 89' lang='lat' dir='ltr'><strong>e</strong></span> <span class='ocrx_word' id='word_1_632' title='bbox 437 5293 913 5367; x_wconf 73' lang='lat' dir='ltr'><strong>navarieduce,p0st0u0nis1u</strong></span> <span class='ocrx_word' id='word_1_633' title='bbox 968 5295 1142 5350; x_wconf 86' lang='lat' dir='ltr'><strong>Trithemius</strong></span> <span class='ocrx_word' id='word_1_634' title='bbox 1156 5294 1186 5349; x_wconf 94' lang='lat' dir='ltr'><strong>in</strong></span> <span class='ocrx_word' id='word_1_635' title='bbox 1197 5311 1272 5350; x_wconf 86' lang='lat' dir='ltr'><strong>nora</strong></span> <span class='ocrx_word' id='word_1_636' title='bbox 1290 5294 1414 5351; x_wconf 87' lang='lat' dir='ltr'><strong>editione</strong></span> <span class='ocrx_word' id='word_1_637' title='bbox 1442 5293 1653 5365; x_wconf 85' lang='lat' dir='ltr'><strong>llirsaugiensis</strong></span> <span class='ocrx_word' id='word_1_638' title='bbox 1678 5295 1822 5352; x_wconf 87' lang='lat' dir='ltr'><strong>Chronici.</strong></span> 
     </span>
     <span class='ocr_line' id='line_1_52' title="bbox 60 5381 1823 5465; baseline -0.006 -16"><span class='ocrx_word' id='word_1_639' title='bbox 60 5391 244 5465; x_wconf 85' lang='lat' dir='ltr'><strong>imperatoris</strong></span> <span class='ocrx_word' id='word_1_640' title='bbox 266 5387 378 5443; x_wconf 87' lang='lat' dir='ltr'><strong>obitum</strong></span> <span class='ocrx_word' id='word_1_641' title='bbox 401 5387 494 5444; x_wconf 75' lang='lat' dir='ltr'><strong>Caesar</strong></span> <span class='ocrx_word' id='word_1_642' title='bbox 515 5400 591 5440; x_wconf 91' lang='lat' dir='ltr'><strong>anno</strong></span> <span class='ocrx_word' id='word_1_643' title='bbox 615 5385 684 5439; x_wconf 70' lang='lat'>{⁰02</span> <span class='ocrx_word' id='word_1_644' title='bbox 703 5389 825 5449; x_wconf 70' lang='lat' dir='ltr'><strong>creatus,</strong></span> <span class='ocrx_word' id='word_1_645' title='bbox 842 5382 914 5437; x_wconf 88' lang='lat' dir='ltr'><strong>nibil</strong></span> <span class='ocrx_word' id='word_1_646' title='bbox 968 5399 1054 5455; x_wconf 90' lang='lat' dir='ltr'><strong>quam</strong></span> <span class='ocrx_word' id='word_1_647' title='bbox 1072 5383 1280 5438; x_wconf 85' lang='lat' dir='ltr'><strong>ebEberhardo</strong></span> <span class='ocrx_word' id='word_1_648' title='bbox 1294 5381 1676 5453; x_wconf 87' lang='lat' dir='ltr'><strong>primoBambenbergeusis</strong></span> <span class='ocrx_word' id='word_1_649' title='bbox 1691 5383 1823 5439; x_wconf 81' lang='lat' dir='ltr'><strong>Ecclesiae</strong></span> 
     </span>
     <span class='ocr_line' id='line_1_53' title="bbox 61 5469 1821 5554; baseline -0.006 -18"><span class='ocrx_word' id='word_1_650' title='bbox 61 5481 209 5554; x_wconf 83' lang='lat' dir='ltr'><strong>antiquius</strong></span> <span class='ocrx_word' id='word_1_651' title='bbox 223 5477 324 5533; x_wconf 85' lang='lat' dir='ltr'><strong>babuit</strong></span> <span class='ocrx_word' id='word_1_652' title='bbox 352 5491 439 5550; x_wconf 85' lang='lat' dir='ltr'><strong>quam</strong></span> <span class='ocrx_word' id='word_1_653' title='bbox 464 5478 496 5529; x_wconf 92' lang='lat' dir='ltr'><strong>ut</strong></span> <span class='ocrx_word' id='word_1_654' title='bbox 525 5472 676 5529; x_wconf 86' lang='lat' dir='ltr'><strong>Ecclesiam</strong></span> <span class='ocrx_word' id='word_1_655' title='bbox 703 5469 837 5542; x_wconf 81' lang='lat' dir='ltr'><strong>virosque</strong></span> <span class='ocrx_word' id='word_1_656' title='bbox 864 5471 913 5526; x_wconf 85' lang='lat' dir='ltr'><strong>Dei</strong></span> <span class='ocrx_word' id='word_1_657' title='bbox 968 5469 1102 5542; x_wconf 73' lang='lat' dir='ltr'><strong>episcopo</strong></span> <span class='ocrx_word' id='word_1_658' title='bbox 1125 5487 1185 5525; x_wconf 86' lang='lat' dir='ltr'><strong>cum</strong></span> <span class='ocrx_word' id='word_1_659' title='bbox 1209 5485 1314 5525; x_wconf 85' lang='lat' dir='ltr'><strong>summo</strong></span> <span class='ocrx_word' id='word_1_660' title='bbox 1346 5469 1485 5526; x_wconf 59' lang='lat' dir='ltr'><strong>deuotione</strong></span> <span class='ocrx_word' id='word_1_661' title='bbox 1504 5470 1607 5526; x_wconf 86' lang='lat' dir='ltr'><strong>factam</strong></span> <span class='ocrx_word' id='word_1_662' title='bbox 1630 5471 1716 5527; x_wconf 80' lang='lat' dir='ltr'><strong>inisse</strong></span> <span class='ocrx_word' id='word_1_663' title='bbox 1743 5486 1821 5526; x_wconf 87' lang='lat' dir='ltr'><strong>com·</strong></span> 
     </span>
    </p>
   </div>
   <div class='ocr_carea' id='block_1_10' title="bbox 0 0 1944 6112">
    <p class='ocr_par' dir='ltr' id='par_1_14' title="bbox 0 0 1944 6112">
     <span class='ocr_line' id='line_1_54' title="bbox 0 0 1944 6112; baseline 0 0"><span class='ocrx_word' id='word_1_664' title='bbox 0 0 1944 6112; x_wconf 95' lang='lat' dir='ltr'><strong> </strong></span> 
     </span>
    </p>
   </div>
  </div>
 </body>
</html>
