3878 6112
142 242 188 295 iu
786 243 814 300 s.
835 242 981 300 uuuurcr
1000 239 1238 299 rubeomonte
1307 212 1309 217 ’
1511 269 1512 272 ¹
1842 236 1891 292 ree

140 363 240 416 eratet
260 359 500 431 venustissimus;
529 363 707 434 pereleganti
727 377 845 436 quoque
859 362 1024 436 corpoeisit
1078 367 1122 421 51.
1139 381 1153 418 e
1170 363 1283 419 Nemini
1310 366 1378 418 tunc
1399 359 1430 417 in
1459 365 1585 418 mentem
1609 359 1753 429 seniebat,
1777 359 1808 416 in
1834 359 1892 416 ele·

139 448 342 506 constitutione
358 466 365 504 :
381 466 439 522 qua
462 451 606 507 occasione
630 453 749 508 humani
763 452 876 525 generis
898 453 988 509 hostis
1042 451 1135 509 ctione
1151 451 1306 524 episcopali
1332 467 1366 507 ex
1386 463 1457 506 orna
1480 449 1660 523 proditorum
1680 449 1822 506 ioannem
1836 449 1892 506 Go-

140 536 339 594 baereditarius
375 542 500 609 arrepta,
527 540 589 612 ejus
616 541 752 612 virgineae
779 541 898 611 puritati
933 544 987 599 boc
1041 539 1390 613 deiridum,tumquiais
1410 544 1470 595 erat
1485 555 1519 594 ex
1540 537 1705 609 junioribus
1729 536 1894 610 capitulari·

138 629 340 696 stratagemate
354 626 473 682 insidias
490 629 602 695 struxit,
626 635 656 684 et
669 629 782 701 pedicas
805 631 917 701 objecit.
936 632 986 686 Fe·
1041 629 1105 696 bris,
1133 634 1196 683 tum
1225 628 1293 701 quie
1325 620 1462 698 suffragia
1488 626 1673 682 collimabant
1696 627 1728 681 in
1752 625 1897 682 loannem

140 715 226 770 minas
245 714 378 787 quiedam
393 731 426 770 er
450 732 584 787 gynaeceo
611 717 709 791 magni
734 719 859 774 nominis
873 725 903 775 et
918 719 987 774 illu·
1042 718 1279 788 christophorum
1297 718 1457 770 beiistetter
1476 714 1584 770 dictum
1611 715 1751 782 Sturmer,
1767 715 1893 770 eeclesiis

140 802 205 860 atris
237 802 420 872 conditionis,
443 804 598 872 instigante
632 806 842 874 mesconem,
879 807 987 880 insigni
1042 806 1198 878 imperialis
1222 805 1371 861 decanum.
1414 804 1469 860 Sed
1504 802 1672 876 suffragium
1706 803 1734 858 S.
1770 802 1894 859 beinrici

140 892 202 962 ejus
216 892 308 947 forma
333 895 362 946 et
384 893 594 963 pulchritudine
622 900 723 965 captae,
750 896 868 951 lionoris
894 897 987 968 specie
1042 911 1094 967 pro
1114 895 1217 950 cliente
1231 910 1282 948 suo
1295 895 1405 950 Ioanne
1419 892 1761 964 Godelridoepudbeum
1775 891 1894 947 demum

140 979 347 1036 adconvivium
362 980 519 1036 invitarunt
539 998 545 1036 :
562 981 622 1049 ubi,
645 998 710 1037 cum
734 999 800 1040 eum
816 984 866 1056 qui
889 1001 987 1041 curem
1042 983 1201 1056 prevaluit.
1218 983 1298 1050 ilinc,
1319 981 1431 1037 etiamsi
1455 987 1630 1036 memoratus
1651 981 1777 1036 decaniis
1800 979 1894 1053 primo

141 1083 171 1123 ex
187 1067 281 1123 cilicio
305 1084 405 1140 gerere
428 1069 561 1136 debebat,
583 1070 622 1125 nil
647 1070 716 1125 mali
743 1072 934 1143 suspirantem
953 1089 988 1128 ex
1042 1072 1136 1126 statim
1152 1070 1289 1126 scrutinio
1305 1070 1335 1125 in
1359 1069 1524 1141 episcopum
1552 1069 1659 1123 electus
1672 1068 1784 1134 luisset,
1801 1068 1896 1123 noluit

141 1155 282 1211 industria
310 1157 510 1226 inebriassent,
541 1159 730 1232 cubitumque
756 1160 867 1215 ductori
881 1161 988 1232 iussis·
1042 1159 1321 1231 tamendiguitatem
1349 1158 1491 1213 amittere.
1510 1158 1551 1223 Et,
1568 1157 1634 1212 licet
1660 1162 1753 1213 aloto
1768 1157 1893 1230 capitulo

140 1251 259 1311 aent‚ea
289 1251 370 1301 nocte
399 1247 610 1304 adolescentem
638 1265 751 1320 quoque
777 1251 854 1321 apud
868 1266 899 1306 ee
916 1251 987 1306 reti·
1041 1249 1182 1304 instanter
1202 1252 1393 1320 rogaretoret
1418 1250 1570 1318 urgeretur
1594 1246 1629 1300 ad
1645 1244 1894 1308 consentiendum,

141 1347 209 1387 nere
220 1333 382 1400 voluerunt,
394 1333 472 1406 quia,
488 1349 524 1389 nc
539 1336 601 1405 ipse
623 1335 692 1390 mali
706 1335 856 1407 quidpiam
872 1338 988 1393 subesse
1044 1354 1101 1393 non
1122 1342 1232 1392 tantum
1253 1337 1376 1392 secundo
1391 1340 1420 1390 et
1445 1333 1542 1402 tertio,
1560 1334 1610 1390 sed
1626 1335 1712 1389 etiam
1736 1338 1842 1406 quarto
1856 1349 1895 1388 re

141 1425 229 1487 ratus,
256 1436 322 1475 cum
347 1421 506 1476 dormitum
529 1422 591 1493 jam
616 1423 810 1492 concessisset,
836 1423 989 1480 libidinosa
1043 1426 1159 1483 cusavit.
1189 1426 1318 1498 Cumque
1340 1425 1402 1480 hmc
1426 1423 1501 1478 lucta
1529 1422 1578 1478 diu
1614 1426 1737 1489 teneret,
1765 1422 1893 1484 demum,

142 1507 191 1561 itte
204 1507 310 1563 diaboli
322 1510 513 1580 organaclam
537 1511 680 1583 taciteque
699 1513 803 1568 lectum
819 1513 880 1582 ejus
896 1529 987 1569 acces·
1041 1516 1167 1586 ipsomet
1194 1515 1301 1569 decano
1328 1516 1484 1583 praeunte,
1514 1526 1547 1565 ex
1570 1510 1761 1583 inspiratione
1772 1509 1896 1581 Spiritus

141 1599 250 1663 serunt,
271 1602 300 1651 et
318 1597 410 1652 verbis
433 1598 540 1668 pariter
565 1599 684 1666 lascivit,
708 1604 737 1655 et
759 1602 988 1674 quibuscumque
1044 1603 1134 1659 sancti
1145 1608 1175 1658 et
1185 1600 1315 1657 unanimi
1330 1613 1471 1656 consensu
1482 1598 1668 1655 dominorum
1693 1596 1897 1670 capitularium

99 1681 101 1685 ’
142 1688 275 1756 poterant
302 1684 515 1742 titillationibus
537 1687 572 1743 ad
599 1703 645 1743 res
659 1689 782 1744 nefarias
800 1706 867 1745 eum
883 1690 991 1746 sollici·
1047 1688 1349 1746 loannesGodeiridus
1364 1687 1400 1743 ad
1418 1684 1583 1743 Aschauscn
1611 1687 1750 1741 salutatus
1765 1685 1822 1740 luit
1836 1683 1897 1756 epi·

143 1777 203 1828 tare
226 1779 385 1845 coeperunt.
413 1774 486 1840 Quid
497 1776 699 1848 pudicissimus
719 1778 906 1834 adolescens?
921 1779 992 1835 Hor·
1047 1796 1150 1850 scopus
1179 1775 1395 1849 bambergensis
1426 1792 1474 1832 xxi
1500 1775 1580 1843 tulii,
1599 1789 1674 1830 anno
1711 1790 1805 1830 uocrx.
1838 1774 1896 1830 Ele·

144 1862 264 1917 rendum
280 1861 480 1930 vociferamus
504 1865 587 1932 lecto,
611 1870 733 1935 uteret,
755 1867 994 1937 lineiscaligitet
1047 1868 1172 1924 ctionem
1186 1867 1270 1933 hanc,
1301 1863 1417 1936 speciali
1438 1863 1570 1920 Numinis
1584 1862 1771 1936 providentia,
1793 1862 1825 1918 in
1846 1863 1898 1916 bo·

143 1948 258 2005 indusio
273 1949 390 2005 vestitus
414 1951 547 2021 prosiliit,
564 1969 579 2008 e
594 1955 727 2010 manibus
746 1956 862 2011 illarum
886 1956 991 2028 erupit,
1046 1972 1116 2013 num
1133 1954 1262 2010 Ecclesiae
1277 1952 1506 2024 bambergensis,
1519 1952 1584 2022 opis
1606 1951 1764 2007 admodum
1780 1949 1898 2021 indigue,

142 2037 247 2094 ostium
264 2037 366 2094 domus
380 2039 547 2096 testinantes·
567 2043 660 2113 petiit,
677 2047 714 2112 et,
740 2045 846 2099 relictis
860 2045 994 2100 omnibus
1047 2043 1215 2115 dispositam
1231 2059 1262 2096 ac
1274 2040 1437 2097 ordinatam
1450 2039 1547 2106 tuisse,
1573 2038 1735 2094 communis
1749 2043 1813 2093 erat
1828 2037 1900 2109 peri·

144 2130 210 2198 post
227 2142 257 2182 se
273 2126 460 2196 vestimentis,
483 2130 518 2184 ed
544 2130 663 2186 domum
679 2132 827 2204 cujusdam
847 2134 932 2188 amici
945 2150 993 2189 ve·
1047 2136 1143 2188 torum
1157 2131 1316 2202 persuasio.

143 2213 197 2281 uit,
213 2214 311 2287 ibique
326 2215 404 2287 quod
431 2216 576 2290 reliquum
603 2225 663 2276 crat
683 2221 786 2290 noctis,
816 2222 873 2277 beo
888 2222 994 2295 gratias
1082 2224 1126 2275 52.
1162 2242 1173 2269 ι
1204 2216 1453 2273 Eminentissimus
1480 2214 1633 2271 cardinalis
1661 2214 1857 2270 bellarminus
1871 2212 1900 2267 in

143 2317 232 2372 agens
256 2319 308 2376 pro
346 2303 465 2360 obtenta
492 2305 629 2361 castitatis
658 2309 764 2379 palma,
802 2309 899 2381 quiete
929 2325 994 2381 par·
1048 2309 1141 2381 prima
1155 2307 1277 2378 epistola
1292 2306 1328 2361 ad
1350 2306 1488 2360 loannem
1514 2302 1699 2359 Godelridum
1734 2301 1900 2374 episcopum

143 2389 186 2462 gil
187 2430 241 2447 ·····
1048 2396 1289 2466 bambergensem
1322 2409 1415 2465 nuper
1452 2393 1585 2459 electum,
1613 2391 1680 2446 deta
1705 2406 1732 2444 iv
1760 2390 1898 2447 Novemb.

178 2480 261 2535 tu«
289 2478 414 2536 Clericus
428 2481 545 2538 taudem
574 2482 714 2551 initiatus,
740 2486 849 2555 majore
878 2485 995 2541 solertia
1050 2502 1140 2553 uocrx,
1164 2485 1204 2539 ita
1237 2482 1356 2539 scribit:
1386 2480 1580 2537 illustrissime
1605 2495 1638 2534 ac
1665 2478 1902 2534 reverendissime

144 2567 273 2638 corporis
298 2573 327 2623 et
353 2569 458 2624 mentis
486 2571 664 2626 castimoniae
702 2572 756 2629 sibi
785 2573 994 2645 invigilandum
1049 2573 1206 2638 domine,a
1223 2571 1343 2627 bomine
1359 2571 1465 2625 lactum
1480 2573 1523 2623 est
1547 2568 1625 2624 istud
1639 2583 1651 2635 ;Ὶ
1662 2571 1690 2622 et
1703 2571 1747 2622 est
1769 2566 1902 2622 mirabile

144 2655 315 2711 existimavit
330 2672 337 2723 ;
353 2656 441 2730 idque
455 2650 535 2714 tanto
557 2659 734 2731 diligentius,
750 2667 857 2734 quanto
872 2663 995 2734 majores
1048 2662 1079 2719 in
1095 2662 1184 2718 oculis
1200 2659 1312 2716 nostris.
1338 2658 1461 2715 Nuntius
1475 2657 1510 2713 de
1537 2657 1675 2712 electione
1702 2656 1904 2711 illustrissimae

143 2749 206 2799 tum
221 2745 359 2815 temporis
383 2748 553 2818 corruptelae
582 2747 688 2819 passim
715 2749 849 2822 rigebant
851 2785 926 2806 .......
944 2751 995 2804 Vix
1049 2755 1078 2806 et
1093 2748 1335 2805 reverendissime
1363 2747 1443 2801 bom.
1468 2750 1570 2800 vestrae
1593 2744 1717 2800 laetitlcat
1738 2743 1902 2798 universam

144 2833 458 2890 aevonostroinventus
486 2835 643 2892 estsimilis
667 2838 720 2905 ills,
750 2838 892 2911 quitanto
908 2838 995 2909 virgi·
1048 2839 1191 2894 civitatem
1210 2836 1271 2892 ilci.
1299 2836 1471 2891 bolebamus
1494 2832 1710 2905 oppressionem
1726 2831 1833 2887 nobilis
1854 2833 1903 2887 Ρο-

145 2936 208 2976 nem
223 2920 358 2992 puritatis
377 2924 437 2977 zelo
460 2929 641 2980 conservaret
665 2926 756 2996 tegam
773 2927 890 2983 Excelei.
907 2928 997 2997 liujus
1012 2921 1032 2977 C
1050 2928 1144 2984 elesiae
1166 2925 1382 2997 Bambergensis
1399 2939 1406 2978 ε
1423 2928 1528 2980 etcum
1555 2937 1612 2976 non
1641 2926 1823 2975 succurreret
1856 2935 1903 2992 ap·

145 3008 233 3080 igitur
260 3009 437 3066 castimonie
475 3012 666 3085 aliarumque,
695 3014 799 3086 quibus
824 3015 873 3070 illa
896 3015 997 3085 stipari
1051 3022 1113 3072 tum
1138 3015 1310 3081 remedium,
1332 3029 1348 3067 a
1373 3010 1497 3066 Domino
1535 3009 1673 3064 auxilium
1700 3009 1903 3081 precabamur.

146 3098 229 3167 solet,
260 3097 397 3153 virtutum
430 3099 587 3170 fragrantia
622 3101 777 3158 delectatus
805 3103 832 3159 S.
858 3103 996 3159 beuricus
1050 3104 1105 3160 Sed
1120 3101 1331 3176 piusdominus
1358 3099 1424 3156 lecit
1450 3097 1732 3169 superabundantius
1751 3113 1841 3169 quam
1858 3113 1902 3171 pa·

145 3185 258 3242 ridetur
280 3187 420 3242 loannem
452 3187 639 3245 Godelridum
679 3191 822 3262 selegisse,
846 3195 912 3247 eta
939 3193 996 3246 beo
1051 3198 1110 3249 tere
1125 3198 1175 3248 aut
1202 3190 1364 3262 intelligere
1391 3193 1565 3261 poteramus.
1590 3189 1727 3259 Superest
1757 3202 1837 3242 nunc
1861 3193 1902 3252 ut,

147 3274 305 3330 obtinuisse
321 3291 373 3347 pro
392 3292 443 3331 sua
464 3277 588 3332 Ecclesia
607 3277 786 3350 episcopum,
813 3295 864 3335 seu
889 3279 997 3335 instru·
1052 3281 1102 3354 qui
1133 3278 1219 3351 caepit
1242 3277 1366 3334 invobis
1388 3292 1461 3348 opus
1490 3276 1609 3343 bonum,
1631 3275 1693 3346 ipse
1714 3274 1855 3348 perficiat,
1874 3280 1902 3329 et

148 3368 276 3418 mentum
286 3363 408 3418 maxime
420 3363 560 3420 idoneum
571 3366 605 3420 ad
622 3367 829 3423 restituendum
846 3368 996 3440 pudorem,
1051 3385 1104 3441 per
1128 3385 1179 3423 vos
1202 3366 1323 3424 Ecclesia
1351 3365 1569 3438 bambergensis
1603 3364 1726 3436 gloriam
1766 3363 1905 3420 selamin

147 3451 197 3522 qui
213 3466 271 3507 nou
289 3455 401 3507 tantum
414 3452 446 3508 in
469 3456 585 3526 populo,
611 3454 660 3510 sad
675 3455 761 3510 etiam
788 3455 818 3512 in
839 3456 927 3523 clero,
943 3456 998 3511 mi·
1052 3456 1187 3530 praeseuti
1204 3455 1334 3527 recipiat,
1350 3458 1382 3509 ut
1395 3459 1424 3509 et
1451 3469 1501 3509 vos
1526 3452 1558 3508 in
1581 3452 1628 3508 die
1656 3451 1770 3507 bomini
1784 3451 1904 3507 immor-

148 3540 302 3596 serandum
331 3540 361 3596 in
392 3542 509 3597 modum
538 3545 680 3615 collapsus
699 3544 900 3600 luerat-Unde
921 3560 997 3611 cum,
1051 3547 1138 3602 telem
1164 3544 1264 3616 glorias
1292 3558 1428 3599 coronam
1458 3560 1475 3598 a
1501 3541 1632 3614 Principe
1658 3545 1808 3611 pastorum
1832 3539 1904 3594 reci·

110 3660 112 3664 -
148 3645 225 3683 anuo
252 3645 333 3685 uocrx
364 3646 438 3686 xuru
471 3632 622 3703 episcopus
652 3632 683 3687 iu
724 3633 858 3689 extremis
890 3638 998 3705 ageret,
1053 3632 1146 3706 piatis.

148 3716 270 3788 virginei
307 3719 444 3789 conjuges
470 3719 497 3775 S.
528 3720 675 3776 Heinricus
701 3725 730 3776 et
758 3721 942 3794 Cirneguudis
968 3720 1000 3777 in
1088 3725 1134 3778 53.
1156 3743 1170 3770 a
1188 3720 1264 3776 idem
1280 3716 1441 3783 cardinatis,
1471 3716 1572 3772 eodem
1585 3715 1631 3771 die
1646 3719 1675 3771 et
1688 3731 1765 3770 anno
1780 3715 1906 3770 scribens

148 3805 220 3860 turri
247 3805 371 3861 ecclesiae
399 3808 571 3863 cathedralis
599 3811 693 3864 deuuo
725 3825 755 3865 se
783 3809 999 3881 conspiciendos
1054 3809 1234 3867 serenissimo
1252 3805 1453 3863 bavariaeduci
1469 3803 1671 3872 Maximillam,
1687 3802 1905 3859 intaraliahrec

149 3899 178 3949 et
199 3910 252 3967 pro
280 3895 412 3966 eligendo
437 3912 511 3951 noro
541 3900 661 3969 pressule
696 3897 832 3954 sollicitos
862 3898 1000 3953 exhibue·
1053 3899 1156 3955 babet:
1173 3899 1212 3952 ile
1222 3897 1386 3951 electorem
1399 3891 1602 3964 bambergensi
1617 3892 1686 3963 quid
1701 3892 1815 3947 dicam?
1827 3891 1905 3947 Sensi

150 3988 227 4038 runt.
1055 3985 1180 4058 prolecto
1195 3983 1393 4039 incredibilem
1421 3982 1511 4038 animi
1529 3983 1716 4052 voluptatem,
1728 3987 1755 4035 et
1772 3986 1832 4036 tam
1848 3996 1906 4035 ma·

185 4074 229 4126 50.
252 4072 314 4126 «ld
336 4071 414 4142 quod
446 4071 476 4125 in
505 4073 654 4141 opusculo,
678 4073 724 4126 cui
750 4072 874 4138 titulus;
899 4074 999 4128 Euctus
1055 4072 1277 4143 niiestaegratise
1303 4071 1354 4127 bei
1380 4071 1557 4127 humillimas
1583 4069 1690 4140 gratias
1713 4069 1771 4140 egi.
1792 4068 1903 4124 ltailte.

150 4158 276 4228 publicus
322 4159 481 4214 macoriae
509 4160 541 4214 ob
569 4160 745 4214 immaturum
768 4175 781 4214 e
808 4161 868 4214 vita
894 4160 1037 4257 obitum„
1056 4160 1178 4215 ilistoria
1204 4161 1342 4231 iuscripta
1368 4159 1482 4230 collegii
1508 4159 1569 4214 Soc.
1596 4159 1659 4213 lesu
1677 4156 1836 4226 herbipoli,
1860 4157 1905 4212 illc

113 4317 120 4323 ,
150 4248 262 4302 loconis
285 4246 438 4315 dodefl'a'de',
465 4246 542 4302 edito
565 4262 583 4301 a
605 4248 725 4318 collegio
755 4246 904 4303 Societatis
934 4247 1000 4302 lesu
1058 4247 1120 4320 ipso
1141 4264 1217 4303 anno
1240 4263 1330 4314 uoctx,
1355 4247 1391 4302 de
1416 4246 1551 4317 episcopo
1579 4242 1783 4313 bambergensi
1809 4258 1905 4297 recens

153 4335 299 4405 lierbipoli
326 4351 402 4391 auno
429 4352 560 4402 uocxxur,
586 4352 652 4407 pag.
681 4338 708 4401 b,
738 4336 815 4392 bisce
843 4336 936 4391 verbis
954 4351 1003 4390 re·
1057 4335 1197 4390 electoita
1224 4335 1371 4406 loquitur:
1388 4334 1425 4388 Es
1453 4332 1671 4404 partheniorum
1696 4329 1840 4386 sodalium
1854 4346 1905 4385 nu·

152 4421 268 4478 lemur:
299 4423 347 4479 SS.
375 4423 523 4479 Heinricus
551 4429 580 4479 et
609 4423 793 4495 Cunagundis
826 4425 913 4495 paulo
937 4429 1003 4479 ante
1058 4439 1138 4479 mero
1156 4422 1284 4478 melesio
1310 4419 1512 4493 bambergensi
1539 4419 1645 4491 presul
1673 4417 1811 4474 divinitus
1825 4419 1906 4473 datus

152 4511 397 4583 ejuselectionem
422 4512 475 4567 visi
499 4513 600 4569 urbem
625 4529 641 4569 e
668 4512 741 4568 turri
774 4513 1002 4586 circumspicere,
1058 4514 1236 4569 estloaones
1251 4511 1419 4568 Godeiridus
1438 4511 1473 4566 ab
1502 4509 1675 4575 dschausen,
1700 4508 1788 4563 bomo
1819 4507 1908 4579 philo·

152 4603 243 4669 Quam
255 4601 465 4673 apparitionem
485 4606 571 4673 poeta
584 4601 625 4657 sic
637 4601 772 4675 exprimit
787 4618 794 4656 :
1057 4602 1189 4674 sophiam
1204 4606 1232 4656 et
1246 4602 1323 4672 leges
1338 4601 1479 4655 humanas
1500 4598 1667 4669 divinasque
1681 4596 1791 4662 doctus,
1808 4596 1841 4651 in
1855 4611 1909 4667 quo

223 4691 313 4756 Quem
329 4689 430 4761 patriae
443 4690 526 4745 Pater
1059 4691 1130 4746 nihil
1144 4690 1231 4745 rastra
1245 4695 1295 4744 aut
1307 4688 1364 4744 luci
1380 4704 1497 4754 ,mores
1520 4687 1556 4741 ad
1573 4685 1783 4741 humanitatem
1796 4700 1910 4756 compo

259 4779 280 4834 E
298 4793 385 4833 ceusu
397 4777 538 4850 Superum
553 4776 633 4848 gravi
1059 4779 1123 4848 siti;
1158 4784 1227 4834 aetas
1254 4777 1369 4844 liorem,
1397 4782 1436 4843 et,
1455 4775 1532 4848 quod
1560 4774 1683 4834 miseris.
1709 4772 1911 4829 adolescentie

224 4867 480 4936 beinricus,lateri
496 4867 606 4939 virgine
620 4867 743 4939 conjuge
980 4916 982 4920 .
1059 4867 1200 4935 i'icinior3
1222 4865 1324 4938 priscus
1353 4865 1503 4938 probitatis
1525 4867 1554 4919 et
1576 4861 1735 4919 sanctitatis
1762 4861 1912 4917 severioris

259 4957 370 5026 Adtixa,
384 4955 563 5012 venerabiles
1059 4957 1167 5028 imago,
1187 4959 1240 5011 etc.

224 5046 386 5118 Aequisisse
397 5045 471 5101 viros
485 5044 569 5111 inter,
586 5043 753 5116 episcopum
1095 5046 1139 5100 ii.
1157 5065 1171 5093 «
1181 5040 1430 5109 Quemadmodum
1456 5044 1552 5095 autem
1578 5037 1733 5110 praeclarus
1761 5036 1835 5092 adeo
1850 5036 1912 5108 epi·

261 5137 348 5191 bama
361 5133 471 5190 diditur
485 5133 617 5204 integra:
1061 5146 1165 5203 scopus
1185 5128 1315 5185 Ecclesiae
1337 5126 1550 5198 bambergensi,
1571 5132 1702 5197 tempore
1730 5123 1912 5196 periculosis·

227 5223 329 5278 Urbem
342 5223 409 5278 dum
422 5222 581 5294 propriam,
596 5220 768 5294 turrigerae
784 5221 881 5291 domo,
1060 5220 1144 5289 simo,
1174 5223 1319 5291 satagente
1342 5218 1369 5274 S.
1396 5216 1529 5274 lisinrico
1545 5215 1668 5271 donatus
1694 5214 1759 5283 fuit,
1781 5212 1822 5268 ita
1838 5214 1913 5269 idem

263 5308 619 5366 circumtunderelumina
1061 5306 1223 5379 episcopus,
1256 5306 1357 5361 eodem
1381 5309 1478 5359 sancto
1506 5303 1681 5375 imperatore
1705 5300 1912 5373 patrocinante.

228 5401 319 5466 Visus,
334 5401 449 5473 quaudo
462 5399 571 5455 abitum
586 5398 644 5455 iata
659 5397 820 5470 superstitis
1061 5396 1203 5451 simulac
1230 5394 1401 5467 pastoralem
1426 5408 1525 5448 curam
1554 5390 1687 5463 suscepit,
1717 5405 1763 5444 res
1794 5404 1913 5460 magnas

263 5488 408 5559 Urgebant
425 5488 485 5544 lere
498 5485 638 5560 presulis.
1063 5499 1115 5556 pro
1131 5484 1188 5539 beo
1201 5488 1230 5538 et
1257 5481 1389 5548 Ecclesia,
1414 5487 1473 5536 tam
1491 5480 1521 5534 in
1548 5477 1725 5534 restituendo
1740 5477 1821 5533 cultu
1843 5477 1913 5532 diri·
