<?xml version="1.0" encoding="UTF-8"?>
<!DOCTYPE html PUBLIC "-//W3C//DTD XHTML 1.0 Transitional//EN"
    "http://www.w3.org/TR/xhtml1/DTD/xhtml1-transitional.dtd">
<html xmlns="http://www.w3.org/1999/xhtml" xml:lang="en" lang="en">
 <head>
  <title>
</title>
<meta http-equiv="Content-Type" content="text/html;charset=utf-8" />
  <meta name='ocr-system' content='tesseract 3.04.00' />
  <meta name='ocr-capabilities' content='ocr_page ocr_carea ocr_par ocr_line ocrx_word'/>
</head>
<body>
  <div class='ocr_page' id='page_1' title='image "./patrologiaecurs17unkngoog_0149.png"; bbox 0 0 3878 6112; ppageno 0'>
   <div class='ocr_carea' id='block_1_1' title="bbox 89 273 1847 347">
    <p class='ocr_par' dir='ltr' id='par_1_1' title="bbox 89 273 1847 347">
     <span class='ocr_line' id='line_1_1' title="bbox 89 273 1847 347; baseline 0.012 -21"><span class='ocrx_word' id='word_1_1' title='bbox 89 274 142 326; x_wconf 77' lang='lat'><strong>289</strong></span> <span class='ocrx_word' id='word_1_2' title='bbox 717 273 912 333; x_wconf 76' lang='lat' dir='ltr'><strong>ntetoltllt</strong></span> <span class='ocrx_word' id='word_1_3' title='bbox 934 277 1213 338; x_wconf 76' lang='lat' dir='ltr'><strong>Ecctnsntsttcl.</strong></span> <span class='ocrx_word' id='word_1_4' title='bbox 1793 293 1847 347; x_wconf 77' lang='lat' dir='ltr'><strong>ato</strong></span> 
     </span>
    </p>
   </div>
   <div class='ocr_carea' id='block_1_2' title="bbox 87 399 1848 4454">
    <p class='ocr_par' dir='ltr' id='par_1_2' title="bbox 87 399 1848 3567">
     <span class='ocr_line' id='line_1_2' title="bbox 89 399 1848 489; baseline 0.011 -36"><span class='ocrx_word' id='word_1_5' title='bbox 89 406 138 454; x_wconf 90' lang='lat' dir='ltr'><strong>tur</strong></span> <span class='ocrx_word' id='word_1_6' title='bbox 158 399 313 468; x_wconf 79' lang='lat' dir='ltr'><strong>Nortuald,</strong></span> <span class='ocrx_word' id='word_1_7' title='bbox 331 417 348 455; x_wconf 89' lang='lat' dir='ltr'><strong>a</strong></span> <span class='ocrx_word' id='word_1_8' title='bbox 369 399 527 455; x_wconf 86' lang='lat' dir='ltr'><strong>Guutberio</strong></span> <span class='ocrx_word' id='word_1_9' title='bbox 555 402 707 469; x_wconf 91' lang='lat' dir='ltr'><strong>monacho,</strong></span> <span class='ocrx_word' id='word_1_10' title='bbox 736 407 764 456; x_wconf 90' lang='lat' dir='ltr'><strong>et</strong></span> <span class='ocrx_word' id='word_1_11' title='bbox 784 403 855 458; x_wconf 91' lang='lat' dir='ltr'><strong>inibi</strong></span> <span class='ocrx_word' id='word_1_12' title='bbox 882 403 979 475; x_wconf 77' lang='lat' dir='ltr'><strong>pri-A</strong></span> <span class='ocrx_word' id='word_1_13' title='bbox 999 412 1115 477; x_wconf 71' lang='lat' dir='ltr'><strong>nostrie,</strong></span> <span class='ocrx_word' id='word_1_14' title='bbox 1134 424 1165 462; x_wconf 85' lang='lat' dir='ltr'><strong>ac</strong></span> <span class='ocrx_word' id='word_1_15' title='bbox 1194 408 1432 480; x_wconf 86' lang='lat' dir='ltr'><strong>seniorisuostri,</strong></span> <span class='ocrx_word' id='word_1_16' title='bbox 1454 411 1586 468; x_wconf 82' lang='lat' dir='ltr'><strong>videlicet</strong></span> <span class='ocrx_word' id='word_1_17' title='bbox 1614 415 1725 470; x_wconf 83' lang='lat' dir='ltr'><strong>Ottouis</strong></span> <span class='ocrx_word' id='word_1_18' title='bbox 1752 417 1848 489; x_wconf 90' lang='lat' dir='ltr'><strong>impe-</strong></span> 
     </span>
     <span class='ocr_line' id='line_1_3' title="bbox 87 489 1846 577; baseline 0.012 -35"><span class='ocrx_word' id='word_1_19' title='bbox 87 490 175 543; x_wconf 88' lang='lat' dir='ltr'><strong>mitus</strong></span> <span class='ocrx_word' id='word_1_20' title='bbox 196 491 378 544; x_wconf 73' lang='lat' dir='ltr'><strong>eremeticam</strong></span> <span class='ocrx_word' id='word_1_21' title='bbox 409 489 881 570; x_wconf 44' lang='lat' dir='ltr'><strong>vitamducentemconstructem,</strong></span> <span class='ocrx_word' id='word_1_22' title='bbox 909 493 940 546; x_wconf 94' lang='lat' dir='ltr'><strong>in</strong></span> <span class='ocrx_word' id='word_1_23' title='bbox 996 496 1108 560; x_wconf 91' lang='lat' dir='ltr'><strong>ratoris,</strong></span> <span class='ocrx_word' id='word_1_24' title='bbox 1140 497 1310 569; x_wconf 75' lang='lat' dir='ltr'><strong>dilectaque</strong></span> <span class='ocrx_word' id='word_1_25' title='bbox 1338 500 1471 571; x_wconf 85' lang='lat' dir='ltr'><strong>conjugis</strong></span> <span class='ocrx_word' id='word_1_26' title='bbox 1506 506 1612 557; x_wconf 83' lang='lat' dir='ltr'><strong>nostrae</strong></span> <span class='ocrx_word' id='word_1_27' title='bbox 1647 503 1846 577; x_wconf 83' lang='lat' dir='ltr'><strong>Chuuiguudae</strong></span> 
     </span>
     <span class='ocr_line' id='line_1_4' title="bbox 88 577 1845 668; baseline 0.012 -37"><span class='ocrx_word' id='word_1_28' title='bbox 88 578 199 633; x_wconf 83' lang='lat' dir='ltr'><strong>honore</strong></span> <span class='ocrx_word' id='word_1_29' title='bbox 228 577 471 632; x_wconf 82' lang='lat' dir='ltr'><strong>victoriosissimae</strong></span> <span class='ocrx_word' id='word_1_30' title='bbox 504 578 596 632; x_wconf 90' lang='lat' dir='ltr'><strong>crucis</strong></span> <span class='ocrx_word' id='word_1_31' title='bbox 615 580 940 651; x_wconf 73' lang='lat' dir='ltr'><strong>sanctequelleigeni·</strong></span> <span class='ocrx_word' id='word_1_32' title='bbox 994 586 1112 654; x_wconf 75' lang='lat' dir='ltr'><strong>regina,</strong></span> <span class='ocrx_word' id='word_1_33' title='bbox 1129 602 1178 640; x_wconf 89' lang='lat' dir='ltr'><strong>seu</strong></span> <span class='ocrx_word' id='word_1_34' title='bbox 1206 594 1361 657; x_wconf 89' lang='lat' dir='ltr'><strong>pareutum</strong></span> <span class='ocrx_word' id='word_1_35' title='bbox 1389 595 1563 656; x_wconf 89' lang='lat' dir='ltr'><strong>nostrorum,</strong></span> <span class='ocrx_word' id='word_1_36' title='bbox 1594 608 1646 646; x_wconf 88' lang='lat' dir='ltr'><strong>nec</strong></span> <span class='ocrx_word' id='word_1_37' title='bbox 1668 601 1769 649; x_wconf 87' lang='lat' dir='ltr'><strong>nonet</strong></span> <span class='ocrx_word' id='word_1_38' title='bbox 1792 613 1845 668; x_wconf 90' lang='lat' dir='ltr'><strong>pro</strong></span> 
     </span>
     <span class='ocr_line' id='line_1_5' title="bbox 87 666 1842 754; baseline 0.011 -35"><span class='ocrx_word' id='word_1_39' title='bbox 87 666 360 729; x_wconf 81' lang='lat' dir='ltr'><strong>tricisldariee,nec</strong></span> <span class='ocrx_word' id='word_1_40' title='bbox 379 683 437 720; x_wconf 93' lang='lat' dir='ltr'><strong>nou</strong></span> <span class='ocrx_word' id='word_1_41' title='bbox 456 667 485 720; x_wconf 89' lang='lat' dir='ltr'><strong>n.</strong></span> <span class='ocrx_word' id='word_1_42' title='bbox 503 666 621 721; x_wconf 86' lang='lat' dir='ltr'><strong>loannis</strong></span> <span class='ocrx_word' id='word_1_43' title='bbox 651 668 793 737; x_wconf 70' lang='lat' dir='ltr'><strong>Baptistae,</strong></span> <span class='ocrx_word' id='word_1_44' title='bbox 809 668 841 723; x_wconf 90' lang='lat' dir='ltr'><strong>in</strong></span> <span class='ocrx_word' id='word_1_45' title='bbox 857 686 939 723; x_wconf 90' lang='lat' dir='ltr'><strong>usum</strong></span> <span class='ocrx_word' id='word_1_46' title='bbox 995 674 1077 742; x_wconf 89' lang='lat' dir='ltr'><strong>regni</strong></span> <span class='ocrx_word' id='word_1_47' title='bbox 1101 675 1203 742; x_wconf 91' lang='lat' dir='ltr'><strong>nostri,</strong></span> <span class='ocrx_word' id='word_1_48' title='bbox 1229 682 1304 730; x_wconf 91' lang='lat' dir='ltr'><strong>statu</strong></span> <span class='ocrx_word' id='word_1_49' title='bbox 1329 678 1501 732; x_wconf 83' lang='lat' dir='ltr'><strong>monasterio</strong></span> <span class='ocrx_word' id='word_1_50' title='bbox 1532 679 1742 751; x_wconf 81' lang='lat' dir='ltr'><strong>Ratisponensi,</strong></span> <span class='ocrx_word' id='word_1_51' title='bbox 1764 686 1842 754; x_wconf 92' lang='lat' dir='ltr'><strong>quod</strong></span> 
     </span>
     <span class='ocr_line' id='line_1_6' title="bbox 88 754 1845 830; baseline 0.011 -22"><span class='ocrx_word' id='word_1_52' title='bbox 88 754 213 809; x_wconf 80' lang='lat' dir='ltr'><strong>fratrum</strong></span> <span class='ocrx_word' id='word_1_53' title='bbox 239 755 279 809; x_wconf 91' lang='lat' dir='ltr'><strong>ibi</strong></span> <span class='ocrx_word' id='word_1_54' title='bbox 300 755 360 809; x_wconf 88' lang='lat' dir='ltr'><strong>Deo</strong></span> <span class='ocrx_word' id='word_1_55' title='bbox 390 755 442 809; x_wconf 90' lang='lat' dir='ltr'><strong>sub</strong></span> <span class='ocrx_word' id='word_1_56' title='bbox 467 756 565 826; x_wconf 89' lang='lat' dir='ltr'><strong>regula</strong></span> <span class='ocrx_word' id='word_1_57' title='bbox 589 755 615 810; x_wconf 85' lang='lat' dir='ltr'><strong>S.</strong></span> <span class='ocrx_word' id='word_1_58' title='bbox 640 756 786 812; x_wconf 79' lang='lat' dir='ltr'><strong>Benedicti</strong></span> <span class='ocrx_word' id='word_1_59' title='bbox 814 757 942 811; x_wconf 86' lang='lat' dir='ltr'><strong>servien·</strong></span> <span class='ocrx_word' id='word_1_60' title='bbox 994 761 1033 815; x_wconf 94' lang='lat' dir='ltr'><strong>ibi</strong></span> <span class='ocrx_word' id='word_1_61' title='bbox 1058 768 1174 817; x_wconf 82' lang='lat' dir='ltr'><strong>vocatur</strong></span> <span class='ocrx_word' id='word_1_62' title='bbox 1189 764 1459 830; x_wconf 74' lang='lat' dir='ltr'><strong>oberenmunester,</strong></span> <span class='ocrx_word' id='word_1_63' title='bbox 1476 766 1505 821; x_wconf 91' lang='lat' dir='ltr'><strong>iu</strong></span> <span class='ocrx_word' id='word_1_64' title='bbox 1531 767 1640 822; x_wconf 87' lang='lat' dir='ltr'><strong>honore</strong></span> <span class='ocrx_word' id='word_1_65' title='bbox 1668 775 1773 826; x_wconf 81' lang='lat' dir='ltr'><strong>sanctae</strong></span> <span class='ocrx_word' id='word_1_66' title='bbox 1795 772 1845 828; x_wconf 84' lang='lat' dir='ltr'><strong>[lei</strong></span> 
     </span>
     <span class='ocr_line' id='line_1_7' title="bbox 87 842 1843 932; baseline 0.011 -37"><span class='ocrx_word' id='word_1_67' title='bbox 87 845 177 908; x_wconf 89' lang='lat' dir='ltr'><strong>tium;</strong></span> <span class='ocrx_word' id='word_1_68' title='bbox 195 842 338 914; x_wconf 89' lang='lat' dir='ltr'><strong>quidquid</strong></span> <span class='ocrx_word' id='word_1_69' title='bbox 352 842 551 909; x_wconf 88' lang='lat' dir='ltr'><strong>habuintus,a</strong></span> <span class='ocrx_word' id='word_1_70' title='bbox 577 843 655 897; x_wconf 91' lang='lat' dir='ltr'><strong>fonte</strong></span> <span class='ocrx_word' id='word_1_71' title='bbox 673 861 833 915; x_wconf 80' lang='lat' dir='ltr'><strong>aquaequae</strong></span> <span class='ocrx_word' id='word_1_72' title='bbox 852 862 936 900; x_wconf 86' lang='lat' dir='ltr'><strong>voca·</strong></span> <span class='ocrx_word' id='word_1_73' title='bbox 966 848 970 856; x_wconf 87' lang='grc'><strong>’</strong></span> <span class='ocrx_word' id='word_1_74' title='bbox 994 851 1144 905; x_wconf 81' lang='lat' dir='ltr'><strong>Genitticis</strong></span> <span class='ocrx_word' id='word_1_75' title='bbox 1160 869 1330 925; x_wconf 91' lang='lat' dir='ltr'><strong>semperque</strong></span> <span class='ocrx_word' id='word_1_76' title='bbox 1345 855 1469 925; x_wconf 86' lang='lat' dir='ltr'><strong>Virginis</strong></span> <span class='ocrx_word' id='word_1_77' title='bbox 1496 856 1590 910; x_wconf 82' lang='lat' dir='ltr'><strong>ldarioe</strong></span> <span class='ocrx_word' id='word_1_78' title='bbox 1610 856 1751 925; x_wconf 88' lang='lat' dir='ltr'><strong>dedicato,</strong></span> <span class='ocrx_word' id='word_1_79' title='bbox 1781 860 1843 932; x_wconf 87' lang='lat' dir='ltr'><strong>ipsa</strong></span> 
     </span>
     <span class='ocr_line' id='line_1_8' title="bbox 88 931 1844 1012; baseline 0.008 -27"><span class='ocrx_word' id='word_1_80' title='bbox 88 931 316 1002; x_wconf 87' lang='lat' dir='ltr'><strong>lurLeiplliusa,</strong></span> <span class='ocrx_word' id='word_1_81' title='bbox 334 932 476 1002; x_wconf 81' lang='lat' dir='ltr'><strong>usquead</strong></span> <span class='ocrx_word' id='word_1_82' title='bbox 506 932 600 985; x_wconf 92' lang='lat' dir='ltr'><strong>locum</strong></span> <span class='ocrx_word' id='word_1_83' title='bbox 622 932 671 1002; x_wconf 92' lang='lat' dir='ltr'><strong>qui</strong></span> <span class='ocrx_word' id='word_1_84' title='bbox 701 940 819 987; x_wconf 86' lang='lat' dir='ltr'><strong>vocatur</strong></span> <span class='ocrx_word' id='word_1_85' title='bbox 847 933 941 989; x_wconf 86' lang='lat' dir='ltr'><strong>Swar·</strong></span> <span class='ocrx_word' id='word_1_86' title='bbox 995 934 1203 1006; x_wconf 89' lang='lat' dir='ltr'><strong>diequaillnd‚</strong></span> <span class='ocrx_word' id='word_1_87' title='bbox 1233 953 1286 1007; x_wconf 91' lang='lat' dir='ltr'><strong>per</strong></span> <span class='ocrx_word' id='word_1_88' title='bbox 1315 938 1599 994; x_wconf 87' lang='lat' dir='ltr'><strong>nosafundamento</strong></span> <span class='ocrx_word' id='word_1_89' title='bbox 1616 943 1783 1012; x_wconf 90' lang='lat' dir='ltr'><strong>perfectum,</strong></span> <span class='ocrx_word' id='word_1_90' title='bbox 1814 945 1844 999; x_wconf 93' lang='lat' dir='ltr'><strong>in</strong></span> 
     </span>
     <span class='ocr_line' id='line_1_9' title="bbox 88 1020 1844 1101; baseline 0.008 -28"><span class='ocrx_word' id='word_1_91' title='bbox 88 1020 387 1085; x_wconf 82' lang='lat' dir='ltr'><strong>tewiuchill,etinde</strong></span> <span class='ocrx_word' id='word_1_92' title='bbox 418 1035 508 1091; x_wconf 92' lang='lat' dir='ltr'><strong>usque</strong></span> <span class='ocrx_word' id='word_1_93' title='bbox 536 1020 570 1075; x_wconf 90' lang='lat' dir='ltr'><strong>ad</strong></span> <span class='ocrx_word' id='word_1_94' title='bbox 605 1027 733 1075; x_wconf 90' lang='lat' dir='ltr'><strong>montem</strong></span> <span class='ocrx_word' id='word_1_95' title='bbox 760 1021 942 1093; x_wconf 85' lang='lat' dir='ltr'><strong>quivocutur</strong></span> <span class='ocrx_word' id='word_1_96' title='bbox 994 1023 1148 1094; x_wconf 78' lang='lat' dir='ltr'><strong>praesentia</strong></span> <span class='ocrx_word' id='word_1_97' title='bbox 1172 1025 1261 1078; x_wconf 80' lang='lat' dir='ltr'><strong>nostri</strong></span> <span class='ocrx_word' id='word_1_98' title='bbox 1280 1042 1314 1079; x_wconf 83' lang='lat' dir='ltr'><strong>xv</strong></span> <span class='ocrx_word' id='word_1_99' title='bbox 1345 1027 1404 1080; x_wconf 80' lang='lat' dir='ltr'><strong>liat.</strong></span> <span class='ocrx_word' id='word_1_100' title='bbox 1427 1027 1492 1081; x_wconf 78' lang='lat' dir='ltr'><strong>nati</strong></span> <span class='ocrx_word' id='word_1_101' title='bbox 1517 1029 1678 1083; x_wconf 87' lang='lat' dir='ltr'><strong>consecrari</strong></span> <span class='ocrx_word' id='word_1_102' title='bbox 1706 1031 1844 1101; x_wconf 66' lang='lat' dir='ltr'><strong>{fecimus</strong></span> 
     </span>
     <span class='ocr_line' id='line_1_10' title="bbox 91 1107 1845 1184; baseline 0.007 -22"><span class='ocrx_word' id='word_1_103' title='bbox 91 1107 332 1176; x_wconf 81' lang='lat' dir='ltr'><strong>Elskirischbucb,</strong></span> <span class='ocrx_word' id='word_1_104' title='bbox 349 1108 432 1162; x_wconf 88' lang='lat' dir='ltr'><strong>etita</strong></span> <span class='ocrx_word' id='word_1_105' title='bbox 453 1109 593 1179; x_wconf 89' lang='lat' dir='ltr'><strong>usquead</strong></span> <span class='ocrx_word' id='word_1_106' title='bbox 611 1125 714 1178; x_wconf 89' lang='lat' dir='ltr'><strong>aquam</strong></span> <span class='ocrx_word' id='word_1_107' title='bbox 744 1118 944 1181; x_wconf 81' lang='lat' dir='ltr'><strong>quaevocalur</strong></span> <span class='ocrx_word' id='word_1_108' title='bbox 996 1112 1141 1183; x_wconf 88' lang='lat' dir='ltr'><strong>quandam</strong></span> <span class='ocrx_word' id='word_1_109' title='bbox 1172 1114 1261 1168; x_wconf 82' lang='lat' dir='ltr'><strong>nostri</strong></span> <span class='ocrx_word' id='word_1_110' title='bbox 1287 1114 1361 1184; x_wconf 85' lang='lat' dir='ltr'><strong>juris</strong></span> <span class='ocrx_word' id='word_1_111' title='bbox 1398 1122 1509 1170; x_wconf 90' lang='lat' dir='ltr'><strong>curtem</strong></span> <span class='ocrx_word' id='word_1_112' title='bbox 1548 1117 1664 1172; x_wconf 91' lang='lat' dir='ltr'><strong>nomine</strong></span> <span class='ocrx_word' id='word_1_113' title='bbox 1690 1119 1789 1175; x_wconf 84' lang='lat' dir='ltr'><strong>Salabt</strong></span> <span class='ocrx_word' id='word_1_114' title='bbox 1815 1122 1845 1175; x_wconf 93' lang='lat' dir='ltr'><strong>iu</strong></span> 
     </span>
     <span class='ocr_line' id='line_1_11' title="bbox 91 1196 1845 1280; baseline 0.007 -30"><span class='ocrx_word' id='word_1_115' title='bbox 91 1197 349 1261; x_wconf 82' lang='lat' dir='ltr'><strong>Forchenbacb,et</strong></span> <span class='ocrx_word' id='word_1_116' title='bbox 376 1196 443 1251; x_wconf 91' lang='lat' dir='ltr'><strong>inde</strong></span> <span class='ocrx_word' id='word_1_117' title='bbox 466 1197 502 1250; x_wconf 92' lang='lat' dir='ltr'><strong>ad</strong></span> <span class='ocrx_word' id='word_1_118' title='bbox 518 1196 738 1263; x_wconf 87' lang='lat' dir='ltr'><strong>flolerenbercb,</strong></span> <span class='ocrx_word' id='word_1_119' title='bbox 767 1200 942 1270; x_wconf 80' lang='lat' dir='ltr'><strong>usquedum</strong></span> <span class='ocrx_word' id='word_1_120' title='bbox 995 1199 1134 1254; x_wconf 88' lang='lat' dir='ltr'><strong>comitatu</strong></span> <span class='ocrx_word' id='word_1_121' title='bbox 1151 1201 1301 1272; x_wconf 81' lang='lat' dir='ltr'><strong>liuotperti</strong></span> <span class='ocrx_word' id='word_1_122' title='bbox 1331 1203 1454 1268; x_wconf 91' lang='lat' dir='ltr'><strong>comitis,</strong></span> <span class='ocrx_word' id='word_1_123' title='bbox 1472 1203 1502 1257; x_wconf 94' lang='lat' dir='ltr'><strong>in</strong></span> <span class='ocrx_word' id='word_1_124' title='bbox 1532 1221 1606 1276; x_wconf 89' lang='lat' dir='ltr'><strong>pago</strong></span> <span class='ocrx_word' id='word_1_125' title='bbox 1627 1205 1845 1280; x_wconf 85' lang='lat' dir='ltr'><strong>Duonocbgowe</strong></span> 
     </span>
     <span class='ocr_line' id='line_1_12' title="bbox 89 1284 1846 1365; baseline 0.009 -29"><span class='ocrx_word' id='word_1_126' title='bbox 89 1285 191 1339; x_wconf 84' lang='lat' dir='ltr'><strong>venias</strong></span> <span class='ocrx_word' id='word_1_127' title='bbox 219 1284 457 1351; x_wconf 86' lang='lat' dir='ltr'><strong>Plecentenstein,</strong></span> <span class='ocrx_word' id='word_1_128' title='bbox 479 1289 507 1338; x_wconf 90' lang='lat' dir='ltr'><strong>et</strong></span> <span class='ocrx_word' id='word_1_129' title='bbox 530 1285 655 1339; x_wconf 87' lang='lat' dir='ltr'><strong>indeed</strong></span> <span class='ocrx_word' id='word_1_130' title='bbox 687 1284 944 1355; x_wconf 83' lang='lat' dir='ltr'><strong>Grecbenbech,et</strong></span> <span class='ocrx_word' id='word_1_131' title='bbox 996 1288 1283 1343; x_wconf 91' lang='lat' dir='ltr'><strong>cumomnibussuis</strong></span> <span class='ocrx_word' id='word_1_132' title='bbox 1307 1291 1489 1362; x_wconf 88' lang='lat' dir='ltr'><strong>pertinentiis</strong></span> <span class='ocrx_word' id='word_1_133' title='bbox 1516 1309 1567 1346; x_wconf 90' lang='lat' dir='ltr'><strong>seu</strong></span> <span class='ocrx_word' id='word_1_134' title='bbox 1581 1294 1768 1365; x_wconf 86' lang='lat' dir='ltr'><strong>appendiciis,</strong></span> <span class='ocrx_word' id='word_1_135' title='bbox 1790 1297 1846 1351; x_wconf 86' lang='lat' dir='ltr'><strong>ril-</strong></span> 
     </span>
     <span class='ocr_line' id='line_1_13' title="bbox 89 1373 1846 1450; baseline 0.006 -22"><span class='ocrx_word' id='word_1_136' title='bbox 89 1376 132 1428; x_wconf 90' lang='lat' dir='ltr'><strong>sic</strong></span> <span class='ocrx_word' id='word_1_137' title='bbox 148 1375 182 1428; x_wconf 95' lang='lat' dir='ltr'><strong>ad</strong></span> <span class='ocrx_word' id='word_1_138' title='bbox 198 1374 306 1428; x_wconf 90' lang='lat' dir='ltr'><strong>fontem</strong></span> <span class='ocrx_word' id='word_1_139' title='bbox 322 1373 413 1444; x_wconf 91' lang='lat' dir='ltr'><strong>ipsius</strong></span> <span class='ocrx_word' id='word_1_140' title='bbox 439 1389 534 1444; x_wconf 80' lang='lat' dir='ltr'><strong>aquae,</strong></span> <span class='ocrx_word' id='word_1_141' title='bbox 559 1375 640 1429; x_wconf 87' lang='lat' dir='ltr'><strong>etita</strong></span> <span class='ocrx_word' id='word_1_142' title='bbox 667 1390 720 1445; x_wconf 86' lang='lat' dir='ltr'><strong>per</strong></span> <span class='ocrx_word' id='word_1_143' title='bbox 742 1392 847 1446; x_wconf 69' lang='lat' dir='ltr'><strong>aequam</strong></span> <span class='ocrx_word' id='word_1_144' title='bbox 877 1391 942 1447; x_wconf 85' lang='lat' dir='ltr'><strong>quae</strong></span> <span class='ocrx_word' id='word_1_145' title='bbox 995 1377 1214 1446; x_wconf 81' lang='lat' dir='ltr'><strong>lis,vicis,cum</strong></span> <span class='ocrx_word' id='word_1_146' title='bbox 1241 1378 1358 1432; x_wconf 87' lang='lat' dir='ltr'><strong>familiis</strong></span> <span class='ocrx_word' id='word_1_147' title='bbox 1377 1379 1526 1450; x_wconf 88' lang='lat' dir='ltr'><strong>utriusque</strong></span> <span class='ocrx_word' id='word_1_148' title='bbox 1549 1398 1632 1435; x_wconf 78' lang='lat' dir='ltr'><strong>sexus</strong></span> <span class='ocrx_word' id='word_1_149' title='bbox 1657 1382 1742 1449; x_wconf 86' lang='lat' dir='ltr'><strong>areis,</strong></span> <span class='ocrx_word' id='word_1_150' title='bbox 1773 1384 1846 1439; x_wconf 85' lang='lat' dir='ltr'><strong>tedi-</strong></span> 
     </span>
     <span class='ocr_line' id='line_1_14' title="bbox 90 1461 1845 1539; baseline 0.005 -22"><span class='ocrx_word' id='word_1_151' title='bbox 90 1462 199 1517; x_wconf 89' lang='lat' dir='ltr'><strong>dicitur</strong></span> <span class='ocrx_word' id='word_1_152' title='bbox 216 1462 375 1528; x_wconf 74' lang='lat' dir='ltr'><strong>l&#39;linsbacb,</strong></span> <span class='ocrx_word' id='word_1_153' title='bbox 403 1467 432 1516; x_wconf 92' lang='lat' dir='ltr'><strong>et</strong></span> <span class='ocrx_word' id='word_1_154' title='bbox 460 1461 537 1528; x_wconf 90' lang='lat' dir='ltr'><strong>hinc,</strong></span> <span class='ocrx_word' id='word_1_155' title='bbox 563 1467 594 1516; x_wconf 91' lang='lat' dir='ltr'><strong>ut</strong></span> <span class='ocrx_word' id='word_1_156' title='bbox 616 1463 854 1518; x_wconf 81' lang='lat' dir='ltr'><strong>subterminatum</strong></span> <span class='ocrx_word' id='word_1_157' title='bbox 889 1469 941 1533; x_wconf 88' lang='lat' dir='ltr'><strong>est,</strong></span> <span class='ocrx_word' id='word_1_158' title='bbox 996 1465 1202 1536; x_wconf 88' lang='lat' dir='ltr'><strong>liciis,campis</strong></span> <span class='ocrx_word' id='word_1_159' title='bbox 1232 1467 1332 1537; x_wconf 88' lang='lat' dir='ltr'><strong>pratis,</strong></span> <span class='ocrx_word' id='word_1_160' title='bbox 1362 1467 1485 1538; x_wconf 86' lang='lat' dir='ltr'><strong>pascuis,</strong></span> <span class='ocrx_word' id='word_1_161' title='bbox 1514 1469 1602 1535; x_wconf 84' lang='lat' dir='ltr'><strong>sitris,</strong></span> <span class='ocrx_word' id='word_1_162' title='bbox 1631 1471 1845 1539; x_wconf 81' lang='lat' dir='ltr'><strong>venationibus,</strong></span> 
     </span>
     <span class='ocr_line' id='line_1_15' title="bbox 89 1550 1847 1627; baseline 0.007 -23"><span class='ocrx_word' id='word_1_163' title='bbox 89 1552 124 1606; x_wconf 92' lang='lat' dir='ltr'><strong>ed</strong></span> <span class='ocrx_word' id='word_1_164' title='bbox 143 1551 369 1621; x_wconf 85' lang='lat' dir='ltr'><strong>llntnenltegin,</strong></span> <span class='ocrx_word' id='word_1_165' title='bbox 395 1555 491 1622; x_wconf 85' lang='lat' dir='ltr'><strong>etper</strong></span> <span class='ocrx_word' id='word_1_166' title='bbox 509 1550 677 1606; x_wconf 86' lang='lat' dir='ltr'><strong>descensum</strong></span> <span class='ocrx_word' id='word_1_167' title='bbox 699 1553 790 1624; x_wconf 87' lang='lat' dir='ltr'><strong>llegni</strong></span> <span class='ocrx_word' id='word_1_168' title='bbox 815 1551 943 1607; x_wconf 88' lang='lat' dir='ltr'><strong>fluminis</strong></span> <span class='ocrx_word' id='word_1_169' title='bbox 997 1553 1078 1625; x_wconf 90' lang='lat' dir='ltr'><strong>aquis</strong></span> <span class='ocrx_word' id='word_1_170' title='bbox 1093 1571 1267 1625; x_wconf 86' lang='lat' dir='ltr'><strong>aquarumve</strong></span> <span class='ocrx_word' id='word_1_171' title='bbox 1283 1555 1459 1622; x_wconf 87' lang='lat' dir='ltr'><strong>decursibus,</strong></span> <span class='ocrx_word' id='word_1_172' title='bbox 1486 1556 1703 1627; x_wconf 85' lang='lat' dir='ltr'><strong>piscationibus,</strong></span> <span class='ocrx_word' id='word_1_173' title='bbox 1736 1561 1847 1617; x_wconf 90' lang='lat' dir='ltr'><strong>molen·</strong></span> 
     </span>
     <span class='ocr_line' id='line_1_16' title="bbox 90 1638 1847 1719; baseline 0.006 -26"><span class='ocrx_word' id='word_1_174' title='bbox 90 1640 230 1712; x_wconf 83' lang='lat' dir='ltr'><strong>usquein</strong></span> <span class='ocrx_word' id='word_1_175' title='bbox 246 1640 342 1693; x_wconf 84' lang='lat' dir='ltr'><strong>villam</strong></span> <span class='ocrx_word' id='word_1_176' title='bbox 361 1639 440 1694; x_wconf 87' lang='lat' dir='ltr'><strong>illam</strong></span> <span class='ocrx_word' id='word_1_177' title='bbox 467 1638 696 1712; x_wconf 81' lang='lat' dir='ltr'><strong>Piberach,quae</strong></span> <span class='ocrx_word' id='word_1_178' title='bbox 725 1641 847 1696; x_wconf 89' lang='lat' dir='ltr'><strong>duarum</strong></span> <span class='ocrx_word' id='word_1_179' title='bbox 863 1641 943 1695; x_wconf 90' lang='lat' dir='ltr'><strong>Pibe·</strong></span> <span class='ocrx_word' id='word_1_180' title='bbox 997 1643 1258 1709; x_wconf 85' lang='lat' dir='ltr'><strong>dinis,exitibuset</strong></span> <span class='ocrx_word' id='word_1_181' title='bbox 1281 1643 1429 1710; x_wconf 86' lang='lat' dir='ltr'><strong>reditibus,</strong></span> <span class='ocrx_word' id='word_1_182' title='bbox 1454 1644 1508 1699; x_wconf 86' lang='lat' dir='ltr'><strong>viis</strong></span> <span class='ocrx_word' id='word_1_183' title='bbox 1538 1650 1566 1699; x_wconf 90' lang='lat' dir='ltr'><strong>et</strong></span> <span class='ocrx_word' id='word_1_184' title='bbox 1591 1645 1686 1713; x_wconf 85' lang='lat' dir='ltr'><strong>inviis,</strong></span> <span class='ocrx_word' id='word_1_185' title='bbox 1717 1649 1847 1719; x_wconf 85' lang='lat' dir='ltr'><strong>quaesitis</strong></span> 
     </span>
     <span class='ocr_line' id='line_1_17' title="bbox 90 1709 1846 1805; baseline 0.006 -23"><span class='ocrx_word' id='word_1_186' title='bbox 90 1727 272 1782; x_wconf 90' lang='lat' dir='ltr'><strong>racbmedia</strong></span> <span class='ocrx_word' id='word_1_187' title='bbox 294 1726 445 1792; x_wconf 91' lang='lat' dir='ltr'><strong>interfluit,</strong></span> <span class='ocrx_word' id='word_1_188' title='bbox 476 1728 566 1782; x_wconf 89' lang='lat' dir='ltr'><strong>etsie</strong></span> <span class='ocrx_word' id='word_1_189' title='bbox 594 1745 708 1782; x_wconf 89' lang='lat' dir='ltr'><strong>sursum</strong></span> <span class='ocrx_word' id='word_1_190' title='bbox 739 1744 789 1799; x_wconf 92' lang='lat' dir='ltr'><strong>per</strong></span> <span class='ocrx_word' id='word_1_191' title='bbox 811 1728 942 1783; x_wconf 85' lang='lat' dir='ltr'><strong>eamdem</strong></span> <span class='ocrx_word' id='word_1_192' title='bbox 960 1709 979 1762; x_wconf 75' lang='grc' dir='ltr'><strong>Β</strong></span> <span class='ocrx_word' id='word_1_193' title='bbox 998 1733 1056 1786; x_wconf 87' lang='lat' dir='ltr'><strong>sive</strong></span> <span class='ocrx_word' id='word_1_194' title='bbox 1069 1731 1257 1802; x_wconf 90' lang='lat' dir='ltr'><strong>inquirendis,</strong></span> <span class='ocrx_word' id='word_1_195' title='bbox 1274 1747 1340 1786; x_wconf 91' lang='lat' dir='ltr'><strong>cum</strong></span> <span class='ocrx_word' id='word_1_196' title='bbox 1356 1732 1490 1787; x_wconf 89' lang='lat' dir='ltr'><strong>omnibus</strong></span> <span class='ocrx_word' id='word_1_197' title='bbox 1511 1749 1575 1805; x_wconf 77' lang='lat' dir='ltr'><strong>qum</strong></span> <span class='ocrx_word' id='word_1_198' title='bbox 1600 1734 1731 1805; x_wconf 91' lang='lat' dir='ltr'><strong>quolibet</strong></span> <span class='ocrx_word' id='word_1_199' title='bbox 1759 1738 1846 1792; x_wconf 83' lang='lat' dir='ltr'><strong>niodo</strong></span> 
     </span>
     <span class='ocr_line' id='line_1_18' title="bbox 91 1814 1847 1891; baseline 0.002 -21"><span class='ocrx_word' id='word_1_200' title='bbox 91 1815 350 1886; x_wconf 85' lang='lat' dir='ltr'><strong>Piberach,usqte</strong></span> <span class='ocrx_word' id='word_1_201' title='bbox 370 1815 404 1869; x_wconf 88' lang='lat' dir='ltr'><strong>ed</strong></span> <span class='ocrx_word' id='word_1_202' title='bbox 426 1815 520 1870; x_wconf 88' lang='lat' dir='ltr'><strong>locum</strong></span> <span class='ocrx_word' id='word_1_203' title='bbox 546 1817 698 1887; x_wconf 90' lang='lat' dir='ltr'><strong>qttiestin</strong></span> <span class='ocrx_word' id='word_1_204' title='bbox 722 1824 820 1872; x_wconf 89' lang='lat' dir='ltr'><strong>moute</strong></span> <span class='ocrx_word' id='word_1_205' title='bbox 848 1819 942 1873; x_wconf 89' lang='lat' dir='ltr'><strong>llaua·</strong></span> <span class='ocrx_word' id='word_1_206' title='bbox 996 1815 1052 1869; x_wconf 91' lang='lat' dir='ltr'><strong>dici</strong></span> <span class='ocrx_word' id='word_1_207' title='bbox 1074 1820 1124 1869; x_wconf 90' lang='lat' dir='ltr'><strong>aut</strong></span> <span class='ocrx_word' id='word_1_208' title='bbox 1145 1814 1290 1869; x_wconf 87' lang='lat' dir='ltr'><strong>nominari</strong></span> <span class='ocrx_word' id='word_1_209' title='bbox 1321 1821 1441 1887; x_wconf 86' lang='lat' dir='ltr'><strong>possunt</strong></span> <span class='ocrx_word' id='word_1_210' title='bbox 1479 1817 1661 1887; x_wconf 79' lang='lat' dir='ltr'><strong>utilitatibus,</strong></span> <span class='ocrx_word' id='word_1_211' title='bbox 1693 1835 1745 1891; x_wconf 92' lang='lat' dir='ltr'><strong>per</strong></span> <span class='ocrx_word' id='word_1_212' title='bbox 1774 1820 1847 1875; x_wconf 89' lang='lat' dir='ltr'><strong>banc</strong></span> 
     </span>
     <span class='ocr_line' id='line_1_19' title="bbox 88 1903 1845 1977; baseline 0.002 -18"><span class='ocrx_word' id='word_1_213' title='bbox 88 1905 174 1972; x_wconf 75' lang='lat' dir='ltr'><strong>rich,</strong></span> <span class='ocrx_word' id='word_1_214' title='bbox 205 1910 234 1959; x_wconf 93' lang='lat' dir='ltr'><strong>et</strong></span> <span class='ocrx_word' id='word_1_215' title='bbox 259 1903 326 1958; x_wconf 91' lang='lat' dir='ltr'><strong>inde</strong></span> <span class='ocrx_word' id='word_1_216' title='bbox 354 1919 406 1975; x_wconf 90' lang='lat' dir='ltr'><strong>per</strong></span> <span class='ocrx_word' id='word_1_217' title='bbox 433 1904 586 1959; x_wconf 81' lang='lat' dir='ltr'><strong>deciirsum</strong></span> <span class='ocrx_word' id='word_1_218' title='bbox 626 1921 709 1977; x_wconf 83' lang='lat' dir='ltr'><strong>aquae</strong></span> <span class='ocrx_word' id='word_1_219' title='bbox 732 1922 796 1976; x_wconf 80' lang='lat' dir='ltr'><strong>qum</strong></span> <span class='ocrx_word' id='word_1_220' title='bbox 824 1910 943 1959; x_wconf 77' lang='lat' dir='ltr'><strong>uocatur</strong></span> <span class='ocrx_word' id='word_1_221' title='bbox 997 1908 1124 1957; x_wconf 88' lang='lat' dir='ltr'><strong>nostram</strong></span> <span class='ocrx_word' id='word_1_222' title='bbox 1147 1904 1272 1973; x_wconf 89' lang='lat' dir='ltr'><strong>regalem</strong></span> <span class='ocrx_word' id='word_1_223' title='bbox 1315 1905 1450 1975; x_wconf 87' lang='lat' dir='ltr'><strong>paginam</strong></span> <span class='ocrx_word' id='word_1_224' title='bbox 1477 1906 1570 1960; x_wconf 84' lang='lat' dir='ltr'><strong>eidem</strong></span> <span class='ocrx_word' id='word_1_225' title='bbox 1604 1907 1779 1962; x_wconf 86' lang='lat' dir='ltr'><strong>monasterio</strong></span> <span class='ocrx_word' id='word_1_226' title='bbox 1810 1908 1845 1963; x_wconf 92' lang='lat' dir='ltr'><strong>ad</strong></span> 
     </span>
     <span class='ocr_line' id='line_1_20' title="bbox 88 1991 1842 2065; baseline 0.002 -17"><span class='ocrx_word' id='word_1_227' title='bbox 88 1992 211 2057; x_wconf 85' lang='lat' dir='ltr'><strong>Sebacb,</strong></span> <span class='ocrx_word' id='word_1_228' title='bbox 228 1998 257 2047; x_wconf 90' lang='lat' dir='ltr'><strong>et</strong></span> <span class='ocrx_word' id='word_1_229' title='bbox 270 1993 311 2046; x_wconf 88' lang='lat' dir='ltr'><strong>sic</strong></span> <span class='ocrx_word' id='word_1_230' title='bbox 330 1991 406 2061; x_wconf 92' lang='lat' dir='ltr'><strong>inde,</strong></span> <span class='ocrx_word' id='word_1_231' title='bbox 426 1998 460 2047; x_wconf 91' lang='lat' dir='ltr'><strong>ut</strong></span> <span class='ocrx_word' id='word_1_232' title='bbox 476 1993 560 2048; x_wconf 89' lang='lat' dir='ltr'><strong>modo</strong></span> <span class='ocrx_word' id='word_1_233' title='bbox 575 1995 763 2048; x_wconf 88' lang='lat' dir='ltr'><strong>terminatum</strong></span> <span class='ocrx_word' id='word_1_234' title='bbox 777 1999 831 2059; x_wconf 89' lang='lat' dir='ltr'><strong>est,</strong></span> <span class='ocrx_word' id='word_1_235' title='bbox 849 2009 941 2065; x_wconf 91' lang='lat' dir='ltr'><strong>usque</strong></span> <span class='ocrx_word' id='word_1_236' title='bbox 996 2008 1080 2046; x_wconf 90' lang='lat' dir='ltr'><strong>osum</strong></span> <span class='ocrx_word' id='word_1_237' title='bbox 1096 1996 1124 2045; x_wconf 92' lang='lat' dir='ltr'><strong>et</strong></span> <span class='ocrx_word' id='word_1_238' title='bbox 1143 1991 1284 2062; x_wconf 90' lang='lat' dir='ltr'><strong>stipendia</strong></span> <span class='ocrx_word' id='word_1_239' title='bbox 1295 1993 1558 2048; x_wconf 82' lang='lat' dir='ltr'><strong>sanctimonialium</strong></span> <span class='ocrx_word' id='word_1_240' title='bbox 1573 1994 1645 2049; x_wconf 91' lang='lat' dir='ltr'><strong>inibi</strong></span> <span class='ocrx_word' id='word_1_241' title='bbox 1671 1996 1730 2051; x_wconf 85' lang='lat' dir='ltr'><strong>Deo</strong></span> <span class='ocrx_word' id='word_1_242' title='bbox 1749 1996 1842 2052; x_wconf 86' lang='lat' dir='ltr'><strong>famu·</strong></span> 
     </span>
     <span class='ocr_line' id='line_1_21' title="bbox 91 2080 1847 2155; baseline 0.002 -19"><span class='ocrx_word' id='word_1_243' title='bbox 91 2082 127 2136; x_wconf 85' lang='lat' dir='ltr'><strong>ed</strong></span> <span class='ocrx_word' id='word_1_244' title='bbox 144 2082 240 2136; x_wconf 89' lang='lat' dir='ltr'><strong>locum</strong></span> <span class='ocrx_word' id='word_1_245' title='bbox 258 2080 306 2134; x_wconf 89' lang='lat' dir='ltr'><strong>ubi</strong></span> <span class='ocrx_word' id='word_1_246' title='bbox 329 2080 500 2135; x_wconf 81' lang='lat' dir='ltr'><strong>lielbirbacb</strong></span> <span class='ocrx_word' id='word_1_247' title='bbox 521 2081 597 2136; x_wconf 85' lang='lat' dir='ltr'><strong>cadit</strong></span> <span class='ocrx_word' id='word_1_248' title='bbox 615 2082 646 2135; x_wconf 93' lang='lat' dir='ltr'><strong>in</strong></span> <span class='ocrx_word' id='word_1_249' title='bbox 663 2083 759 2136; x_wconf 90' lang='lat' dir='ltr'><strong>album</strong></span> <span class='ocrx_word' id='word_1_250' title='bbox 776 2082 878 2152; x_wconf 80' lang='lat' dir='ltr'><strong>Regin,</strong></span> <span class='ocrx_word' id='word_1_251' title='bbox 894 2098 944 2135; x_wconf 92' lang='lat' dir='ltr'><strong>us·</strong></span> <span class='ocrx_word' id='word_1_252' title='bbox 996 2080 1119 2135; x_wconf 88' lang='lat' dir='ltr'><strong>fantium</strong></span> <span class='ocrx_word' id='word_1_253' title='bbox 1142 2080 1253 2150; x_wconf 87' lang='lat' dir='ltr'><strong>integre</strong></span> <span class='ocrx_word' id='word_1_254' title='bbox 1281 2082 1474 2136; x_wconf 90' lang='lat' dir='ltr'><strong>concessimus</strong></span> <span class='ocrx_word' id='word_1_255' title='bbox 1501 2087 1586 2155; x_wconf 89' lang='lat' dir='ltr'><strong>utque</strong></span> <span class='ocrx_word' id='word_1_256' title='bbox 1609 2084 1792 2153; x_wconf 87' lang='lat' dir='ltr'><strong>tradidimus,</strong></span> <span class='ocrx_word' id='word_1_257' title='bbox 1818 2091 1847 2140; x_wconf 89' lang='lat' dir='ltr'><strong>et</strong></span> 
     </span>
     <span class='ocr_line' id='line_1_22' title="bbox 91 2168 1845 2241; baseline 0.003 -17"><span class='ocrx_word' id='word_1_258' title='bbox 91 2169 197 2240; x_wconf 90' lang='lat' dir='ltr'><strong>quein</strong></span> <span class='ocrx_word' id='word_1_259' title='bbox 210 2169 426 2234; x_wconf 76' lang='lat' dir='ltr'><strong>bllaltresbach,</strong></span> <span class='ocrx_word' id='word_1_260' title='bbox 454 2169 564 2223; x_wconf 89' lang='lat' dir='ltr'><strong>etinde</strong></span> <span class='ocrx_word' id='word_1_261' title='bbox 593 2171 629 2224; x_wconf 89' lang='lat' dir='ltr'><strong>ad</strong></span> <span class='ocrx_word' id='word_1_262' title='bbox 651 2186 788 2241; x_wconf 90' lang='lat' dir='ltr'><strong>magnum</strong></span> <span class='ocrx_word' id='word_1_263' title='bbox 816 2170 941 2240; x_wconf 84' lang='lat' dir='ltr'><strong>lapidem</strong></span> <span class='ocrx_word' id='word_1_264' title='bbox 996 2168 1032 2223; x_wconf 88' lang='lat' dir='ltr'><strong>de</strong></span> <span class='ocrx_word' id='word_1_265' title='bbox 1046 2176 1143 2223; x_wconf 86' lang='lat' dir='ltr'><strong>uestro</strong></span> <span class='ocrx_word' id='word_1_266' title='bbox 1156 2169 1220 2239; x_wconf 78' lang='lat' dir='ltr'><strong>Jure</strong></span> <span class='ocrx_word' id='word_1_267' title='bbox 1237 2184 1269 2223; x_wconf 90' lang='lat' dir='ltr'><strong>ac</strong></span> <span class='ocrx_word' id='word_1_268' title='bbox 1284 2168 1412 2224; x_wconf 90' lang='lat' dir='ltr'><strong>dominio</strong></span> <span class='ocrx_word' id='word_1_269' title='bbox 1423 2170 1453 2224; x_wconf 93' lang='lat' dir='ltr'><strong>in</strong></span> <span class='ocrx_word' id='word_1_270' title='bbox 1468 2170 1530 2240; x_wconf 90' lang='lat' dir='ltr'><strong>ejus</strong></span> <span class='ocrx_word' id='word_1_271' title='bbox 1553 2171 1602 2241; x_wconf 89' lang='lat' dir='ltr'><strong>jus</strong></span> <span class='ocrx_word' id='word_1_272' title='bbox 1626 2176 1654 2226; x_wconf 89' lang='lat' dir='ltr'><strong>et</strong></span> <span class='ocrx_word' id='word_1_273' title='bbox 1684 2173 1845 2229; x_wconf 90' lang='lat' dir='ltr'><strong>dominium</strong></span> 
     </span>
     <span class='ocr_line' id='line_1_23' title="bbox 91 2257 1848 2330; baseline 0.002 -18"><span class='ocrx_word' id='word_1_274' title='bbox 91 2259 145 2330; x_wconf 91' lang='lat' dir='ltr'><strong>qui</strong></span> <span class='ocrx_word' id='word_1_275' title='bbox 159 2274 196 2313; x_wconf 85' lang='lat' dir='ltr'><strong>ex</strong></span> <span class='ocrx_word' id='word_1_276' title='bbox 207 2257 340 2315; x_wconf 86' lang='lat' dir='ltr'><strong>orientali</strong></span> <span class='ocrx_word' id='word_1_277' title='bbox 352 2258 438 2328; x_wconf 84' lang='lat' dir='ltr'><strong>plaga</strong></span> <span class='ocrx_word' id='word_1_278' title='bbox 452 2272 543 2329; x_wconf 91' lang='lat' dir='ltr'><strong>prope</strong></span> <span class='ocrx_word' id='word_1_279' title='bbox 563 2263 681 2312; x_wconf 86' lang='lat' dir='ltr'><strong>stratam</strong></span> <span class='ocrx_word' id='word_1_280' title='bbox 708 2258 785 2329; x_wconf 88' lang='lat' dir='ltr'><strong>jacet</strong></span> <span class='ocrx_word' id='word_1_281' title='bbox 809 2261 941 2330; x_wconf 77' lang='lat' dir='ltr'><strong>quetis·</strong></span> <span class='ocrx_word' id='word_1_282' title='bbox 996 2257 1114 2312; x_wconf 90' lang='lat' dir='ltr'><strong>omnino</strong></span> <span class='ocrx_word' id='word_1_283' title='bbox 1126 2257 1364 2324; x_wconf 88' lang='lat' dir='ltr'><strong>transfundimus,</strong></span> <span class='ocrx_word' id='word_1_284' title='bbox 1384 2272 1418 2312; x_wconf 91' lang='lat' dir='ltr'><strong>ea</strong></span> <span class='ocrx_word' id='word_1_285' title='bbox 1435 2257 1543 2329; x_wconf 91' lang='lat' dir='ltr'><strong>quippe</strong></span> <span class='ocrx_word' id='word_1_286' title='bbox 1563 2259 1675 2315; x_wconf 88' lang='lat' dir='ltr'><strong>ratione</strong></span> <span class='ocrx_word' id='word_1_287' title='bbox 1706 2265 1738 2314; x_wconf 90' lang='lat' dir='ltr'><strong>ut</strong></span> <span class='ocrx_word' id='word_1_288' title='bbox 1762 2261 1848 2316; x_wconf 87' lang='lat' dir='ltr'><strong>abba·</strong></span> 
     </span>
     <span class='ocr_line' id='line_1_24' title="bbox 91 2345 1846 2418; baseline 0.003 -19"><span class='ocrx_word' id='word_1_289' title='bbox 91 2347 203 2401; x_wconf 82' lang='lat' dir='ltr'><strong>variam</strong></span> <span class='ocrx_word' id='word_1_290' title='bbox 217 2345 320 2411; x_wconf 87' lang='lat' dir='ltr'><strong>tendit,</strong></span> <span class='ocrx_word' id='word_1_291' title='bbox 337 2351 366 2400; x_wconf 90' lang='lat' dir='ltr'><strong>et</strong></span> <span class='ocrx_word' id='word_1_292' title='bbox 381 2345 420 2399; x_wconf 90' lang='lat' dir='ltr'><strong>sic</strong></span> <span class='ocrx_word' id='word_1_293' title='bbox 435 2361 487 2416; x_wconf 90' lang='lat' dir='ltr'><strong>per</strong></span> <span class='ocrx_word' id='word_1_294' title='bbox 505 2349 623 2401; x_wconf 86' lang='lat' dir='ltr'><strong>stratum</strong></span> <span class='ocrx_word' id='word_1_295' title='bbox 645 2363 734 2418; x_wconf 89' lang='lat' dir='ltr'><strong>usque</strong></span> <span class='ocrx_word' id='word_1_296' title='bbox 763 2347 796 2400; x_wconf 89' lang='lat' dir='ltr'><strong>ad</strong></span> <span class='ocrx_word' id='word_1_297' title='bbox 825 2347 941 2417; x_wconf 90' lang='lat' dir='ltr'><strong>nigrum</strong></span> <span class='ocrx_word' id='word_1_298' title='bbox 995 2345 1063 2399; x_wconf 89' lang='lat' dir='ltr'><strong>tissa</strong></span> <span class='ocrx_word' id='word_1_299' title='bbox 1110 2345 1254 2416; x_wconf 79' lang='lat' dir='ltr'><strong>Wicpurg,</strong></span> <span class='ocrx_word' id='word_1_300' title='bbox 1296 2362 1361 2416; x_wconf 72' lang='lat' dir='ltr'><strong>quas</strong></span> <span class='ocrx_word' id='word_1_301' title='bbox 1399 2362 1475 2400; x_wconf 92' lang='lat' dir='ltr'><strong>nuuc</strong></span> <span class='ocrx_word' id='word_1_302' title='bbox 1515 2346 1636 2417; x_wconf 80' lang='lat' dir='ltr'><strong>praefato</strong></span> <span class='ocrx_word' id='word_1_303' title='bbox 1672 2349 1846 2404; x_wconf 90' lang='lat' dir='ltr'><strong>monasterio</strong></span> 
     </span>
     <span class='ocr_line' id='line_1_25' title="bbox 93 2434 1846 2506; baseline 0.001 -16"><span class='ocrx_word' id='word_1_304' title='bbox 93 2435 370 2506; x_wconf 84' lang='lat' dir='ltr'><strong>liegin,etsursum</strong></span> <span class='ocrx_word' id='word_1_305' title='bbox 386 2449 437 2506; x_wconf 90' lang='lat' dir='ltr'><strong>per</strong></span> <span class='ocrx_word' id='word_1_306' title='bbox 465 2434 600 2489; x_wconf 89' lang='lat' dir='ltr'><strong>eumdem</strong></span> <span class='ocrx_word' id='word_1_307' title='bbox 624 2435 756 2502; x_wconf 86' lang='lat' dir='ltr'><strong>flurium,</strong></span> <span class='ocrx_word' id='word_1_308' title='bbox 783 2436 817 2490; x_wconf 90' lang='lat' dir='ltr'><strong>ad</strong></span> <span class='ocrx_word' id='word_1_309' title='bbox 845 2436 939 2491; x_wconf 91' lang='lat' dir='ltr'><strong>locum</strong></span> <span class='ocrx_word' id='word_1_310' title='bbox 994 2449 1117 2505; x_wconf 80' lang='lat' dir='ltr'><strong>praeesse</strong></span> <span class='ocrx_word' id='word_1_311' title='bbox 1146 2434 1266 2500; x_wconf 86' lang='lat' dir='ltr'><strong>videtur,</strong></span> <span class='ocrx_word' id='word_1_312' title='bbox 1293 2435 1376 2506; x_wconf 92' lang='lat' dir='ltr'><strong>eique</strong></span> <span class='ocrx_word' id='word_1_313' title='bbox 1405 2434 1588 2490; x_wconf 85' lang='lat' dir='ltr'><strong>succedentes</strong></span> <span class='ocrx_word' id='word_1_314' title='bbox 1630 2434 1782 2491; x_wconf 85' lang='lat' dir='ltr'><strong>abbatissae</strong></span> <span class='ocrx_word' id='word_1_315' title='bbox 1810 2436 1846 2491; x_wconf 91' lang='lat' dir='ltr'><strong>de</strong></span> 
     </span>
     <span class='ocr_line' id='line_1_26' title="bbox 92 2521 1848 2594; baseline 0.002 -18"><span class='ocrx_word' id='word_1_316' title='bbox 92 2523 143 2578; x_wconf 90' lang='lat' dir='ltr'><strong>ubi</strong></span> <span class='ocrx_word' id='word_1_317' title='bbox 156 2521 298 2577; x_wconf 87' lang='lat' dir='ltr'><strong>interfluit</strong></span> <span class='ocrx_word' id='word_1_318' title='bbox 312 2538 387 2594; x_wconf 91' lang='lat' dir='ltr'><strong>equa</strong></span> <span class='ocrx_word' id='word_1_319' title='bbox 411 2523 538 2590; x_wconf 83' lang='lat' dir='ltr'><strong>Fladinz,</strong></span> <span class='ocrx_word' id='word_1_320' title='bbox 557 2524 661 2579; x_wconf 84' lang='lat' dir='ltr'><strong>atinde</strong></span> <span class='ocrx_word' id='word_1_321' title='bbox 672 2524 706 2578; x_wconf 93' lang='lat' dir='ltr'><strong>ad</strong></span> <span class='ocrx_word' id='word_1_322' title='bbox 731 2524 840 2578; x_wconf 90' lang='lat' dir='ltr'><strong>fontem</strong></span> <span class='ocrx_word' id='word_1_323' title='bbox 861 2524 941 2594; x_wconf 85' lang='lat' dir='ltr'><strong>ejus·</strong></span> <span class='ocrx_word' id='word_1_324' title='bbox 994 2523 1095 2577; x_wconf 88' lang='lat' dir='ltr'><strong>eadem</strong></span> <span class='ocrx_word' id='word_1_325' title='bbox 1111 2522 1296 2594; x_wconf 88' lang='lat' dir='ltr'><strong>proprietate,</strong></span> <span class='ocrx_word' id='word_1_326' title='bbox 1313 2523 1347 2577; x_wconf 93' lang='lat' dir='ltr'><strong>ad</strong></span> <span class='ocrx_word' id='word_1_327' title='bbox 1376 2538 1460 2578; x_wconf 88' lang='lat' dir='ltr'><strong>usum</strong></span> <span class='ocrx_word' id='word_1_328' title='bbox 1489 2527 1586 2578; x_wconf 80' lang='lat' dir='ltr'><strong>tanton</strong></span> <span class='ocrx_word' id='word_1_329' title='bbox 1617 2524 1786 2579; x_wconf 87' lang='lat' dir='ltr'><strong>monasterii</strong></span> <span class='ocrx_word' id='word_1_330' title='bbox 1819 2530 1848 2580; x_wconf 89' lang='lat' dir='ltr'><strong>et</strong></span> 
     </span>
     <span class='ocr_line' id='line_1_27' title="bbox 90 2609 1846 2683; baseline 0.001 -19"><span class='ocrx_word' id='word_1_331' title='bbox 90 2609 157 2665; x_wconf 85' lang='lat' dir='ltr'><strong>dem</strong></span> <span class='ocrx_word' id='word_1_332' title='bbox 172 2626 268 2682; x_wconf 71' lang='lat' dir='ltr'><strong>aquus,</strong></span> <span class='ocrx_word' id='word_1_333' title='bbox 288 2611 370 2666; x_wconf 88' lang='lat' dir='ltr'><strong>etita</strong></span> <span class='ocrx_word' id='word_1_334' title='bbox 384 2627 475 2683; x_wconf 90' lang='lat' dir='ltr'><strong>usqne</strong></span> <span class='ocrx_word' id='word_1_335' title='bbox 494 2613 529 2667; x_wconf 89' lang='lat' dir='ltr'><strong>ad</strong></span> <span class='ocrx_word' id='word_1_336' title='bbox 547 2610 710 2681; x_wconf 84' lang='lat' dir='ltr'><strong>Nauflinna,</strong></span> <span class='ocrx_word' id='word_1_337' title='bbox 725 2628 791 2666; x_wconf 91' lang='lat' dir='ltr'><strong>cum</strong></span> <span class='ocrx_word' id='word_1_338' title='bbox 806 2613 941 2668; x_wconf 90' lang='lat' dir='ltr'><strong>omnibus</strong></span> <span class='ocrx_word' id='word_1_339' title='bbox 995 2611 1254 2666; x_wconf 88' lang='lat' dir='ltr'><strong>sanctimonialium</strong></span> <span class='ocrx_word' id='word_1_340' title='bbox 1287 2610 1397 2668; x_wconf 90' lang='lat' dir='ltr'><strong>ibidem</strong></span> <span class='ocrx_word' id='word_1_341' title='bbox 1433 2612 1490 2665; x_wconf 86' lang='lat' dir='ltr'><strong>fleo</strong></span> <span class='ocrx_word' id='word_1_342' title='bbox 1517 2612 1715 2679; x_wconf 85' lang='lat' dir='ltr'><strong>servientium,</strong></span> <span class='ocrx_word' id='word_1_343' title='bbox 1742 2612 1846 2668; x_wconf 88' lang='lat' dir='ltr'><strong>dehinc</strong></span> 
     </span>
     <span class='ocr_line' id='line_1_28' title="bbox 91 2699 1848 2772; baseline 0.001 -19"><span class='ocrx_word' id='word_1_344' title='bbox 91 2699 275 2765; x_wconf 86' lang='lat' dir='ltr'><strong>utensilibus,</strong></span> <span class='ocrx_word' id='word_1_345' title='bbox 291 2700 455 2762; x_wconf 89' lang='lat' dir='ltr'><strong>cumareis,</strong></span> <span class='ocrx_word' id='word_1_346' title='bbox 474 2699 614 2766; x_wconf 78' lang='lat' dir='ltr'><strong>edificiis,</strong></span> <span class='ocrx_word' id='word_1_347' title='bbox 636 2700 724 2771; x_wconf 89' lang='lat' dir='ltr'><strong>agris,</strong></span> <span class='ocrx_word' id='word_1_348' title='bbox 745 2701 938 2763; x_wconf 86' lang='lat' dir='ltr'><strong>terris‚cultis</strong></span> <span class='ocrx_word' id='word_1_349' title='bbox 994 2700 1115 2754; x_wconf 89' lang='lat' dir='ltr'><strong>liberam</strong></span> <span class='ocrx_word' id='word_1_350' title='bbox 1144 2699 1270 2754; x_wconf 83' lang='lat' dir='ltr'><strong>habeant</strong></span> <span class='ocrx_word' id='word_1_351' title='bbox 1287 2702 1467 2770; x_wconf 87' lang='lat' dir='ltr'><strong>potestatem,</strong></span> <span class='ocrx_word' id='word_1_352' title='bbox 1484 2699 1621 2771; x_wconf 91' lang='lat' dir='ltr'><strong>quicquid</strong></span> <span class='ocrx_word' id='word_1_353' title='bbox 1636 2700 1678 2755; x_wconf 89' lang='lat' dir='ltr'><strong>eis</strong></span> <span class='ocrx_word' id='word_1_354' title='bbox 1707 2701 1848 2772; x_wconf 86' lang='lat' dir='ltr'><strong>placuerit</strong></span> 
     </span>
     <span class='ocr_line' id='line_1_29' title="bbox 90 2774 1846 2860; baseline 0.001 -19"><span class='ocrx_word' id='word_1_355' title='bbox 90 2793 120 2841; x_wconf 89' lang='lat' dir='ltr'><strong>et</strong></span> <span class='ocrx_word' id='word_1_356' title='bbox 154 2787 282 2856; x_wconf 89' lang='lat' dir='ltr'><strong>incultis,</strong></span> <span class='ocrx_word' id='word_1_357' title='bbox 313 2787 412 2860; x_wconf 85' lang='lat' dir='ltr'><strong>pratis,</strong></span> <span class='ocrx_word' id='word_1_358' title='bbox 445 2788 568 2859; x_wconf 90' lang='lat' dir='ltr'><strong>pascuis,</strong></span> <span class='ocrx_word' id='word_1_359' title='bbox 603 2788 698 2859; x_wconf 85' lang='lat' dir='ltr'><strong>sylvis,</strong></span> <span class='ocrx_word' id='word_1_360' title='bbox 718 2774 939 2855; x_wconf 62' lang='lat' dir='ltr'><strong>&#39;venationibus</strong></span> <span class='ocrx_word' id='word_1_361' title='bbox 993 2785 1126 2854; x_wconf 89' lang='lat' dir='ltr'><strong>faciendi,</strong></span> <span class='ocrx_word' id='word_1_362' title='bbox 1148 2787 1279 2841; x_wconf 91' lang='lat' dir='ltr'><strong>omnium</strong></span> <span class='ocrx_word' id='word_1_363' title='bbox 1296 2786 1447 2842; x_wconf 89' lang='lat' dir='ltr'><strong>hominum</strong></span> <span class='ocrx_word' id='word_1_364' title='bbox 1473 2787 1699 2842; x_wconf 86' lang='lat' dir='ltr'><strong>contradictione</strong></span> <span class='ocrx_word' id='word_1_365' title='bbox 1728 2788 1846 2843; x_wconf 81' lang='lat' dir='ltr'><strong>sivein·</strong></span> 
     </span>
     <span class='ocr_line' id='line_1_30' title="bbox 90 2874 1846 2949; baseline 0.001 -19"><span class='ocrx_word' id='word_1_366' title='bbox 90 2877 379 2949; x_wconf 85' lang='lat' dir='ltr'><strong>aquis,aquurumve</strong></span> <span class='ocrx_word' id='word_1_367' title='bbox 407 2877 583 2944; x_wconf 88' lang='lat' dir='ltr'><strong>decursibus,</strong></span> <span class='ocrx_word' id='word_1_368' title='bbox 611 2877 827 2948; x_wconf 85' lang='lat' dir='ltr'><strong>piscationibus,</strong></span> <span class='ocrx_word' id='word_1_369' title='bbox 844 2878 938 2935; x_wconf 86' lang='lat' dir='ltr'><strong>molis.</strong></span> <span class='ocrx_word' id='word_1_370' title='bbox 994 2875 1163 2947; x_wconf 89' lang='lat' dir='ltr'><strong>quietudine</strong></span> <span class='ocrx_word' id='word_1_371' title='bbox 1176 2880 1297 2930; x_wconf 90' lang='lat' dir='ltr'><strong>remota.</strong></span> <span class='ocrx_word' id='word_1_372' title='bbox 1318 2874 1352 2931; x_wconf 90' lang='lat' dir='ltr'><strong>Et</strong></span> <span class='ocrx_word' id='word_1_373' title='bbox 1366 2879 1397 2930; x_wconf 90' lang='lat' dir='ltr'><strong>ut</strong></span> <span class='ocrx_word' id='word_1_374' title='bbox 1410 2876 1472 2930; x_wconf 81' lang='lat' dir='ltr'><strong>heac</strong></span> <span class='ocrx_word' id='word_1_375' title='bbox 1486 2880 1590 2930; x_wconf 74' lang='lat' dir='ltr'><strong>nostrie</strong></span> <span class='ocrx_word' id='word_1_376' title='bbox 1605 2875 1769 2931; x_wconf 87' lang='lat' dir='ltr'><strong>donationis</strong></span> <span class='ocrx_word' id='word_1_377' title='bbox 1796 2892 1846 2932; x_wconf 87' lang='lat' dir='ltr'><strong>sen</strong></span> 
     </span>
     <span class='ocr_line' id='line_1_31' title="bbox 91 2963 1847 3042; baseline -0.001 -21"><span class='ocrx_word' id='word_1_378' title='bbox 91 2965 278 3032; x_wconf 89' lang='lat' dir='ltr'><strong>molendinis,</strong></span> <span class='ocrx_word' id='word_1_379' title='bbox 312 2964 365 3020; x_wconf 83' lang='lat' dir='ltr'><strong>viis</strong></span> <span class='ocrx_word' id='word_1_380' title='bbox 391 2970 419 3019; x_wconf 89' lang='lat' dir='ltr'><strong>et</strong></span> <span class='ocrx_word' id='word_1_381' title='bbox 454 2965 549 3033; x_wconf 81' lang='lat' dir='ltr'><strong>iuriis,</strong></span> <span class='ocrx_word' id='word_1_382' title='bbox 587 2965 710 3020; x_wconf 86' lang='lat' dir='ltr'><strong>exitibus</strong></span> <span class='ocrx_word' id='word_1_383' title='bbox 739 2972 768 3020; x_wconf 92' lang='lat' dir='ltr'><strong>et</strong></span> <span class='ocrx_word' id='word_1_384' title='bbox 787 2964 939 3035; x_wconf 88' lang='lat' dir='ltr'><strong>reditibus,</strong></span> <span class='ocrx_word' id='word_1_385' title='bbox 955 2987 976 3042; x_wconf 73' lang='lat' dir='ltr'><strong>c</strong></span> <span class='ocrx_word' id='word_1_386' title='bbox 995 2964 1217 3020; x_wconf 89' lang='lat' dir='ltr'><strong>confirmationis</strong></span> <span class='ocrx_word' id='word_1_387' title='bbox 1238 2965 1392 3019; x_wconf 87' lang='lat' dir='ltr'><strong>auctoritas</strong></span> <span class='ocrx_word' id='word_1_388' title='bbox 1409 2963 1519 3019; x_wconf 89' lang='lat' dir='ltr'><strong>stabilis</strong></span> <span class='ocrx_word' id='word_1_389' title='bbox 1537 2964 1745 3020; x_wconf 85' lang='lat' dir='ltr'><strong>etinconvulse</strong></span> <span class='ocrx_word' id='word_1_390' title='bbox 1765 2966 1847 3020; x_wconf 94' lang='lat' dir='ltr'><strong>omni</strong></span> 
     </span>
     <span class='ocr_line' id='line_1_32' title="bbox 90 3052 1845 3126; baseline 0.001 -19"><span class='ocrx_word' id='word_1_391' title='bbox 90 3053 220 3125; x_wconf 84' lang='lat' dir='ltr'><strong>quaesitis</strong></span> <span class='ocrx_word' id='word_1_392' title='bbox 243 3058 271 3107; x_wconf 88' lang='lat' dir='ltr'><strong>et</strong></span> <span class='ocrx_word' id='word_1_393' title='bbox 297 3052 489 3123; x_wconf 87' lang='lat' dir='ltr'><strong>inquirendis,</strong></span> <span class='ocrx_word' id='word_1_394' title='bbox 524 3069 576 3107; x_wconf 93' lang='lat' dir='ltr'><strong>seu</strong></span> <span class='ocrx_word' id='word_1_395' title='bbox 607 3069 672 3108; x_wconf 91' lang='lat' dir='ltr'><strong>cum</strong></span> <span class='ocrx_word' id='word_1_396' title='bbox 700 3053 778 3108; x_wconf 90' lang='lat' dir='ltr'><strong>omui</strong></span> <span class='ocrx_word' id='word_1_397' title='bbox 817 3053 941 3107; x_wconf 91' lang='lat' dir='ltr'><strong>utilitate</strong></span> <span class='ocrx_word' id='word_1_398' title='bbox 997 3059 1164 3126; x_wconf 88' lang='lat' dir='ltr'><strong>permaneat</strong></span> <span class='ocrx_word' id='word_1_399' title='bbox 1179 3059 1321 3124; x_wconf 91' lang='lat' dir='ltr'><strong>tempore,</strong></span> <span class='ocrx_word' id='word_1_400' title='bbox 1344 3053 1398 3108; x_wconf 90' lang='lat' dir='ltr'><strong>hoc</strong></span> <span class='ocrx_word' id='word_1_401' title='bbox 1420 3057 1597 3124; x_wconf 75' lang='lat' dir='ltr'><strong>preceptum</strong></span> <span class='ocrx_word' id='word_1_402' title='bbox 1613 3053 1679 3108; x_wconf 91' lang='lat' dir='ltr'><strong>inde</strong></span> <span class='ocrx_word' id='word_1_403' title='bbox 1717 3055 1845 3110; x_wconf 86' lang='lat' dir='ltr'><strong>conscri-</strong></span> 
     </span>
     <span class='ocr_line' id='line_1_33' title="bbox 91 3141 1843 3215; baseline 0.001 -19"><span class='ocrx_word' id='word_1_404' title='bbox 91 3158 154 3214; x_wconf 83' lang='lat' dir='ltr'><strong>quae</strong></span> <span class='ocrx_word' id='word_1_405' title='bbox 170 3141 233 3198; x_wconf 89' lang='lat' dir='ltr'><strong>ullo</strong></span> <span class='ocrx_word' id='word_1_406' title='bbox 248 3141 417 3197; x_wconf 91' lang='lat' dir='ltr'><strong>modoiude</strong></span> <span class='ocrx_word' id='word_1_407' title='bbox 433 3141 585 3214; x_wconf 85' lang='lat' dir='ltr'><strong>provenire</strong></span> <span class='ocrx_word' id='word_1_408' title='bbox 601 3142 715 3213; x_wconf 91' lang='lat' dir='ltr'><strong>poterit,</strong></span> <span class='ocrx_word' id='word_1_409' title='bbox 745 3158 797 3214; x_wconf 90' lang='lat' dir='ltr'><strong>per</strong></span> <span class='ocrx_word' id='word_1_410' title='bbox 819 3142 942 3197; x_wconf 90' lang='lat' dir='ltr'><strong>hocno-</strong></span> <span class='ocrx_word' id='word_1_411' title='bbox 997 3147 1079 3215; x_wconf 90' lang='lat' dir='ltr'><strong>ptum</strong></span> <span class='ocrx_word' id='word_1_412' title='bbox 1108 3158 1195 3197; x_wconf 87' lang='lat' dir='ltr'><strong>manu</strong></span> <span class='ocrx_word' id='word_1_413' title='bbox 1228 3143 1348 3214; x_wconf 88' lang='lat' dir='ltr'><strong>propria</strong></span> <span class='ocrx_word' id='word_1_414' title='bbox 1376 3144 1595 3198; x_wconf 85' lang='lat' dir='ltr'><strong>corroborantes</strong></span> <span class='ocrx_word' id='word_1_415' title='bbox 1615 3147 1701 3214; x_wconf 89' lang='lat' dir='ltr'><strong>atque</strong></span> <span class='ocrx_word' id='word_1_416' title='bbox 1738 3143 1843 3198; x_wconf 88' lang='lat' dir='ltr'><strong>confir·</strong></span> 
     </span>
     <span class='ocr_line' id='line_1_34' title="bbox 92 3229 1846 3304; baseline 0.001 -19"><span class='ocrx_word' id='word_1_417' title='bbox 92 3238 184 3285; x_wconf 76' lang='lat' dir='ltr'><strong>suunt</strong></span> <span class='ocrx_word' id='word_1_418' title='bbox 203 3235 389 3302; x_wconf 74' lang='lat' dir='ltr'><strong>preceptum,</strong></span> <span class='ocrx_word' id='word_1_419' title='bbox 418 3230 447 3284; x_wconf 91' lang='lat' dir='ltr'><strong>in</strong></span> <span class='ocrx_word' id='word_1_420' title='bbox 474 3229 624 3301; x_wconf 87' lang='lat' dir='ltr'><strong>proprium</strong></span> <span class='ocrx_word' id='word_1_421' title='bbox 653 3230 824 3285; x_wconf 80' lang='lat' dir='ltr'><strong>donavimus</strong></span> <span class='ocrx_word' id='word_1_422' title='bbox 856 3235 941 3302; x_wconf 92' lang='lat' dir='ltr'><strong>atque</strong></span> <span class='ocrx_word' id='word_1_423' title='bbox 997 3237 1117 3301; x_wconf 87' lang='lat' dir='ltr'><strong>mantes,</strong></span> <span class='ocrx_word' id='word_1_424' title='bbox 1149 3230 1237 3304; x_wconf 80' lang='lat' dir='ltr'><strong>sigilli</strong></span> <span class='ocrx_word' id='word_1_425' title='bbox 1265 3232 1355 3287; x_wconf 90' lang='lat' dir='ltr'><strong>nostri</strong></span> <span class='ocrx_word' id='word_1_426' title='bbox 1399 3232 1590 3303; x_wconf 90' lang='lat' dir='ltr'><strong>impressione</strong></span> <span class='ocrx_word' id='word_1_427' title='bbox 1617 3232 1750 3304; x_wconf 88' lang='lat' dir='ltr'><strong>insigniri</strong></span> <span class='ocrx_word' id='word_1_428' title='bbox 1780 3234 1846 3304; x_wconf 86' lang='lat' dir='ltr'><strong>jus-</strong></span> 
     </span>
     <span class='ocr_line' id='line_1_35' title="bbox 92 3317 1097 3385; baseline 0.003 -11"><span class='ocrx_word' id='word_1_429' title='bbox 92 3319 337 3385; x_wconf 86' lang='lat' dir='ltr'><strong>conlirmavimus,</strong></span> <span class='ocrx_word' id='word_1_430' title='bbox 355 3335 388 3373; x_wconf 91' lang='lat' dir='ltr'><strong>ea</strong></span> <span class='ocrx_word' id='word_1_431' title='bbox 411 3317 544 3373; x_wconf 85' lang='lat' dir='ltr'><strong>videlicet</strong></span> <span class='ocrx_word' id='word_1_432' title='bbox 570 3319 681 3373; x_wconf 89' lang='lat' dir='ltr'><strong>ratione</strong></span> <span class='ocrx_word' id='word_1_433' title='bbox 708 3324 740 3373; x_wconf 91' lang='lat' dir='ltr'><strong>ut</strong></span> <span class='ocrx_word' id='word_1_434' title='bbox 757 3335 844 3374; x_wconf 91' lang='lat' dir='ltr'><strong>nemo</strong></span> <span class='ocrx_word' id='word_1_435' title='bbox 869 3321 941 3374; x_wconf 88' lang='lat' dir='ltr'><strong>ulte·</strong></span> <span class='ocrx_word' id='word_1_436' title='bbox 996 3323 1097 3377; x_wconf 91' lang='lat' dir='ltr'><strong>simus.</strong></span> 
     </span>
     <span class='ocr_line' id='line_1_36' title="bbox 93 3408 1846 3480; baseline 0.001 -18"><span class='ocrx_word' id='word_1_437' title='bbox 93 3409 162 3476; x_wconf 88' lang='lat' dir='ltr'><strong>rius,</strong></span> <span class='ocrx_word' id='word_1_438' title='bbox 186 3409 296 3480; x_wconf 87' lang='lat' dir='ltr'><strong>absque</strong></span> <span class='ocrx_word' id='word_1_439' title='bbox 324 3408 452 3479; x_wconf 84' lang='lat' dir='ltr'><strong>ejusdem</strong></span> <span class='ocrx_word' id='word_1_440' title='bbox 480 3408 559 3462; x_wconf 83' lang='lat' dir='ltr'><strong>celtae</strong></span> <span class='ocrx_word' id='word_1_441' title='bbox 583 3408 738 3479; x_wconf 82' lang='lat' dir='ltr'><strong>provisoris</strong></span> <span class='ocrx_word' id='word_1_442' title='bbox 766 3424 941 3480; x_wconf 90' lang='lat' dir='ltr'><strong>suorumque</strong></span> <span class='ocrx_word' id='word_1_443' title='bbox 1030 3409 1156 3476; x_wconf 64' lang='lat' dir='ltr'><strong>Sigillum</strong></span> <span class='ocrx_word' id='word_1_444' title='bbox 1183 3408 1276 3464; x_wconf 84' lang='lat' dir='ltr'><strong>domui</strong></span> <span class='ocrx_word' id='word_1_445' title='bbox 1294 3408 1412 3463; x_wconf 84' lang='lat' dir='ltr'><strong>Heurt&#39;ci</strong></span> <span class='ocrx_word' id='word_1_446' title='bbox 1433 3410 1505 3477; x_wconf 77' lang='lat' dir='ltr'><strong>repis</strong></span> <span class='ocrx_word' id='word_1_447' title='bbox 1531 3409 1715 3463; x_wconf 80' lang='lat' dir='ltr'><strong>invictissimi.</strong></span> <span class='ocrx_word' id='word_1_448' title='bbox 1743 3408 1846 3479; x_wconf 72' lang='lat' dir='ltr'><strong>(ffuvio-</strong></span> 
     </span>
     <span class='ocr_line' id='line_1_37' title="bbox 92 3496 1142 3567; baseline 0.001 -16"><span class='ocrx_word' id='word_1_449' title='bbox 92 3513 290 3553; x_wconf 87' lang='lat' dir='ltr'><strong>successorum</strong></span> <span class='ocrx_word' id='word_1_450' title='bbox 317 3496 442 3560; x_wconf 89' lang='lat' dir='ltr'><strong>licentia,</strong></span> <span class='ocrx_word' id='word_1_451' title='bbox 491 3500 661 3567; x_wconf 87' lang='lat' dir='ltr'><strong>potestatem</strong></span> <span class='ocrx_word' id='word_1_452' title='bbox 692 3496 797 3550; x_wconf 87' lang='lat' dir='ltr'><strong>babeat</strong></span> <span class='ocrx_word' id='word_1_453' title='bbox 831 3496 943 3551; x_wconf 85' lang='lat' dir='ltr'><strong>novalia</strong></span> <span class='ocrx_word' id='word_1_454' title='bbox 995 3499 1142 3566; x_wconf 75' lang='lat' dir='ltr'><strong>quemme.)</strong></span> 
     </span>
    </p>

    <p class='ocr_par' dir='ltr' id='par_1_3' title="bbox 94 3584 1843 3748">
     <span class='ocr_line' id='line_1_38' title="bbox 94 3584 1843 3667; baseline 0.001 -26"><span class='ocrx_word' id='word_1_455' title='bbox 94 3586 228 3653; x_wconf 90' lang='lat' dir='ltr'><strong>hciendi‚</strong></span> <span class='ocrx_word' id='word_1_456' title='bbox 242 3585 382 3667; x_wconf 70' lang='lat' dir='ltr'><strong>piscandi,</strong></span> <span class='ocrx_word' id='word_1_457' title='bbox 398 3590 448 3640; x_wconf 92' lang='lat' dir='ltr'><strong>aut</strong></span> <span class='ocrx_word' id='word_1_458' title='bbox 460 3584 666 3656; x_wconf 89' lang='lat' dir='ltr'><strong>uulloiugenio</strong></span> <span class='ocrx_word' id='word_1_459' title='bbox 681 3584 756 3639; x_wconf 91' lang='lat' dir='ltr'><strong>feras</strong></span> <span class='ocrx_word' id='word_1_460' title='bbox 767 3584 940 3656; x_wconf 89' lang='lat' dir='ltr'><strong>decipiendi,</strong></span> <span class='ocrx_word' id='word_1_461' title='bbox 1032 3586 1206 3642; x_wconf 89' lang='lat' dir='ltr'><strong>Guntberins</strong></span> <span class='ocrx_word' id='word_1_462' title='bbox 1246 3584 1431 3640; x_wconf 87' lang='lat' dir='ltr'><strong>cancellarius</strong></span> <span class='ocrx_word' id='word_1_463' title='bbox 1461 3584 1520 3640; x_wconf 81' lang='lat' dir='ltr'><strong>vice</strong></span> <span class='ocrx_word' id='word_1_464' title='bbox 1547 3584 1679 3657; x_wconf 81' lang='lat' dir='ltr'><strong>Willigisi</strong></span> <span class='ocrx_word' id='word_1_465' title='bbox 1715 3586 1843 3642; x_wconf 90' lang='lat' dir='ltr'><strong>archica-</strong></span> 
     </span>
     <span class='ocr_line' id='line_1_39' title="bbox 95 3672 1226 3748; baseline 0 -19"><span class='ocrx_word' id='word_1_466' title='bbox 95 3672 940 3747; x_wconf 83' lang='lat' dir='ltr'><strong>autquamlibetpotestatem,infraprtecriptumterminum</strong></span> <span class='ocrx_word' id='word_1_467' title='bbox 996 3675 1226 3748; x_wconf 85' lang='lat' dir='ltr'><strong>pellaninotavi.</strong></span> 
     </span>
    </p>

    <p class='ocr_par' dir='ltr' id='par_1_4' title="bbox 95 3760 1845 4189">
     <span class='ocr_line' id='line_1_40' title="bbox 95 3760 1840 3829; baseline -0.001 -11"><span class='ocrx_word' id='word_1_468' title='bbox 95 3764 254 3819; x_wconf 79' lang='lat' dir='ltr'><strong>exercendi.</strong></span> <span class='ocrx_word' id='word_1_469' title='bbox 282 3765 315 3818; x_wconf 84' lang='lat' dir='ltr'><strong>Et</strong></span> <span class='ocrx_word' id='word_1_470' title='bbox 329 3767 362 3818; x_wconf 83' lang='lat' dir='ltr'><strong>ut</strong></span> <span class='ocrx_word' id='word_1_471' title='bbox 386 3763 446 3817; x_wconf 73' lang='lat' dir='ltr'><strong>baec</strong></span> <span class='ocrx_word' id='word_1_472' title='bbox 466 3761 630 3817; x_wconf 91' lang='lat' dir='ltr'><strong>donationis</strong></span> <span class='ocrx_word' id='word_1_473' title='bbox 660 3765 764 3816; x_wconf 80' lang='lat' dir='ltr'><strong>nostrae</strong></span> <span class='ocrx_word' id='word_1_474' title='bbox 787 3761 942 3816; x_wconf 89' lang='lat' dir='ltr'><strong>auctoritas</strong></span> <span class='ocrx_word' id='word_1_475' title='bbox 1032 3765 1102 3818; x_wconf 85' lang='lat' dir='ltr'><strong>tiata</strong></span> <span class='ocrx_word' id='word_1_476' title='bbox 1123 3779 1158 3816; x_wconf 87' lang='lat' dir='ltr'><strong>xv</strong></span> <span class='ocrx_word' id='word_1_477' title='bbox 1183 3762 1243 3817; x_wconf 84' lang='lat' dir='ltr'><strong>ltal.</strong></span> <span class='ocrx_word' id='word_1_478' title='bbox 1270 3761 1344 3829; x_wconf 85' lang='lat' dir='ltr'><strong>lfaii,</strong></span> <span class='ocrx_word' id='word_1_479' title='bbox 1370 3760 1469 3817; x_wconf 92' lang='lat' dir='ltr'><strong>indict.</strong></span> <span class='ocrx_word' id='word_1_480' title='bbox 1492 3778 1552 3825; x_wconf 84' lang='lat' dir='ltr'><strong>rut,</strong></span> <span class='ocrx_word' id='word_1_481' title='bbox 1581 3777 1658 3816; x_wconf 90' lang='lat' dir='ltr'><strong>anno</strong></span> <span class='ocrx_word' id='word_1_482' title='bbox 1683 3763 1840 3817; x_wconf 84' lang='lat' dir='ltr'><strong>Dominicee</strong></span> 
     </span>
     <span class='ocr_line' id='line_1_41' title="bbox 95 3848 1843 3924; baseline -0.002 -17"><span class='ocrx_word' id='word_1_483' title='bbox 95 3854 202 3908; x_wconf 85' lang='lat' dir='ltr'><strong>stabilis</strong></span> <span class='ocrx_word' id='word_1_484' title='bbox 213 3858 301 3924; x_wconf 88' lang='lat' dir='ltr'><strong>atquc</strong></span> <span class='ocrx_word' id='word_1_485' title='bbox 316 3850 484 3907; x_wconf 86' lang='lat' dir='ltr'><strong>inconvulsa</strong></span> <span class='ocrx_word' id='word_1_486' title='bbox 498 3852 577 3906; x_wconf 92' lang='lat' dir='ltr'><strong>omni</strong></span> <span class='ocrx_word' id='word_1_487' title='bbox 592 3854 761 3921; x_wconf 88' lang='lat' dir='ltr'><strong>permaneat</strong></span> <span class='ocrx_word' id='word_1_488' title='bbox 776 3867 847 3916; x_wconf 73' lang='lat' dir='ltr'><strong>aeto,</strong></span> <span class='ocrx_word' id='word_1_489' title='bbox 868 3849 942 3904; x_wconf 91' lang='lat' dir='ltr'><strong>banc</strong></span> <span class='ocrx_word' id='word_1_490' title='bbox 996 3850 1152 3905; x_wconf 79' lang='lat' dir='ltr'><strong>nativitatis</strong></span> <span class='ocrx_word' id='word_1_491' title='bbox 1175 3849 1347 3912; x_wconf 68' lang='lat' dir='ltr'><strong>totmanno</strong></span> <span class='ocrx_word' id='word_1_492' title='bbox 1369 3864 1435 3901; x_wconf 83' lang='lat' dir='ltr'><strong>vero</strong></span> <span class='ocrx_word' id='word_1_493' title='bbox 1460 3848 1557 3902; x_wconf 90' lang='lat' dir='ltr'><strong>domni</strong></span> <span class='ocrx_word' id='word_1_494' title='bbox 1586 3848 1703 3902; x_wconf 91' lang='lat' dir='ltr'><strong>secundi</strong></span> <span class='ocrx_word' id='word_1_495' title='bbox 1731 3849 1843 3904; x_wconf 82' lang='lat' dir='ltr'><strong>Henrici</strong></span> 
     </span>
     <span class='ocr_line' id='line_1_42' title="bbox 95 3928 1802 4011; baseline -0.002 -15"><span class='ocrx_word' id='word_1_496' title='bbox 95 3943 233 4008; x_wconf 80' lang='lat' dir='ltr'><strong>chartam,</strong></span> <span class='ocrx_word' id='word_1_497' title='bbox 247 3928 316 3995; x_wconf 81' lang='lat' dir='ltr'><strong>inde</strong></span> <span class='ocrx_word' id='word_1_498' title='bbox 329 3939 533 4010; x_wconf 88' lang='lat' dir='ltr'><strong>conscriptam,</strong></span> <span class='ocrx_word' id='word_1_499' title='bbox 547 3939 706 4011; x_wconf 89' lang='lat' dir='ltr'><strong>subtusque</strong></span> <span class='ocrx_word' id='word_1_500' title='bbox 722 3956 808 3994; x_wconf 89' lang='lat' dir='ltr'><strong>manu</strong></span> <span class='ocrx_word' id='word_1_501' title='bbox 824 3939 942 4010; x_wconf 83' lang='lat' dir='ltr'><strong>propriu</strong></span> <span class='ocrx_word' id='word_1_502' title='bbox 996 3938 1128 4010; x_wconf 80' lang='lat' dir='ltr'><strong>regnanti</strong></span> <span class='ocrx_word' id='word_1_503' title='bbox 1141 3954 1200 4003; x_wconf 83' lang='lat' dir='ltr'><strong>vui,</strong></span> <span class='ocrx_word' id='word_1_504' title='bbox 1213 3940 1315 3991; x_wconf 85' lang='lat' dir='ltr'><strong>Actum</strong></span> <span class='ocrx_word' id='word_1_505' title='bbox 1332 3936 1538 4007; x_wconf 86' lang='lat' dir='ltr'><strong>Regenesburg</strong></span> <span class='ocrx_word' id='word_1_506' title='bbox 1551 3935 1681 3990; x_wconf 73' lang='lat' dir='ltr'><strong>feliciter.</strong></span> <span class='ocrx_word' id='word_1_507' title='bbox 1698 3939 1802 3992; x_wconf 79' lang='lat' dir='ltr'><strong>limen.</strong></span> 
     </span>
     <span class='ocr_line' id='line_1_43' title="bbox 96 4027 1845 4099; baseline -0.003 -14"><span class='ocrx_word' id='word_1_508' title='bbox 96 4030 267 4096; x_wconf 86' lang='lat' dir='ltr'><strong>roboratam,</strong></span> <span class='ocrx_word' id='word_1_509' title='bbox 282 4027 371 4098; x_wconf 90' lang='lat' dir='ltr'><strong>sigilli</strong></span> <span class='ocrx_word' id='word_1_510' title='bbox 381 4027 471 4083; x_wconf 91' lang='lat' dir='ltr'><strong>nostri</strong></span> <span class='ocrx_word' id='word_1_511' title='bbox 484 4027 644 4099; x_wconf 80' lang='lat' dir='ltr'><strong>[jussimus]</strong></span> <span class='ocrx_word' id='word_1_512' title='bbox 668 4027 859 4099; x_wconf 87' lang='lat' dir='ltr'><strong>impressione</strong></span> <span class='ocrx_word' id='word_1_513' title='bbox 872 4027 941 4081; x_wconf 91' lang='lat' dir='ltr'><strong>iusi·</strong></span> <span class='ocrx_word' id='word_1_514' title='bbox 1031 4028 1160 4095; x_wconf 80' lang='lat' dir='ltr'><strong>Siqittum</strong></span> <span class='ocrx_word' id='word_1_515' title='bbox 1173 4027 1281 4096; x_wconf 81' lang='lat' dir='ltr'><strong>majest.</strong></span> <span class='ocrx_word' id='word_1_516' title='bbox 1310 4028 1384 4081; x_wconf 80' lang='lat' dir='ltr'><strong>tutus</strong></span> <span class='ocrx_word' id='word_1_517' title='bbox 1409 4027 1568 4095; x_wconf 86' lang='lat' dir='ltr'><strong>impressum</strong></span> <span class='ocrx_word' id='word_1_518' title='bbox 1590 4040 1691 4092; x_wconf 80' lang='lat' dir='ltr'><strong>muquu</strong></span> <span class='ocrx_word' id='word_1_519' title='bbox 1706 4041 1740 4080; x_wconf 83' lang='lat' dir='ltr'><strong>ea</strong></span> <span class='ocrx_word' id='word_1_520' title='bbox 1766 4031 1845 4094; x_wconf 85' lang='lat' dir='ltr'><strong>purte</strong></span> 
     </span>
     <span class='ocr_line' id='line_1_44' title="bbox 95 4118 1127 4189; baseline -0.003 -16"><span class='ocrx_word' id='word_1_521' title='bbox 95 4118 179 4189; x_wconf 89' lang='lat' dir='ltr'><strong>gniri.</strong></span> <span class='ocrx_word' id='word_1_522' title='bbox 995 4119 1127 4184; x_wconf 70' lang='lat' dir='ltr'><strong>fructum.</strong></span> 
     </span>
    </p>

    <p class='ocr_par' dir='ltr' id='par_1_5' title="bbox 94 4201 1846 4361">
     <span class='ocr_line' id='line_1_45' title="bbox 126 4201 1453 4272; baseline -0.004 -10"><span class='ocrx_word' id='word_1_523' title='bbox 126 4208 199 4262; x_wconf 84' lang='lat' dir='ltr'><strong>Data</strong></span> <span class='ocrx_word' id='word_1_524' title='bbox 214 4221 253 4260; x_wconf 88' lang='grc' dir='ltr'><strong>ιιι</strong></span> <span class='ocrx_word' id='word_1_525' title='bbox 269 4204 336 4260; x_wconf 89' lang='lat' dir='ltr'><strong>ldus</strong></span> <span class='ocrx_word' id='word_1_526' title='bbox 348 4204 437 4272; x_wconf 85' lang='lat' dir='ltr'><strong>Junii,</strong></span> <span class='ocrx_word' id='word_1_527' title='bbox 455 4204 558 4260; x_wconf 89' lang='lat' dir='ltr'><strong>indict.</strong></span> <span class='ocrx_word' id='word_1_528' title='bbox 577 4221 626 4271; x_wconf 81' lang='lat' dir='ltr'><strong>eu,</strong></span> <span class='ocrx_word' id='word_1_529' title='bbox 638 4220 715 4259; x_wconf 87' lang='lat' dir='ltr'><strong>anno</strong></span> <span class='ocrx_word' id='word_1_530' title='bbox 731 4203 846 4258; x_wconf 86' lang='lat' dir='ltr'><strong>Domini</strong></span> <span class='ocrx_word' id='word_1_531' title='bbox 861 4205 939 4269; x_wconf 78' lang='grc'>1009,</span> <span class='ocrx_word' id='word_1_532' title='bbox 1387 4201 1453 4258; x_wconf 80' lang='lat' dir='ltr'>LVI.</span> 
     </span>
     <span class='ocr_line' id='line_1_46' title="bbox 94 4265 1846 4361; baseline -0.002 -10"><span class='ocrx_word' id='word_1_533' title='bbox 94 4309 168 4351; x_wconf 85' lang='lat' dir='ltr'><strong>anno</strong></span> <span class='ocrx_word' id='word_1_534' title='bbox 182 4310 251 4350; x_wconf 82' lang='lat' dir='ltr'><strong>vero</strong></span> <span class='ocrx_word' id='word_1_535' title='bbox 264 4292 374 4349; x_wconf 88' lang='lat' dir='ltr'><strong>domiui</strong></span> <span class='ocrx_word' id='word_1_536' title='bbox 389 4293 503 4348; x_wconf 92' lang='lat' dir='ltr'><strong>llenrici</strong></span> <span class='ocrx_word' id='word_1_537' title='bbox 517 4291 635 4348; x_wconf 91' lang='lat' dir='ltr'><strong>secundi</strong></span> <span class='ocrx_word' id='word_1_538' title='bbox 649 4309 698 4346; x_wconf 78' lang='lat' dir='ltr'><strong>vu.</strong></span> <span class='ocrx_word' id='word_1_539' title='bbox 957 4265 979 4320; x_wconf 67' lang='grc' dir='ltr'>ὓ</span> <span class='ocrx_word' id='word_1_540' title='bbox 1032 4296 1164 4349; x_wconf 77' lang='lat' dir='ltr'><strong>liutricus</strong></span> <span class='ocrx_word' id='word_1_541' title='bbox 1216 4294 1245 4348; x_wconf 88' lang='lat' dir='ltr'><strong>ll</strong></span> <span class='ocrx_word' id='word_1_542' title='bbox 1299 4307 1349 4346; x_wconf 80' lang='lat' dir='ltr'><strong>reu</strong></span> <span class='ocrx_word' id='word_1_543' title='bbox 1387 4291 1524 4361; x_wconf 78' lang='lat' dir='ltr'><strong>predium</strong></span> <span class='ocrx_word' id='word_1_544' title='bbox 1565 4291 1700 4346; x_wconf 71' lang='lat' dir='ltr'><strong>fluriaco</strong></span> <span class='ocrx_word' id='word_1_545' title='bbox 1723 4293 1846 4347; x_wconf 77' lang='lat' dir='ltr'><strong>Ecclesia</strong></span> 
     </span>
    </p>

    <p class='ocr_par' dir='ltr' id='par_1_6' title="bbox 125 4379 1574 4454">
     <span class='ocr_line' id='line_1_47' title="bbox 125 4379 1574 4454; baseline -0.006 -14"><span class='ocrx_word' id='word_1_546' title='bbox 125 4387 231 4440; x_wconf 76' lang='lat' dir='ltr'><strong>Actum</strong></span> <span class='ocrx_word' id='word_1_547' title='bbox 248 4383 412 4454; x_wconf 84' lang='lat' dir='ltr'><strong>lderseburg</strong></span> <span class='ocrx_word' id='word_1_548' title='bbox 432 4383 461 4437; x_wconf 93' lang='lat' dir='ltr'><strong>in</strong></span> <span class='ocrx_word' id='word_1_549' title='bbox 476 4382 527 4436; x_wconf 86' lang='lat' dir='ltr'><strong>Dei</strong></span> <span class='ocrx_word' id='word_1_550' title='bbox 543 4381 662 4436; x_wconf 91' lang='lat' dir='ltr'><strong>nomine</strong></span> <span class='ocrx_word' id='word_1_551' title='bbox 674 4380 804 4436; x_wconf 75' lang='lat' dir='ltr'><strong>feliciter,</strong></span> <span class='ocrx_word' id='word_1_552' title='bbox 1272 4380 1466 4445; x_wconf 76' lang='lat' dir='ltr'><strong>Bumberqeusi</strong></span> <span class='ocrx_word' id='word_1_553' title='bbox 1480 4379 1574 4435; x_wconf 85' lang='lat' dir='ltr'><strong>donet.</strong></span> 
     </span>
    </p>
   </div>
   <div class='ocr_carea' id='block_1_3' title="bbox 94 4467 1809 4628">
    <p class='ocr_par' dir='ltr' id='par_1_7' title="bbox 94 4467 1809 4628">
     <span class='ocr_line' id='line_1_48' title="bbox 94 4467 1809 4628; baseline 0.002 -21"><span class='ocrx_word' id='word_1_554' title='bbox 94 4545 149 4600; x_wconf 63' lang='grc' dir='ltr'><strong>Μ</strong></span> <span class='ocrx_word' id='word_1_555' title='bbox 162 4543 305 4598; x_wconf 63' lang='lat' dir='ltr'><strong>Ht’ltn&#39;m</strong></span> <span class='ocrx_word' id='word_1_556' title='bbox 331 4543 357 4596; x_wconf 75' lang='lat' dir='ltr'>H</span> <span class='ocrx_word' id='word_1_557' title='bbox 379 4542 464 4597; x_wconf 59' lang='lat' dir='ltr'><strong>dmm</strong></span> <span class='ocrx_word' id='word_1_558' title='bbox 489 4471 656 4611; x_wconf 44' lang='lat' dir='ltr'><strong>mmmm</strong></span> <span class='ocrx_word' id='word_1_559' title='bbox 682 4539 872 4595; x_wconf 58' lang='lat' dir='ltr'><strong>omnuim</strong></span> <span class='ocrx_word' id='word_1_560' title='bbox 894 4555 943 4608; x_wconf 87' lang='lat' dir='ltr'><strong>per</strong></span> <span class='ocrx_word' id='word_1_561' title='bbox 1035 4559 1228 4628; x_wconf 75' lang='lat' dir='ltr'><strong>[Ussermaum</strong></span> <span class='ocrx_word' id='word_1_562' title='bbox 1245 4467 1695 4624; x_wconf 36' lang='grc' dir='ltr'><strong>ἱθεῗιῗιῗιηῖιῗὶἓᾶειίαᾛῐῗὲιιαυεε</strong></span> <span class='ocrx_word' id='word_1_563' title='bbox 1708 4574 1737 4628; x_wconf 84' lang='lat' dir='ltr'><strong>p.</strong></span> <span class='ocrx_word' id='word_1_564' title='bbox 1754 4557 1809 4627; x_wconf 70' lang='lat' dir='ltr'><strong>tu]</strong></span> 
     </span>
    </p>
   </div>
   <div class='ocr_carea' id='block_1_4' title="bbox 124 4612 1881 4755">
    <p class='ocr_par' dir='ltr' id='par_1_8' title="bbox 124 4612 1881 4755">
     <span class='ocr_line' id='line_1_49' title="bbox 124 4612 1881 4755; baseline -0.03 -7"><span class='ocrx_word' id='word_1_565' title='bbox 124 4612 811 4755; x_wconf 42' lang='lat' dir='ltr'><strong>wfflffgzlexgmpghhdssuwrfffflgg</strong></span> <span class='ocrx_word' id='word_1_566' title='bbox 829 4614 940 4738; x_wconf 45' lang='grc' dir='ltr'><strong>,ςςὲῗαΰὶὴῖ</strong></span> <span class='ocrx_word' id='word_1_567' title='bbox 1032 4648 1064 4701; x_wconf 94' lang='lat' dir='ltr'><strong>ln</strong></span> <span class='ocrx_word' id='word_1_568' title='bbox 1089 4646 1204 4701; x_wconf 89' lang='lat' dir='ltr'><strong>nomine</strong></span> <span class='ocrx_word' id='word_1_569' title='bbox 1224 4649 1329 4698; x_wconf 78' lang='lat' dir='ltr'><strong>sanctie</strong></span> <span class='ocrx_word' id='word_1_570' title='bbox 1352 4648 1381 4698; x_wconf 89' lang='lat' dir='ltr'><strong>ct</strong></span> <span class='ocrx_word' id='word_1_571' title='bbox 1407 4643 1564 4697; x_wconf 80' lang='lat' dir='ltr'><strong>individuae</strong></span> <span class='ocrx_word' id='word_1_572' title='bbox 1578 4643 1735 4711; x_wconf 87' lang='lat' dir='ltr'><strong>Trinitatis,</strong></span> <span class='ocrx_word' id='word_1_573' title='bbox 1759 4645 1845 4698; x_wconf 81' lang='lat' dir='ltr'><strong>linin-</strong></span> <span class='ocrx_word' id='word_1_574' title='bbox 1879 4636 1881 4640; x_wconf 44' lang='lat'><strong><em>⁴</em></strong></span> 
     </span>
    </p>
   </div>
   <div class='ocr_carea' id='block_1_5' title="bbox 91 4732 1848 5437">
    <p class='ocr_par' dir='ltr' id='par_1_9' title="bbox 337 4732 1631 4836">
     <span class='ocr_line' id='line_1_50' title="bbox 337 4732 1631 4836; baseline -0.009 -38"><span class='ocrx_word' id='word_1_575' title='bbox 337 4773 420 4825; x_wconf 60' lang='lat' dir='ltr'>Anno</span> <span class='ocrx_word' id='word_1_576' title='bbox 436 4771 504 4825; x_wconf 58' lang='lat'>{0¹0</span> <span class='ocrx_word' id='word_1_577' title='bbox 548 4772 571 4823; x_wconf 65' lang='grc' dir='ltr'>Α</span> <span class='ocrx_word' id='word_1_578' title='bbox 594 4769 627 4824; x_wconf 63' lang='lat' dir='ltr'><strong>,il</strong></span> <span class='ocrx_word' id='word_1_579' title='bbox 657 4772 688 4824; x_wconf 57' lang='grc' dir='ltr'><em>ῃ</em></span> <span class='ocrx_word' id='word_1_580' title='bbox 704 4770 711 4836; x_wconf 55' lang='lat' dir='ltr'><strong>g</strong></span> <span class='ocrx_word' id='word_1_581' title='bbox 997 4752 1074 4791; x_wconf 79' lang='lat' dir='ltr'><strong>nicus</strong></span> <span class='ocrx_word' id='word_1_582' title='bbox 1098 4733 1193 4790; x_wconf 84' lang='lat' dir='ltr'><strong>divine</strong></span> <span class='ocrx_word' id='word_1_583' title='bbox 1208 4733 1359 4788; x_wconf 90' lang='lat' dir='ltr'><strong>ordinante</strong></span> <span class='ocrx_word' id='word_1_584' title='bbox 1374 4732 1555 4802; x_wconf 83' lang='lat' dir='ltr'><strong>providentia</strong></span> <span class='ocrx_word' id='word_1_585' title='bbox 1571 4748 1631 4787; x_wconf 82' lang='lat' dir='ltr'><strong>rex.</strong></span> 
     </span>
    </p>

    <p class='ocr_par' dir='ltr' id='par_1_10' title="bbox 237 4786 1846 4913">
     <span class='ocr_line' id='line_1_51' title="bbox 237 4786 1846 4913; baseline -0.017 -15"><span class='ocrx_word' id='word_1_586' title='bbox 237 4842 330 4913; x_wconf 62' lang='lat' dir='ltr'><strong>filled,</strong></span> <span class='ocrx_word' id='word_1_587' title='bbox 346 4841 411 4898; x_wconf 84' lang='lat' dir='ltr'><strong>God.</strong></span> <span class='ocrx_word' id='word_1_588' title='bbox 429 4809 546 4911; x_wconf 64' lang='lat' dir='ltr'><strong>episcdp.</strong></span> <span class='ocrx_word' id='word_1_589' title='bbox 562 4786 668 4896; x_wconf 56' lang='lat' dir='ltr'><strong>ri&#39;attst.</strong></span> <span class='ocrx_word' id='word_1_590' title='bbox 685 4813 706 4903; x_wconf 83' lang='lat' dir='ltr'><strong>l,</strong></span> <span class='ocrx_word' id='word_1_591' title='bbox 728 4839 799 4909; x_wconf 81' lang='lat' dir='ltr'><strong>l³0.]</strong></span> <span class='ocrx_word' id='word_1_592' title='bbox 1031 4825 1135 4879; x_wconf 89' lang='lat' dir='ltr'><strong>Notum</strong></span> <span class='ocrx_word' id='word_1_593' title='bbox 1148 4821 1330 4876; x_wconf 91' lang='lat' dir='ltr'><strong>sitomnibus</strong></span> <span class='ocrx_word' id='word_1_594' title='bbox 1358 4819 1464 4874; x_wconf 87' lang='lat' dir='ltr'><strong>Christi</strong></span> <span class='ocrx_word' id='word_1_595' title='bbox 1496 4819 1638 4883; x_wconf 88' lang='lat' dir='ltr'><strong>fidelibus,</strong></span> <span class='ocrx_word' id='word_1_596' title='bbox 1656 4817 1846 4890; x_wconf 76' lang='lat' dir='ltr'><strong>presentibus</strong></span> 
     </span>
    </p>

    <p class='ocr_par' dir='ltr' id='par_1_11' title="bbox 91 4906 1848 5437">
     <span class='ocr_line' id='line_1_52' title="bbox 127 4906 1840 4986; baseline -0.011 -9"><span class='ocrx_word' id='word_1_597' title='bbox 127 4924 159 4978; x_wconf 89' lang='lat' dir='ltr'><strong>ln</strong></span> <span class='ocrx_word' id='word_1_598' title='bbox 172 4923 292 4977; x_wconf 89' lang='lat' dir='ltr'><strong>nomine</strong></span> <span class='ocrx_word' id='word_1_599' title='bbox 321 4925 426 4976; x_wconf 76' lang='lat' dir='ltr'><strong>sanctae</strong></span> <span class='ocrx_word' id='word_1_600' title='bbox 452 4926 481 4975; x_wconf 90' lang='lat' dir='ltr'><strong>et</strong></span> <span class='ocrx_word' id='word_1_601' title='bbox 501 4919 658 4974; x_wconf 74' lang='lat' dir='ltr'><strong>individere</strong></span> <span class='ocrx_word' id='word_1_602' title='bbox 679 4919 836 4986; x_wconf 84' lang='lat' dir='ltr'><strong>Trinitatis,</strong></span> <span class='ocrx_word' id='word_1_603' title='bbox 864 4920 942 4973; x_wconf 79' lang='lat' dir='ltr'><strong>llsru·</strong></span> <span class='ocrx_word' id='word_1_604' title='bbox 997 4909 1276 4975; x_wconf 86' lang='lat' dir='ltr'><strong>scilicetacfuturis‚</strong></span> <span class='ocrx_word' id='word_1_605' title='bbox 1297 4909 1624 4980; x_wconf 89' lang='lat' dir='ltr'><strong>quie,postquamnos,</strong></span> <span class='ocrx_word' id='word_1_606' title='bbox 1641 4906 1840 4977; x_wconf 84' lang='lat' dir='ltr'><strong>diriueinspi·</strong></span> 
     </span>
     <span class='ocr_line' id='line_1_53' title="bbox 91 4993 1844 5073; baseline -0.01 -7"><span class='ocrx_word' id='word_1_607' title='bbox 91 5027 168 5066; x_wconf 79' lang='lat' dir='ltr'><strong>neus</strong></span> <span class='ocrx_word' id='word_1_608' title='bbox 187 5010 287 5066; x_wconf 82' lang='lat' dir='ltr'><strong>divina</strong></span> <span class='ocrx_word' id='word_1_609' title='bbox 301 5009 414 5065; x_wconf 80' lang='lat' dir='ltr'><strong>favente</strong></span> <span class='ocrx_word' id='word_1_610' title='bbox 429 5009 582 5065; x_wconf 89' lang='lat' dir='ltr'><strong>clementia</strong></span> <span class='ocrx_word' id='word_1_611' title='bbox 596 5025 656 5063; x_wconf 86' lang='lat' dir='ltr'><strong>rex.</strong></span> <span class='ocrx_word' id='word_1_612' title='bbox 996 5007 1077 5056; x_wconf 90' lang='lat' dir='ltr'><strong>rante</strong></span> <span class='ocrx_word' id='word_1_613' title='bbox 1092 4999 1184 5073; x_wconf 89' lang='lat' dir='ltr'><strong>gratia</strong></span> <span class='ocrx_word' id='word_1_614' title='bbox 1194 5003 1224 5053; x_wconf 90' lang='lat' dir='ltr'><strong>et</strong></span> <span class='ocrx_word' id='word_1_615' title='bbox 1237 5000 1368 5053; x_wconf 80' lang='lat' dir='ltr'><strong>lfomana</strong></span> <span class='ocrx_word' id='word_1_616' title='bbox 1382 4994 1686 5066; x_wconf 84' lang='lat' dir='ltr'><strong>auctorantepeteutia</strong></span> <span class='ocrx_word' id='word_1_617' title='bbox 1700 4993 1844 5049; x_wconf 89' lang='lat' dir='ltr'><strong>omnium·</strong></span> 
     </span>
     <span class='ocr_line' id='line_1_54' title="bbox 125 5082 1846 5168; baseline -0.011 -13"><span class='ocrx_word' id='word_1_618' title='bbox 125 5099 158 5155; x_wconf 87' lang='lat' dir='ltr'><strong>Si</strong></span> <span class='ocrx_word' id='word_1_619' title='bbox 179 5099 371 5154; x_wconf 86' lang='lat' dir='ltr'><strong>Ecclesiarum</strong></span> <span class='ocrx_word' id='word_1_620' title='bbox 388 5098 439 5153; x_wconf 81' lang='lat' dir='ltr'><strong>Dei</strong></span> <span class='ocrx_word' id='word_1_621' title='bbox 464 5100 526 5152; x_wconf 93' lang='lat' dir='ltr'><strong>loca</strong></span> <span class='ocrx_word' id='word_1_622' title='bbox 540 5097 661 5168; x_wconf 82' lang='lat' dir='ltr'><strong>alicujus</strong></span> <span class='ocrx_word' id='word_1_623' title='bbox 681 5095 750 5152; x_wconf 92' lang='lat' dir='ltr'><strong>doni</strong></span> <span class='ocrx_word' id='word_1_624' title='bbox 765 5096 942 5151; x_wconf 90' lang='lat' dir='ltr'><strong>incremento</strong></span> <span class='ocrx_word' id='word_1_625' title='bbox 997 5085 1342 5162; x_wconf 87' lang='lat' dir='ltr'><strong>queuostrilideliumiu</strong></span> <span class='ocrx_word' id='word_1_626' title='bbox 1367 5085 1495 5140; x_wconf 86' lang='lat' dir='ltr'><strong>medium</strong></span> <span class='ocrx_word' id='word_1_627' title='bbox 1527 5084 1694 5137; x_wconf 89' lang='lat' dir='ltr'><strong>consulente</strong></span> <span class='ocrx_word' id='word_1_628' title='bbox 1713 5082 1846 5137; x_wconf 91' lang='lat' dir='ltr'><strong>concordi</strong></span> 
     </span>
     <span class='ocr_line' id='line_1_55' title="bbox 91 5170 1846 5249; baseline -0.009 -7"><span class='ocrx_word' id='word_1_629' title='bbox 91 5188 249 5244; x_wconf 85' lang='lat' dir='ltr'><strong>sublimare</strong></span> <span class='ocrx_word' id='word_1_630' title='bbox 273 5187 318 5243; x_wconf 87' lang='lat' dir='ltr'><strong>vel</strong></span> <span class='ocrx_word' id='word_1_631' title='bbox 331 5188 484 5243; x_wconf 84' lang='lat' dir='ltr'><strong>meliorare</strong></span> <span class='ocrx_word' id='word_1_632' title='bbox 505 5186 711 5249; x_wconf 88' lang='lat' dir='ltr'><strong>studuerimus,</strong></span> <span class='ocrx_word' id='word_1_633' title='bbox 731 5184 814 5240; x_wconf 91' lang='lat' dir='ltr'><strong>uobis</strong></span> <span class='ocrx_word' id='word_1_634' title='bbox 838 5185 941 5239; x_wconf 90' lang='lat' dir='ltr'><strong>nostri·</strong></span> <span class='ocrx_word' id='word_1_635' title='bbox 996 5177 1148 5244; x_wconf 88' lang='lat' dir='ltr'><strong>sententia,</strong></span> <span class='ocrx_word' id='word_1_636' title='bbox 1161 5180 1266 5230; x_wconf 80' lang='lat' dir='ltr'><strong>nostre.</strong></span> <span class='ocrx_word' id='word_1_637' title='bbox 1282 5172 1465 5246; x_wconf 90' lang='lat' dir='ltr'><strong>proprietati,</strong></span> <span class='ocrx_word' id='word_1_638' title='bbox 1482 5172 1578 5225; x_wconf 90' lang='lat' dir='ltr'><strong>locum</strong></span> <span class='ocrx_word' id='word_1_639' title='bbox 1609 5171 1769 5227; x_wconf 86' lang='lat' dir='ltr'><strong>Bavenberc</strong></span> <span class='ocrx_word' id='word_1_640' title='bbox 1798 5170 1846 5226; x_wconf 92' lang='lat' dir='ltr'><strong>di-</strong></span> 
     </span>
     <span class='ocr_line' id='line_1_56' title="bbox 92 5259 1843 5349; baseline -0.011 -16"><span class='ocrx_word' id='word_1_641' title='bbox 92 5294 148 5349; x_wconf 90' lang='lat' dir='ltr'><strong>que</strong></span> <span class='ocrx_word' id='word_1_642' title='bbox 170 5277 257 5349; x_wconf 84' lang='lat' dir='ltr'><strong>regni</strong></span> <span class='ocrx_word' id='word_1_643' title='bbox 284 5275 372 5332; x_wconf 88' lang='lat' dir='ltr'><strong>statui</strong></span> <span class='ocrx_word' id='word_1_644' title='bbox 395 5275 425 5331; x_wconf 91' lang='lat' dir='ltr'><strong>id</strong></span> <span class='ocrx_word' id='word_1_645' title='bbox 451 5275 591 5346; x_wconf 91' lang='lat' dir='ltr'><strong>prolicere</strong></span> <span class='ocrx_word' id='word_1_646' title='bbox 616 5273 735 5328; x_wconf 89' lang='lat' dir='ltr'><strong>minime</strong></span> <span class='ocrx_word' id='word_1_647' title='bbox 768 5271 939 5327; x_wconf 82' lang='lat' dir='ltr'><strong>diffidimus.</strong></span> <span class='ocrx_word' id='word_1_648' title='bbox 996 5272 1075 5321; x_wconf 91' lang='lat' dir='ltr'><strong>ctum</strong></span> <span class='ocrx_word' id='word_1_649' title='bbox 1090 5266 1120 5320; x_wconf 92' lang='lat' dir='ltr'><strong>in</strong></span> <span class='ocrx_word' id='word_1_650' title='bbox 1140 5263 1277 5319; x_wconf 90' lang='lat' dir='ltr'><strong>sedemet</strong></span> <span class='ocrx_word' id='word_1_651' title='bbox 1305 5264 1414 5317; x_wconf 89' lang='lat' dir='ltr'><strong>cultum</strong></span> <span class='ocrx_word' id='word_1_652' title='bbox 1441 5259 1623 5331; x_wconf 89' lang='lat' dir='ltr'><strong>episcopatus</strong></span> <span class='ocrx_word' id='word_1_653' title='bbox 1649 5259 1843 5331; x_wconf 81' lang='lat' dir='ltr'><strong>proveximus,</strong></span> 
     </span>
     <span class='ocr_line' id='line_1_57' title="bbox 93 5346 1848 5437; baseline -0.011 -16"><span class='ocrx_word' id='word_1_654' title='bbox 93 5366 276 5437; x_wconf 78' lang='lat' dir='ltr'><strong>Quapropter</strong></span> <span class='ocrx_word' id='word_1_655' title='bbox 293 5364 425 5420; x_wconf 91' lang='lat' dir='ltr'><strong>omnium</strong></span> <span class='ocrx_word' id='word_1_656' title='bbox 455 5362 724 5428; x_wconf 76' lang='lat' dir='ltr'><strong>christifidelium,</strong></span> <span class='ocrx_word' id='word_1_657' title='bbox 753 5360 941 5432; x_wconf 78' lang='lat' dir='ltr'><strong>presentium</strong></span> <span class='ocrx_word' id='word_1_658' title='bbox 996 5369 1137 5409; x_wconf 89' lang='lat' dir='ltr'><strong>consensu</strong></span> <span class='ocrx_word' id='word_1_659' title='bbox 1153 5358 1182 5407; x_wconf 88' lang='lat' dir='ltr'><strong>et</strong></span> <span class='ocrx_word' id='word_1_660' title='bbox 1193 5351 1329 5424; x_wconf 89' lang='lat' dir='ltr'><strong>petitione</strong></span> <span class='ocrx_word' id='word_1_661' title='bbox 1346 5348 1428 5403; x_wconf 89' lang='lat' dir='ltr'><strong>nobis</strong></span> <span class='ocrx_word' id='word_1_662' title='bbox 1443 5346 1636 5402; x_wconf 79' lang='lat' dir='ltr'><strong>dilectissimae</strong></span> <span class='ocrx_word' id='word_1_663' title='bbox 1652 5347 1782 5419; x_wconf 87' lang='lat' dir='ltr'><strong>conjugis</strong></span> <span class='ocrx_word' id='word_1_664' title='bbox 1795 5348 1848 5403; x_wconf 86' lang='lat' dir='ltr'><strong>Cu-</strong></span> 
     </span>
    </p>
   </div>
   <div class='ocr_carea' id='block_1_6' title="bbox 93 5435 1848 5613">
    <p class='ocr_par' dir='ltr' id='par_1_12' title="bbox 93 5435 1848 5613">
     <span class='ocr_line' id='line_1_58' title="bbox 93 5435 1848 5522; baseline -0.011 -14"><span class='ocrx_word' id='word_1_665' title='bbox 93 5454 198 5509; x_wconf 87' lang='lat' dir='ltr'><strong>scilicet</strong></span> <span class='ocrx_word' id='word_1_666' title='bbox 217 5454 258 5508; x_wconf 86' lang='lat' dir='ltr'><strong>ac&#39;</strong></span> <span class='ocrx_word' id='word_1_667' title='bbox 277 5453 453 5520; x_wconf 88' lang='lat' dir='ltr'><strong>futurorum,</strong></span> <span class='ocrx_word' id='word_1_668' title='bbox 484 5456 621 5522; x_wconf 86' lang='lat' dir='ltr'><strong>agnoscat</strong></span> <span class='ocrx_word' id='word_1_669' title='bbox 646 5449 790 5505; x_wconf 90' lang='lat' dir='ltr'><strong>industria</strong></span> <span class='ocrx_word' id='word_1_670' title='bbox 818 5447 942 5520; x_wconf 87' lang='lat' dir='ltr'><strong>qualitor</strong></span> <span class='ocrx_word' id='word_1_671' title='bbox 997 5442 1135 5515; x_wconf 81' lang='lat' dir='ltr'><strong>nigundae</strong></span> <span class='ocrx_word' id='word_1_672' title='bbox 1150 5441 1282 5496; x_wconf 82' lang='lat' dir='ltr'><strong>videlicet</strong></span> <span class='ocrx_word' id='word_1_673' title='bbox 1295 5438 1403 5508; x_wconf 82' lang='lat' dir='ltr'><strong>reginae</strong></span> <span class='ocrx_word' id='word_1_674' title='bbox 1414 5436 1560 5507; x_wconf 88' lang='lat' dir='ltr'><strong>quodnam</strong></span> <span class='ocrx_word' id='word_1_675' title='bbox 1572 5436 1729 5507; x_wconf 73' lang='lat' dir='ltr'><strong>predium,</strong></span> <span class='ocrx_word' id='word_1_676' title='bbox 1741 5435 1848 5507; x_wconf 91' lang='lat' dir='ltr'><strong>quoda</strong></span> 
     </span>
     <span class='ocr_line' id='line_1_59' title="bbox 98 5522 1847 5613; baseline -0.013 -15"><span class='ocrx_word' id='word_1_677' title='bbox 98 5558 154 5609; x_wconf 88' lang='lat' dir='ltr'><strong>nos,</strong></span> <span class='ocrx_word' id='word_1_678' title='bbox 172 5542 262 5599; x_wconf 83' lang='lat' dir='ltr'><strong>divini</strong></span> <span class='ocrx_word' id='word_1_679' title='bbox 290 5542 397 5598; x_wconf 89' lang='lat' dir='ltr'><strong>amoris</strong></span> <span class='ocrx_word' id='word_1_680' title='bbox 427 5541 574 5609; x_wconf 90' lang='lat' dir='ltr'><strong>instinctu,</strong></span> <span class='ocrx_word' id='word_1_681' title='bbox 599 5555 652 5613; x_wconf 89' lang='lat' dir='ltr'><strong>pro</strong></span> <span class='ocrx_word' id='word_1_682' title='bbox 678 5538 807 5594; x_wconf 87' lang='lat' dir='ltr'><strong>remedio</strong></span> <span class='ocrx_word' id='word_1_683' title='bbox 834 5536 939 5591; x_wconf 81' lang='lat' dir='ltr'><strong>anime</strong></span> <span class='ocrx_word' id='word_1_684' title='bbox 998 5530 1144 5588; x_wconf 91' lang='lat' dir='ltr'><strong>modernis</strong></span> <span class='ocrx_word' id='word_1_685' title='bbox 1170 5528 1292 5594; x_wconf 87' lang='lat' dir='ltr'><strong>Tareise,</strong></span> <span class='ocrx_word' id='word_1_686' title='bbox 1326 5525 1362 5580; x_wconf 87' lang='lat' dir='ltr'><strong>ab</strong></span> <span class='ocrx_word' id='word_1_687' title='bbox 1395 5524 1611 5596; x_wconf 86' lang='lat' dir='ltr'><strong>antiquioribus</strong></span> <span class='ocrx_word' id='word_1_688' title='bbox 1638 5539 1706 5580; x_wconf 82' lang='lat' dir='ltr'><strong>vero</strong></span> <span class='ocrx_word' id='word_1_689' title='bbox 1731 5522 1847 5579; x_wconf 77' lang='lat' dir='ltr'><strong>Sintho-</strong></span> 
     </span>
    </p>
   </div>
   <div class='ocr_carea' id='block_1_7' title="bbox 0 0 1948 6112">
    <p class='ocr_par' dir='ltr' id='par_1_13' title="bbox 0 0 1948 6112">
     <span class='ocr_line' id='line_1_60' title="bbox 0 0 1948 6112; baseline 0 0"><span class='ocrx_word' id='word_1_690' title='bbox 0 0 1948 6112; x_wconf 95' lang='lat' dir='ltr'><strong> </strong></span> 
     </span>
    </p>
   </div>
  </div>
 </body>
</html>
