3878 6112
70 280 115 335 tst
624 279 799 336 ceraunus
817 279 862 335 io
884 279 989 337 vrrau
1010 280 1038 335 s.
1061 263 1273 337 aiauuaaor
1774 283 1826 338 uc

70 405 143 457 aset
164 399 276 455 inutilis
295 403 325 454 et
347 399 406 453 suis
430 399 593 454 alliceretur
613 399 716 470 gravis.
742 400 810 454 lloec
832 399 958 470 igiturA
977 406 1005 454 et
1021 401 1153 467 aliorum,
1170 400 1220 473 qui
1246 401 1281 456 dc
1298 400 1417 455 diversis
1438 400 1507 457 locis
1531 403 1566 457 ad
1582 403 1824 474 sollempnitatem

70 493 81 545 b
111 491 209 546 Nonas
232 489 296 543 Maii
322 487 451 543 vehiculo
483 488 615 554 adducta,
642 488 762 558 criptam
800 489 922 543 basilicae
976 490 1149 545 inventionis
1173 497 1279 544 sanctae
1300 491 1391 544 crucis
1414 508 1448 545 eo
1471 491 1516 545 die
1534 494 1742 559 conduxerant,
1769 510 1826 546 aon

70 586 176 634 nostrae
191 577 361 632 dilticillimo
376 577 473 631 labore
487 577 599 631 duobus
614 577 712 631 innixa
726 577 836 631 baculis
851 577 921 631 irre·
976 578 1089 632 modica
1113 579 1210 643 turba;
1241 585 1414 650 acceptoque
1438 581 1602 634 testimonio
1621 596 1637 632 a
1661 581 1827 650 parentibus

70 667 136 740 psit,
153 683 187 719 ac
202 683 232 720 se
247 681 333 736 super
344 666 419 720 beati
434 665 488 719 viri
502 666 630 719 tumbam
645 666 793 720 inelinavit
805 685 813 732 ;
824 666 922 738 ibique
977 672 1006 720 et
1020 667 1127 721 civibus
1151 669 1254 737 pinellae
1275 669 1309 721 de
1333 686 1367 720 co
1384 668 1459 739 ‹puod
1476 668 1626 734 acciderat,
1642 670 1826 739 onxrtipoteu·

70 756 106 811 ιδ
131 755 214 810 ottrni
238 771 295 824 quo
317 753 465 807 laborabat
489 754 671 809 incommodo
693 754 922 810 miraceleritate
977 760 1034 809 tem
1049 757 1137 810 ileum
1161 756 1283 825 publicis
1310 756 1440 810 laudibus
1455 757 1484 810 in
1508 764 1605 811 sancto
1630 774 1681 812 suo
1703 757 1825 812 devotis-

70 845 226 900 convaluit.
252 843 301 898 [lie
323 843 454 914 sequenti
478 844 612 898 convenit
633 844 810 899 incredibilis
827 843 924 897 molti·
977 844 1048 898 sinte
1074 845 1317 914 glorificaverunt.
1337 845 1432 899 Puella
1456 862 1522 900 vero
1546 847 1645 900 eodem
1664 847 1709 901 die
1728 847 1827 901 adsita

71 934 141 989 todo
164 933 266 1005 populi
284 938 389 987 nostrae
415 932 544 998 civitatis,
568 932 788 1005 peregrinorum
810 948 922 1005 quoque
977 933 1252 988 incolurnisrevcrsa
1267 940 1309 988 est
1323 933 1369 988 ¹⁵².

782 1095 895 1150 vaula
925 1094 1125 1149 LECTIONES.

110 1219 146 1254 ¹⁸²
162 1219 214 1271 buc
229 1233 312 1287 usque
325 1217 408 1272 codes
420 1219 446 1282 l,
460 1217 537 1284 foliis
547 1219 653 1288 aliquot
668 1221 762 1274 coctus
777 1218 1006 1273 exstantibus-
1021 1221 1055 1273 0.
1072 1223 1098 1286 3,
1113 1221 1140 1284 4,
1155 1222 1181 1283 5,
1194 1222 1233 1274 ito
1248 1224 1466 1289 prosequuntur:

109 1291 154 1342 ao.
168 1289 215 1341 Vir
230 1288 347 1359 quidam
362 1288 397 1341 de
424 1287 538 1342 civitate
567 1289 674 1351 Lubelx,
699 1289 884 1343 adelwardus
910 1288 1036 1344 nornine.
1059 1291 1098 1343 ita
1126 1291 1256 1360 paralisis
1284 1291 1384 1344 morbo
1411 1292 1498 1357 lungo
1519 1294 1647 1360 tempore
1671 1289 1826 1344 dissolutus

73 1360 197 1486 pacabat,
210 1366 241 1412 ut
256 1376 308 1411 uec
321 1359 350 1411 in
368 1360 439 1412 lecto
463 1360 650 1430 semetipsum
677 1361 795 1431 erigere,
813 1378 866 1415 nec
881 1360 915 1414 ad
934 1377 966 1413 os
990 1377 1108 1414 martum
1133 1362 1278 1432 propriam
1297 1364 1436 1430 patuisset
1458 1354 1608 1414 adducere.
1640 1361 1729 1428 ttojos
1744 1361 1827 1415 uxori

94 1438 175 1484 catus
191 1430 316 1498 pontifex
332 1430 517 1484 bernwardus
533 1430 562 1484 in
585 1431 693 1484 visione
709 1432 852 1502 apparuit,
875 1446 997 1501 eamque
1012 1435 1045 1485 ut
1059 1448 1109 1499 pro
1122 1436 1213 1484 salute
1228 1432 1281 1484 viri
1301 1432 1448 1485 carmelum
1466 1433 1547 1500 juxta
1569 1432 1780 1496 longitudinem
1795 1448 1827 1485 ac

75 1501 258 1556 latitudinem
281 1501 426 1570 sepulchri
442 1501 486 1554 sui
502 1501 603 1554 tactam
627 1504 683 1555 ileo
707 1519 809 1555 vovere
832 1502 946 1566 dehere,
970 1502 1094 1556 edocuit.
1111 1508 1146 1556 at
1162 1502 1210 1555 illa
1225 1501 1260 1556 de
1275 1519 1395 1571 suumne
1422 1501 1561 1571 evigilans
1585 1510 1613 1554 et
1627 1501 1765 1556 visionem
1781 1519 1826 1555 re-

73 1577 209 1637 tractans,
239 1571 304 1625 ilico
320 1572 452 1637 surrexit,
478 1577 506 1625 et
528 1578 682 1641 assumptis
704 1573 816 1626 duabus
834 1573 957 1638 sentinis,
987 1572 1018 1627 iu
1046 1573 1304 1627 vestibulodotuus
1321 1590 1370 1627 sue
1395 1572 1456 1625 solo
1476 1572 1678 1642 prosternitur,
1704 1578 1827 1640 postque

76 1642 239 1699 oracionem
255 1646 283 1696 et
306 1648 403 1696 votum
421 1642 592 1712 promissum
609 1645 644 1697 ad
668 1644 803 1698 mavilum
828 1660 940 1698 reversa
956 1649 1015 1711 est;
1039 1645 1203 1714 invenitque
1219 1660 1285 1697 eum
1305 1660 1357 1713 pro
1373 1652 1539 1713 recuperata
1550 1643 1611 1712 jam
1633 1643 1753 1696 sanitato
1771 1645 1827 1696 ileo

76 1714 346 1784 graciasagentem.
367 1712 420 1777 Oui
437 1713 472 1767 ab
488 1713 537 1767 illa
560 1715 630 1768 hora
654 1721 711 1768 tam
728 1715 813 1784 plene
840 1713 993 1779 convaluit,
1020 1720 1053 1769 ut
1070 1731 1125 1768 non
1146 1716 1230 1779 lorrge
1252 1721 1316 1785 post
1343 1714 1377 1768 ad
1398 1722 1495 1768 votum
1518 1714 1739 1785 persolvendum
1762 1730 1827 1768 cum

77 1800 166 1840 uxore
180 1785 272 1839 sancti
287 1783 339 1837 viri
355 1783 538 1854 sepulchrum
552 1785 688 1848 visitaret,
705 1801 736 1838 ac
752 1786 856 1856 patrati
872 1801 901 1838 sc
918 1785 1047 1839 miraculi
1063 1787 1168 1840 relator
1180 1785 1356 1839 certissimas
1371 1785 1517 1839 existeret.

108 1858 153 1909 ct.
172 1855 235 1909 atio
256 1870 371 1926 quoque
396 1861 526 1925 tempore
547 1855 693 1924 jamdicti
722 1856 934 1925 patrifamilias
960 1856 1035 1911 lilios
1052 1858 1145 1910 adhue
1174 1857 1344 1919 iubitrtvtlvts,
1366 1856 1516 1923 cujusdam
1541 1854 1624 1910 molis
1643 1855 1767 1924 desuper
1781 1870 1829 1906 vc-

77 1925 453 1996 nicntisruiaaoppressas
476 1931 562 1997 atque
588 1927 738 1991 contritus,
765 1943 831 1981 cum
851 1929 911 1994 jam
937 1943 1010 1998 pene
1035 1928 1181 1982 videretur
1196 1929 1346 1992 exanimis,
1365 1927 1540 1997 ejulabuuda
1565 1932 1656 1980 mater
1680 1926 1713 1980 sd
1735 1924 1827 1978 sancti

78 1997 241 2052 bernwardi
265 1997 454 2066 patrocinium
473 1996 619 2067 conlugit3
635 2013 686 2050 nec
705 2015 755 2068 spe
770 2015 820 2051 stra
836 1998 971 2052 frustrata
985 2001 1037 2051 est.
1054 1999 1123 2053 Nam
1145 1998 1282 2051 continuo
1306 2005 1370 2067 post
1392 2013 1491 2067 preces
1505 2003 1534 2051 et
1560 1997 1692 2050 lacrimas
1718 1996 1827 2066 ejusad

79 2068 169 2124 mum
184 2067 534 2137 tusas,subinrocacicne
559 2069 647 2122 sancti
671 2068 793 2139 presulis
807 2085 880 2140 puer
903 2075 1049 2140 tamquam
1074 2070 1109 2124 ab
1132 2069 1204 2140 ipsis
1227 2071 1327 2123 mortis
1353 2069 1483 2123 lancibus
1509 2078 1635 2140 ereptus,
1663 2067 1828 2122 vitereddi·

77 2142 185 2193 tuaest.

108 2212 155 2265 ²2.
173 2209 251 2264 ilites
272 2208 389 2280 quidam
414 2207 726 2265 Herebordusdevilla
749 2209 895 2263 llorbusen
912 2210 950 2280 (ol
978 2209 1089 2264 diutina
1104 2210 1269 2264 intirmitate
1291 2215 1490 2278 consumptos,
1506 2209 1540 2265 ad
1571 2213 1696 2263 extrema
1724 2223 1829 2277 pervo-

75 2285 160 2335 serat
186 2281 323 2349 cognatis
351 2281 603 2334 aulemetamicis
630 2280 707 2333 itlius
735 2297 786 2351 pre
803 2281 957 2334 amissione
973 2281 1112 2335 carissimi
1137 2282 1181 2335 sui
1205 2280 1327 2336 nimium
1351 2281 1525 2347 dolentibus,
1550 2280 1681 2333 sacerdos
1699 2280 1829 2347 ejsudem

75 2351 130 2405 loci
145 2351 302 2419 suggessit,
323 2356 354 2405 ot
369 2367 421 2421 pro
437 2366 470 2404 eo
498 2351 688 2420 patrocinium
712 2352 787 2407 beati
813 2352 972 2406 Bernwardi
998 2352 1198 2423 implorarent,
1216 2360 1312 2405 votum
1339 2351 1485 2412 facientes,
1505 2358 1535 2404 nt
1552 2351 1575 2405 si
1592 2351 1649 2404 vite
1673 2349 1784 2404 restitui
1800 2354 1828 2404 et

74 2422 198 2477 saltitem
215 2422 351 2490 consequi
375 2421 524 2492 potuisset,
542 2422 578 2475 ad
601 2423 785 2487 sepulchrum
807 2424 895 2477 sancti
918 2422 1007 2477 laneis
1031 2423 1150 2477 indatus
1169 2430 1197 2477 et
1218 2423 1407 2485 discalciatus,
1435 2422 1470 2477 de
1493 2423 1580 2476 domo
1597 2438 1649 2474 sua
1674 2420 1826 2489 incipiens,

74 2492 175 2564 venire
190 2493 344 2546 debuisset.
359 2493 499 2547 Omnibus
509 2508 576 2560 ergo
592 2493 620 2546 id
641 2493 763 2547 tideliter
779 2494 954 2560 voventibus,
979 2509 1047 2559 eger
1073 2495 1175 2548 meiius
1204 2493 1309 2547 habere
1331 2495 1422 2564 cepit;
1439 2501 1468 2546 et
1491 2492 1705 2563 proficientibus
1728 2492 1827 2545 melio-

75 2563 201 2617 racionis
211 2579 261 2617 soe
285 2564 458 2633 augmentis,
475 2564 503 2617 in
521 2564 599 2618 brevi
612 2563 647 2617 ad
667 2566 783 2632 plenum
800 2565 952 2617 convaluit.
970 2564 1023 2628 Qui
1037 2567 1221 2633 postmodum
1239 2565 1356 2618 alterius
1379 2580 1463 2617 cause
1486 2565 1631 2616 occasione
1647 2562 1828 2617 Brutteswieh

74 2633 190 2688 civitate
206 2633 371 2699 consistens,
387 2650 419 2689 ex
439 2635 538 2689 eodem
555 2635 615 2688 loco
634 2635 668 2688 ad
691 2634 912 2704 persolvendum
938 2640 1034 2688 votum
1059 2636 1114 2688 iter
1133 2635 1266 2704 arripuit,
1290 2652 1323 2688 eo
1346 2637 1422 2705 qnod
1440 2635 1577 2688 brevioris
1597 2635 1641 2688 vie
1656 2633 1828 2703 compendio

76 2720 156 2772 actis,
166 2704 196 2758 in
212 2705 385 2758 ambulando
408 2705 505 2758 ntinus
527 2711 598 2759 esset
623 2706 812 2760 laboraturus.
832 2705 1003 2759 Perveniens
1021 2705 1119 2775 itaque
1143 2706 1177 2760 ad
1202 2706 1346 2761 civitatem
1372 2705 1677 2771 Hildensemmeusem,
1703 2703 1828 2774 graviter

76 2774 220 2830 infirmari
236 2776 321 2846 cepit.
342 2775 396 2831 Sed
408 2780 504 2830 tamen
521 2782 634 2846 ceptum
652 2777 810 2843 adimplere
824 2776 999 2838 desideratis,
1026 2777 1173 2830 ecclesiam
1198 2777 1288 2830 sancti
1308 2777 1461 2839 Michaelis,
1478 2777 1507 2830 in
1530 2792 1587 2846 qua
1602 2783 1716 2829 sanctus
1731 2775 1827 2844 presul

76 2846 241 2917 requiescit,
258 2847 389 2916 expeciit,
416 2862 423 2912 ;
440 2847 488 2902 sed
504 2853 571 2901 ante
586 2848 691 2900 atrium
708 2847 824 2900 ecclesie
840 2853 987 2914 tamqnam
1001 2847 1036 2900 ab
1052 2849 1149 2918 aliquo
1167 2847 1308 2916 impulsus
1321 2849 1438 2901 corruit.
1464 2847 1512 2902 llis
1527 2852 1624 2902 autem
1641 2847 1690 2916 qui
1705 2846 1828 2899 comita-

77 2917 264 2971 bantnreom
279 2918 560 2986 apprehendentibus
584 2924 671 2988 atque
687 2918 857 2972 ducentibus
878 2927 908 2970 ut
932 2917 966 2971 ad
977 2918 1097 2988 januam
1120 2919 1235 2973 basilice
1261 2924 1376 2972 ventum
1400 2923 1450 2978 est.
1473 2919 1592 2972 horrore
1616 2917 1704 2970 nimio
1720 2918 1826 2985 percul-

77 3004 124 3043 sas
139 2993 170 3042 et
185 3005 288 3058 pavore
299 2989 374 3042 inter
389 3005 491 3042 manus
507 3004 607 3042 eorum
623 2990 764 3059 collapsus
779 2995 831 3054 est,
846 3004 898 3042 nec
914 2990 973 3041 ullo
994 2991 1078 3042 modo
1094 3005 1243 3060 assurgere
1267 2995 1317 3043 aut
1332 2989 1457 3043 intrandi
1470 2988 1617 3042 ecclesiam
1635 3005 1707 3041 vires
1723 2987 1826 3042 habere

114 3059 182 3123 tuit,
202 3060 371 3129 usquedum
391 3060 504 3128 publica
525 3060 702 3113 consessione
718 3060 850 3113 omnibus
871 3058 921 3130 qui
936 3060 1064 3126 aderant,
1081 3076 1132 3130 pro
1146 3076 1203 3130 quo
1222 3066 1300 3114 reatu
1324 3060 1377 3114 hac
1396 3076 1469 3130 pena
1494 3061 1674 3125 multaretur,
1692 3059 1825 3129 aperiret.

76 3074 211 3197 incoeptis
229 3146 297 3197 erno
314 3130 431 3195 viribus,
447 3131 482 3183 ad
501 3147 551 3183 sua
572 3136 725 3195 revomens,
746 3137 775 3184 et
789 3130 856 3186 inde
880 3130 1047 3201 procedens,
1064 3132 1122 3185 voti
1149 3132 1194 3185 sui
1218 3131 1347 3185 ordinem
1372 3135 1452 3185 tanto
1471 3130 1531 3201 jam
1559 3131 1703 3197 devocior,
1720 3133 1827 3196 quanto

78 3199 302 3326 dirincpdiviue
318 3202 345 3272 a]
360 3203 476 3254 verbere
491 3201 642 3263 erudimur,
659 3202 792 3271 explevit.

110 3273 158 3327 23.
204 3277 307 3325 atrona
327 3273 450 3342 quedam
476 3271 644 3337 Bremensis,
670 3274 700 3325 in
723 3271 891 3326 infirmitate
911 3270 1015 3342 posita,
1032 3271 1104 3327 vidit
1129 3271 1261 3327 assistere
1283 3271 1337 3325 sibi
1357 3272 1501 3343 quendam
1522 3271 1668 3325 reverendi
1687 3271 1782 3324 vultus
1796 3270 1828 3324 iu

80 3341 182 3396 habitu
197 3343 376 3408 sacerdotali,
396 3342 619 3411 interrogantem
643 3359 717 3409 eam,
742 3349 1087 3406 utrumnamaanosceret
1107 3359 1191 3414 quem
1209 3343 1375 3412 aspiciebat.
1398 3344 1457 3407 Que
1483 3344 1670 3412 respondens,
1698 3348 1729 3395 ut
1750 3347 1828 3412 pote-

78 3419 121 3467 rat
134 3414 228 3466 -vix
243 3413 319 3466 enim
333 3414 361 3466 in
372 3415 433 3467 solo
449 3419 562 3483 pectore
577 3414 669 3468 vitalis
683 3414 800 3482 spiritus
827 3415 1028 3467 anhelabat-
1044 3414 1123 3478 dixit,
1143 3430 1209 3468 euru
1234 3414 1287 3467 sibi
1303 3431 1418 3484 prorsus
1443 3414 1618 3474 incoauitum
1642 3429 1714 3467 esse.
1730 3415 1766 3466 at
1778 3412 1827 3465 tlte

79 3483 289 3552 benignissimo
314 3485 412 3547 aifatu,
440 3485 515 3554 quod
539 3485 598 3554 ipse
614 3490 688 3537 essct
712 3485 896 3539 Beruwardus
923 3484 1194 3538 Hildeaseutmensis
1219 3485 1379 3554 episcopos,
1406 3484 1610 3548 indicav·it;et,
1639 3484 1706 3553 quia
1728 3481 1827 3537 saliuis

78 3569 163 3608 causa
177 3554 347 3619 advenisset,
364 3556 493 3609 asseruit.
513 3555 680 3609 Autmonuit
695 3556 795 3619 eciam,
812 3561 845 3608 ut
860 3555 894 3608 ed
909 3554 1093 3622 sepulchrum
1120 3555 1209 3623 ipsius
1223 3561 1402 3608 nummatam
1418 3554 1475 3608 vini
1487 3555 1527 3623 (b)
1547 3555 1581 3608 ad
1602 3555 1826 3608 celebracionem

79 3625 242 3690 missarum,
266 3634 434 3695 recuperata
448 3625 578 3692 sanitate,
601 3626 725 3693 otlcrret,
742 3631 827 3696 atque
850 3626 903 3679 buc
926 3625 1002 3678 dicto
1028 3625 1176 3693 disparuit.
1199 3627 1390 3690 ttuliervero,
1414 3642 1469 3695 que
1485 3626 1571 3679 morti
1591 3626 1681 3678 vicina
1702 3625 1827 3694 putaba-

77 3698 123 3749 tur
137 3726 171 3737 -
187 3712 255 3749 narn
270 3697 332 3750 solo
346 3701 488 3765 prostrata
501 3713 578 3750 more
596 3698 725 3750 tidelium
741 3714 773 3750 ex
788 3696 839 3750 hac
854 3697 910 3749 vita
925 3695 1113 3764 migrantium
1127 3697 1256 3765 jacuerat
1274 3724 1305 3736 -
1329 3696 1444 3765 erigens
1463 3712 1492 3749 se
1502 3695 1658 3764 paulisper,
1684 3696 1825 3759 omnibus,

96 3766 125 3820 ui
140 3766 176 3821 ad
193 3767 284 3821 exitus
304 3769 365 3845 ejus
390 3768 620 3837 expectationem
644 3774 845 3831 convenerant,
872 3767 1009 3819 visionem
1030 3767 1192 3825 enarravit:
1214 3772 1299 3837 atque
1322 3767 1358 3820 sb
1374 3765 1474 3819 eadem
1498 3766 1568 3819 hora
1584 3767 1661 3817 salva
1683 3765 1754 3819 lacta
1774 3770 1824 3818 est.

78 3781 262 3892 iesimodum
276 3838 393 3892 visitans
408 3840 591 3909 sepulchrum
617 3839 716 3902 sancti,
733 3839 912 3892 oblaciouem
941 3836 1129 3908 prescriptam
1153 3837 1277 3891 tideliter
1300 3837 1413 3903 obtulit,
1435 3836 1555 3904 aliisque
1582 3834 1761 3889 lidelibusad
1783 3851 1826 3888 sc-

79 3909 220 3988 quendam
237 3909 435 3980 hujuscemodi
451 3909 636 3963 devocionem
653 3911 784 3979 exemplo
798 3908 864 3962 tuit.
885 3909 953 3962 Nam
971 3907 1052 3960 multi
1069 3916 1166 3976 postea
1181 3913 1238 3960 tam
1256 3908 1334 3975 pium
1353 3910 1458 3961 tactum
1487 3906 1644 3970 imitantes,
1668 3905 1827 3977 satisagen-

78 3979 152 4034 tibus
166 3979 278 4034 meritis
296 3981 372 4035 beati
387 3980 559 4046 Bernwardi,
576 3998 592 4034 a
609 3981 695 4034 variis
710 3979 895 4051 languoribus
908 3985 935 4032 ct
945 3978 1157 4033 calamitatibus
1173 3988 1239 4032 strat
1254 3978 1377 4033 liberati.

517 4079 568 4131 Hic
578 4079 640 4138 tuis
649 4078 770 4130 cod-icum
783 4075 811 4144 4,
824 4080 849 4131 s.
866 4076 974 4143 Adjicit
986 4077 1124 4143 scriptura
1134 4076 1215 4143 paulo
1230 4077 1329 4129 raineri
1339 4078 1373 4130 3:

110 4155 155 4210 et.
170 4154 251 4210 ilites
263 4155 381 4224 quidam
397 4156 432 4210 de
447 4157 549 4210 ducatu
570 4157 785 4211 ldekelenborch
807 4157 885 4212 lehre
908 4156 1010 4209 acriter
1032 4161 1192 4224 correptus,
1217 4155 1252 4208 ad
1273 4154 1502 4210 exhortacionem
1526 4155 1689 4225 aliquorum
1713 4168 1827 4208 ammo·

81 4223 164 4288 uitus,
182 4231 212 4277 ut
227 4234 325 4280 sancto
344 4229 520 4289 Bernwardo,
536 4228 829 4282 lltldauesemensium
854 4237 987 4296 patrono,
1002 4232 1098 4279 votum
1118 4226 1234 4290 taceret,
1255 4230 1284 4279 et
1299 4227 1359 4280 sine
1383 4226 1470 4280 dubio
1495 4227 1656 4280 relevamen
1673 4229 1701 4278 et
1721 4226 1826 4278 sanita-

81 4299 133 4350 tem
149 4297 278 4366 recipcre
292 4314 350 4351 non
368 4299 522 4363 dubitaret,
538 4299 660 4352 faciliter
678 4298 840 4368 acquievit;
863 4304 891 4351 et
907 4302 971 4350 voto
988 4297 1070 4359 tacto,
1084 4314 1146 4350 mox
1174 4303 1204 4350 ut
1223 4296 1308 4350 verba
1324 4297 1358 4351 de
1382 4301 1444 4368 ejus
1467 4313 1515 4350 ore
1540 4298 1682 4360 exierunt,
1711 4303 1828 4351 sanatus

81 4373 138 4431 est;
154 4368 185 4421 in
203 4368 285 4436 cujus
298 4369 413 4422 evidens
436 4368 631 4422 testimouium
656 4369 830 4422 ausitidem
856 4368 937 4421 miles
960 4367 1101 4421 horarium
1124 4383 1242 4421 aureum
1265 4368 1402 4438 perduos
1424 4369 1584 4423 sacerdotes
1603 4368 1638 4422 ad
1663 4368 1828 4440 sepulcrum

81 4439 163 4491 tancti
174 4438 317 4503 presolis;
332 4456 388 4508 que
403 4440 530 4507 predicta
545 4439 584 4494 sic
600 4441 762 4507 contiaisse,
774 4439 895 4493 lideliter
910 4439 1001 4492 testati
1023 4442 1098 4492 satit.

110 4511 154 4562 25.
176 4509 309 4564 thsticus
336 4510 425 4563 eciam
451 4511 567 4580 quidam
590 4511 625 4564 de
650 4510 755 4565 diocesi
777 4511 1022 4566 Hildeuesemensi
1045 4525 1110 4562 cum
1136 4508 1184 4562 diu
1209 4508 1407 4575 febriscitaret,
1430 4525 1534 4580 equam
1566 4510 1600 4563 de
1619 4509 1719 4564 tomba
1738 4510 1827 4563 sancti

80 4580 199 4646 presulis
213 4579 266 4633 sibi
281 4580 376 4635 atterri
388 4582 482 4648 peciit,
498 4597 585 4650 quam
599 4597 664 4635 mor
680 4588 710 4635 ut
723 4581 820 4636 bibere
835 4581 920 4652 cepit,
938 4580 1025 4635 l'ebris
1036 4581 1182 4647 abscessit,
1201 4584 1230 4635 et
1249 4581 1410 4651 postillam
1425 4582 1503 4635 diem
1527 4597 1586 4635 uon
1609 4580 1781 4652 comparuit,
1800 4586 1828 4634 et

80 4649 184 4720 etipse
199 4650 284 4714 dixit,
298 4654 327 4705 in
339 4651 459 4706 sanitate
473 4654 673 4722 perseveravit.

110 4749 148 4810 (c)
164 4747 218 4810 lta,
232 4747 259 4803 4.
274 4745 375 4810 533in
385 4747 447 4802 loco
464 4763 527 4801 raso
537 4749 662 4802 bornaco.
678 4778 712 4786 -
725 4748 787 4802 Noa
798 4751 840 4802 est
851 4750 926 4804 llor-
1018 4747 1055 4817 (b)
1071 4747 1102 4802 ld
1121 4754 1163 4805 est
1176 4746 1303 4818 pretinm
1317 4746 1387 4801 vini.

78 4830 139 4871 sum
154 4832 247 4887 prope
261 4818 363 4872 Allcld.
