3878 6112
113 268 161 321 set
650 264 852 321 Buucflauui
872 260 1138 320 woutlacOEusls
1157 258 1324 315 Episcopi.
1813 255 1870 310 592

46 442 49 447 ,
110 384 247 441 estrebus
281 383 463 455 exspoliatus,
489 386 539 437 aut
564 399 627 437 ose
654 382 688 437 de
711 382 828 454 propria
855 382 883 437 vi
910 386 997 438 autd
1017 379 1138 435 licenter
1151 377 1285 449 appellet,
1311 376 1431 440 etadeat
1456 375 1619 447 apostolicas
1651 374 1728 430 sedis
1753 375 1870 446 pontiti·

111 490 207 528 errore
249 474 346 544 pulsus
377 479 531 542 antequam
562 471 661 525 omnia
689 472 743 526 sibi
771 473 866 526 ablata
892 471 961 542 legi·
1018 467 1156 540 cem,qui
1180 473 1231 521 aut
1256 481 1308 536 per
1333 481 1372 530 se,
1391 469 1440 519 aut
1465 480 1517 535 per
1551 463 1672 518 vicarios
1701 480 1782 524 suos,
1809 464 1870 533 ejus

110 563 164 617 bus
187 562 386 624 restituantur,
407 565 436 614 et
463 560 525 630 ipse
549 559 664 631 pacifice
691 575 801 614 anuum
826 561 869 614 vel
895 562 960 631 plus
1016 553 1163 610 retractari
1181 553 1330 624 negotium
1349 557 1493 624 procuret.
1524 553 1557 607 Et
1573 552 1643 607 dum
1666 550 1772 606 iterato
1791 551 1868 621 judi·

112 651 156 705 sui
208 649 322 703 fruatur
369 649 541 712 honoribus,
586 648 704 720 sedique
750 648 876 720 proprias
924 647 961 703 sit
1016 644 1060 698 cio
1072 642 1200 715 pontifex
1215 657 1329 696 causam
1352 657 1434 696 suam
1456 642 1529 712 agit,
1546 642 1642 696 nullus
1666 641 1742 696 alius
1762 642 1792 695 in
1808 643 1867 713 ejus

109 739 280 809 regulariter
314 738 471 803 restitutus,
506 738 588 807 juxta
631 736 797 791 canonicam
841 736 960 791 iustitu-
1016 734 1078 787 loco
1100 733 1281 802 subrogetur,
1311 734 1444 802 ponatur,
1462 730 1678 785 autordiuetor
1704 730 1862 802 episcopus.

110 828 217 882 tionem
253 825 388 892 accusari,
433 826 536 893 vocari,
568 824 702 895 judicari,
739 830 790 880 aut
828 823 960 880 damnari
1018 819 1172 887 Quoniam,
1206 834 1374 890 quanquam
1405 819 1696 889 comprovincialibus
1725 819 1863 889 episcopis

113 919 218 988 potest.
1014 909 1139 963 accusati
1152 923 1267 962 calisam
1297 905 1439 977 pontilicis
1474 907 1594 961 scrutari
1622 907 1718 968 liceat,
1750 922 1809 960 nou
1824 914 1859 961 ta-

314 1002 383 1057 Cie.
401 1001 499 1055 CXLll.
512 1030 545 1039 -
563 1003 599 1054 De
612 1000 753 1055 eudemus.
1014 1014 1081 1052 men
1091 996 1206 1052 definiri
1219 997 1381 1050 inconsulto
1401 997 1531 1051 Romano
1546 994 1681 1066 pontifice
1691 997 1856 1066 permissum

148 1092 203 1154 (Ea
225 1089 323 1143 decret.
339 1089 449 1158 Stepto.
463 1103 542 1157 popa
560 1089 685 1142 omuibus
709 1091 842 1158 episcopis
857 1090 957 1155 missis,
1014 1092 1056 1141 est
1072 1103 1078 1140 :
1095 1101 1159 1140 cum
1186 1085 1270 1139 beato
1298 1084 1382 1138 Petro
1408 1084 1544 1152 apostolo,
1564 1100 1623 1137 uon
1646 1084 1683 1138 ab
1705 1083 1764 1138 alio
1781 1100 1855 1155 quam

109 1178 225 1249 capt)
247 1178 346 1232 Nullus
365 1177 440 1230 errius
469 1175 767 1247 episcoporum,dum
788 1176 847 1230 suis
873 1176 960 1232 fuerit
1015 1174 1128 1244 abipso
1154 1172 1315 1228 dictumsit
1342 1173 1487 1227 Domino:
1517 1172 1702 1244 Quaecunque
1732 1172 1853 1242 ligaveris

108 1268 195 1321 rebus
203 1264 386 1336 exspoliatus,
403 1269 452 1318 aut
474 1280 490 1317 a
512 1265 578 1318 sede
603 1265 720 1334 propria
735 1265 864 1335 qualibet
878 1280 958 1318 occa·
1013 1267 1229 1333 superterram,
1243 1265 1330 1315 erunt
1349 1260 1437 1325 ligata
1453 1266 1482 1315 et
1509 1261 1540 1315 in
1554 1261 1651 1315 ooelis:
1678 1266 1707 1316 et
1731 1275 1851 1331 quaecun-

108 1355 189 1408 sione
200 1354 309 1423 pulsus,
324 1352 409 1407 debet
421 1353 546 1405 accusari
563 1367 571 1402 ε
587 1358 637 1406 aut
656 1370 672 1405 a
696 1368 842 1423 quoquam
866 1353 893 1407 ei
907 1368 957 1423 po·
1013 1365 1069 1422 que
1085 1350 1200 1404 solveris
1216 1365 1302 1419 super
1320 1355 1438 1416 terram,
1457 1354 1542 1404 eruut
1565 1351 1657 1402 soluta
1678 1357 1708 1404 et
1722 1350 1754 1404 in
1777 1352 1847 1405 celis.

109 1448 164 1496 test
180 1442 289 1496 crimen
304 1441 399 1510 objici,
423 1442 594 1511 priusquam¹
614 1440 798 1511 integerrime
816 1446 958 1495 restaure-
1014 1440 1119 1509 Siquis
1133 1438 1275 1508 putaverit
1289 1455 1319 1491 se
1333 1453 1348 1490 a
1363 1438 1480 1509 proprio
1496 1438 1723 1508 metropolitano
1741 1441 1846 1509 gravari,

111 1533 166 1597 tur,
184 1527 402 1598 etomuiaquae
428 1529 454 1582 ei
476 1528 571 1582 ablata
594 1544 765 1599 quocunque
790 1534 856 1583 sunt
874 1530 960 1600 inge·
1013 1527 1090 1596 apud
1122 1525 1271 1595 primatim
1298 1525 1462 1589 dioeceseos,
1503 1532 1553 1579 aut
1577 1542 1667 1594 penes
1704 1528 1848 1598 apostolica

107 1617 165 1680 nio,
184 1617 303 1686 legibus,
325 1616 557 1686 redintegrentur
581 1621 609 1670 et
635 1616 694 1686 ipse
716 1616 840 1687 proprie
851 1617 909 1670 sedi
930 1621 959 1670 et
1014 1614 1180 1668 universalis
1204 1614 1333 1667 Ecclesiae
1362 1629 1466 1685 papam
1493 1614 1647 1682 judicetur.
1682 1618 1848 1669 Accusatores

108 1704 230 1775 pristino
254 1704 340 1757 statui
367 1703 538 1772 regulariter
561 1703 718 1758 reddatur:
737 1703 777 1757 ita
805 1709 836 1758 ut
856 1720 956 1758 omnes
1012 1708 1041 1757 et
1057 1701 1251 1756 accusationes
1268 1717 1339 1771 quas
1365 1702 1443 1771 leges
1462 1702 1559 1756 saeculi
1578 1718 1638 1756 nou
1669 1703 1847 1769 asciscente

107 1793 313 1863 possessiones,
340 1797 370 1845 et
393 1798 494 1844 cuncta
518 1791 571 1845 sibi
596 1792 700 1862 injuste
727 1790 847 1860 sublata,
872 1798 956 1863 atque
1011 1805 1064 1844 uos
1079 1789 1255 1844 unanimiter
1272 1789 1484 1854 submovemus,
1503 1805 1540 1844 ne
1555 1790 1606 1845 fiat
1621 1790 1782 1845 indistricta
1795 1808 1845 1861 pro·

108 1879 217 1934 fructus
240 1894 349 1943 omues,
379 1884 445 1931 ante
461 1884 627 1948 conceptam
645 1878 867 1945 accusationem,
899 1879 957 1951 pri·
1011 1876 1126 1932 batione
1139 1876 1283 1947 impietas,
1308 1882 1468 1938 cumrecta
1496 1878 1533 1931 sit
1551 1877 1655 1947 judicii
1675 1878 1706 1931 iu
1731 1879 1846 1932 electione

108 1973 197 2022 males
212 1973 241 2021 et
253 1968 376 2037 synodus
403 1967 537 2038 episcopo
560 1967 594 2020 de
622 1983 678 2039 quo
707 1968 801 2038 agitur
827 1967 956 2023 funditus
1009 1964 1160 2044 sententia.
1190 1965 1221 2020 Si
1244 1965 1309 2036 quis
1338 1979 1408 2035 erga
1432 1964 1601 2036 episcopum
1624 1967 1669 2019 vel
1685 1970 1793 2020 actores
1806 1965 1844 2018 Ec·

107 2057 268 2125 restituant.
298 2054 370 2119 Ouia
393 2057 446 2108 boc
476 2071 534 2108 non
558 2056 652 2109 solum
676 2056 879 2120 ecclesiastice,
906 2057 954 2111 sed
1010 2053 1103 2108 etesiae
1115 2069 1145 2109 se
1160 2053 1308 2124 propriam
1324 2052 1476 2108 crediderit
1489 2054 1595 2108 hebere
1615 2055 1778 2125 negotium,
1800 2070 1844 2108 nou

107 2144 193 2198 etiam
222 2144 319 2197 saeculi
340 2144 417 2212 leges
447 2142 509 2196 lieri
535 2143 709 2214 prohibent:
732 2160 826 2215 neque
850 2144 956 2216 aliquis
1010 2142 1184 2213 priusadeat
1203 2140 1328 2213 judices,
1349 2158 1436 2214 quam
1457 2142 1493 2196 ad
1516 2159 1564 2197 eos
1587 2149 1720 2197 recurrat
1742 2145 1845 2198 ebarita-

107 2247 217 2298 eorum,
234 2238 284 2285 aut
311 2231 497 2285 Ecclesiarum
519 2237 678 2299 auctorum,
703 2232 747 2285 vel
771 2232 955 2287 defensorum
1010 2231 1046 2285 tis
1060 2229 1155 2284 studio
1177 2236 1231 2284 :ut
1249 2228 1385 2284 familiari
1401 2230 1545 2302 colloquio
1569 2232 1752 2291 commoniti.
1772 2248 1844 2286 easa-

108 2319 143 2374 ad
162 2320 272 2391 aliquos
296 2319 376 2390 prius
401 2319 528 2373 accusari
551 2318 645 2382 debet,
670 2335 756 2390 quam
781 2321 842 2391 ipse
865 2321 956 2375 oburi-
1010 2335 1079 2373 nare
1103 2319 1227 2373 debeant
1252 2333 1317 2389 quae
1350 2317 1380 2372 in
1416 2320 1627 2389 querimoniam
1668 2320 1843 2375 deducuntur.

106 2408 205 2473 tative,
224 2407 267 2462 bis
282 2412 333 2461 aut
346 2412 390 2460 ter
408 2407 443 2461 ab
468 2407 509 2460 eis
529 2407 622 2479 quise
644 2409 728 2462 laesos
742 2409 895 2475 estimant,
911 2408 954 2464 vel
1010 2406 1090 2471 Quod
1113 2407 1137 2461 si
1153 2407 1236 2461 aliter
1259 2407 1360 2477 egerit,
1386 2409 1591 2463 commuuione
1612 2412 1752 2478 privetur.
1773 2409 1844 2464 Nemo

107 2511 221 2566 eospro
243 2494 387 2565 aliquibus
411 2495 552 2549 erratibus
571 2496 715 2565 corripere
738 2496 871 2566 cupiunt,
891 2513 955 2552 con·
1009 2494 1179 2566 pontificum
1194 2494 1329 2566 deinceps
1343 2495 1469 2566 aliquem
1488 2497 1656 2566 episcopum
1684 2499 1744 2552 suis
1759 2513 1844 2567 exspe
1885 2502 1887 2507 '

107 2583 309 2638 veniatur:ut
322 2583 358 2636 ab
376 2583 417 2636 eis
437 2587 487 2638 aut
513 2583 682 2639 familiarem
711 2585 953 2652 emendationem,
1014 2582 1116 2636 liutem
1141 2582 1237 2650 rebus,
1269 2588 1320 2637 aut
1345 2599 1360 2637 a
1386 2584 1453 2638 sede
1468 2586 1584 2653 pulsum
1611 2584 1843 2639 excommunicare
1885 2568 1887 2595 Ε

106 2671 272 2742 aotjustam
296 2671 436 2742 percipiat
460 2671 681 2726 excusationem.
707 2670 786 2735 Ouod
811 2671 861 2743 qui
879 2688 952 2743 proe-
1011 2674 1061 2723 aot
1073 2669 1203 2740 judicare
1228 2675 1405 2738 praesumat:
1431 2672 1500 2742 quia
1527 2675 1585 2727 uod
1609 2678 1653 2727 est
1677 2671 1843 2743 privilegium
1885 2646 1887 2677 Ι

105 2759 270 2831 sumpserit,
294 2759 440 2814 liminibus
471 2765 602 2815 arceatur
631 2759 772 2827 Ecclesiae,
799 2776 891 2832 usque
918 2760 952 2815 ad
1009 2775 1068 2830 quo
1088 2758 1205 2830 spoliari
1219 2759 1307 2829 possit
1323 2759 1384 2830 jam
1403 2760 1538 2814 nudatus.
1559 2759 1625 2814 Pari
1642 2750 1744 2815 tenore
1762 2761 1842 2815 decer·

106 2848 278 2920 condignam
298 2847 529 2902 satisfactionem.
1008 2846 1106 2900 nimus
1121 2861 1178 2900 nou
1192 2846 1271 2901 credi
1285 2847 1444 2901 accusatori
1469 2847 1530 2918 qui,
1553 2847 1671 2903 absente
1687 2847 1842 2913 adversario,

301 2936 356 2990 Car
380 2936 701 2992 CXLlll.-Deeudcm
719 2951 759 2994 rc.
971 2943 1124 3000 ccausanr
1158 2934 1343 3005 suggesserit,
1373 2940 1441 2989 ante
1467 2935 1617 3006 utriusque
1639 2936 1731 3006 partis
1753 2937 1842 2991 dimus

142 3023 203 3092 (Ec
224 3024 321 3078 decret.
345 3022 422 3079 sarri
441 3039 521 3093 popae
544 3025 684 3093 Hispania
698 3025 831 3094 episcopis
851 3026 953 3090 missis,
1010 3023 1118 3077 sionem
1140 3039 1215 3077 :uec
1233 3029 1412 3078 accusatores
1426 3039 1479 3078 nec
1493 3028 1579 3078 testes
1590 3025 1710 3095 suscipi,
1724 3026 1772 3096 qui
1799 3040 1842 3078 uon

106 3127 166 3182 cup.
181 3112 278 3177 billis
300 3111 394 3165 taliter
415 3111 612 3177 consideratis,
634 3118 719 3183 atque
743 3128 808 3167 cum
825 3112 952 3183 reliquo·
1008 3116 1075 3164 sunt
1091 3111 1197 3165 idonei.
1216 3110 1336 3177 Placuit,
1352 3112 1376 3164 si
1402 3116 1549 3166 accusatus
1563 3113 1608 3166 rel
1623 3113 1776 3167 damnatus
1794 3113 1841 3184 epi·

105 3199 380 3269 rumepisooporom
396 3198 528 3266 decretis,
548 3204 688 3270 tanquam
707 3199 837 3254 omnium
856 3215 954 3254 curam
1009 3214 1108 3270 scopus
1137 3198 1324 3271 appellaverit
1347 3200 1509 3255 Romanum
1536 3201 1718 3271 pontificem,
1749 3202 1777 3256 id
1799 3207 1840 3255 sta·

105 3290 236 3354 gerentes
256 3291 375 3355 propter
388 3285 463 3340 sedis
491 3287 615 3357 propriae
629 3287 740 3356 apicem
773 3287 955 3342 decernimus
1008 3287 1240 3358 tuendumquod
1268 3287 1329 3358 ipse
1343 3288 1419 3358 juste
1440 3289 1591 3344 censuerit.
1618 3291 1651 3344 ut
1679 3306 1779 3345 omnes
1805 3289 1840 3360 qui

106 3379 139 3427 ut
153 3388 238 3426 uerno
253 3373 424 3444 pontificum
444 3374 570 3445 aliquem
583 3375 642 3429 suis
661 3375 746 3429 rebus
765 3375 955 3447 exspoliatum
1008 3375 1143 3429 adversus
1157 3376 1254 3430 Patres
1267 3381 1427 3445 armantur,
1454 3376 1574 3431 infames
1600 3392 1662 3432 esse
1687 3391 1838 3433 censemus:

106 3458 282 3531 episcopum,
299 3466 380 3514 auta
401 3460 467 3515 sede
491 3462 615 3532 pulsum,
640 3462 886 3517 excommunicare
905 3468 956 3518 aut
1009 3477 1102 3532 neque
1118 3462 1230 3533 eosqui
1246 3478 1311 3518 cum
1326 3463 1451 3518 inimicis
1467 3471 1625 3530 morantur,
1640 3465 1678 3520 ad
1705 3464 1837 3520 eccumtio
1885 3470 1887 3477 ’

103 3547 231 3618 judicare
250 3554 426 3619 presumat:
450 3549 518 3620 quia
545 3565 604 3604 nou
626 3555 669 3605 est
691 3549 876 3622 privilegium
896 3567 954 3622 quo
1008 3567 1075 3605 nem
1096 3553 1139 3605 vel
1166 3551 1200 3606 ad
1230 3552 1429 3608 testimonium
1464 3553 1654 3623 recipiendos.
1692 3554 1795 3609 Placuit
1816 3557 1835 3605 ut
1883 3531 1887 3549 ¹

105 3635 256 3705 exspoliari
272 3637 362 3707 possit
373 3638 432 3707 jam
454 3638 586 3693 nudatus.
609 3638 638 3693 Si
663 3638 727 3708 quis
751 3644 848 3694 autem
872 3639 955 3694 aliter
1007 3655 1123 3711 semper
1141 3639 1171 3693 in
1201 3642 1380 3695 accusatione
1409 3642 1578 3696 clericorum
1602 3642 1701 3711 primo
1723 3656 1832 3713 persona,

105 3738 189 3793 agere
221 3726 446 3796 presumpserit,
476 3727 546 3781 sciat
576 3742 728 3781 censuram
764 3727 850 3797 hujus
879 3729 954 3783 sedis
1007 3729 1089 3794 fides,
1105 3728 1162 3782 vita
1184 3735 1212 3782 et
1240 3730 1416 3784 conversatio
1440 3730 1702 3801 blasphemantium
1726 3745 1831 3803 perscu-
1876 3717 1887 3744 '⁸

103 3813 318 3867 cumomuibus
339 3815 476 3868 membris
499 3816 559 3868 suis
582 3816 710 3870 sibinen
737 3815 954 3880 defuturam,et
1007 3822 1094 3870 tetur.
1124 3817 1194 3870 Nam
1217 3817 1288 3872 fides
1311 3833 1411 3872 omnes
1442 3824 1522 3872 actus
1551 3819 1828 3891 bominispraeccden

103 3899 177 3954 sicul
191 3901 292 3971 egerit,
315 3901 355 3955 ita
379 3904 505 3972 recipiet.
524 3904 553 3959 Si
577 3904 660 3969 bene,
687 3903 769 3958 bene.
798 3904 827 3959 Si
856 3921 952 3976 grave,
1007 3904 1119 3959 debet:
1143 3904 1211 3976 quia
1235 3904 1340 3959 dubius
1364 3905 1395 3960 in
1424 3905 1490 3972 fide,
1516 3906 1642 3962 infidelis
1659 3913 1711 3963 est.
1741 3903 1827 3962 Neoris
1867 3899 1887 3975 ,j

102 3985 197 4057 grave.
224 3988 252 4043 Si
284 3990 417 4058 pessime,
443 3990 574 4061 pessime.
600 3991 743 4056 Quoniam
774 3993 878 4064 dignus
911 4001 954 4048 est
1007 3991 1125 4047 omniuo
1151 4009 1211 4047 esse
1239 3993 1413 4048 credendum
1442 3995 1493 4066 qui
1511 3996 1639 4050 veritatis
1664 3996 1749 4051 fidem
1774 3995 1827 4065 ipe

102 4075 249 4146 operarius
265 4077 394 4130 mercede
408 4093 469 4132 suo.
1007 4083 1080 4146 rant,
1102 4095 1153 4133 nec
1178 4084 1263 4135 recte
1279 4081 1501 4136 conversationis
1515 4083 1604 4138 vitam
1617 4084 1748 4139 ducunt:
1776 4094 1825 4153 quo·
1864 4128 1867 4139 .

103 4180 294 4261 qugpv,
309 4211 344 4221 ..
367 4184 399 4237 gp
423 4185 543 4252 ,13530095
565 4186 707 4238 criminati
729 4186 812 4240 pige„
839 4193 985 4268 amm„
1007 4168 1083 4221 niam
1103 4168 1266 4222 talesfacile
1285 4176 1314 4223 et
1329 4169 1527 4225 indifferenter
1551 4173 1686 4240 lacerant,
1712 4179 1740 4227 et
1758 4165 1824 4227 cumi

155 4253 239 4305 ticum
275 4252 410 4321 appellent
437 4254 534 4318 sedeo,
562 4260 588 4308 et
626 4257 757 4326 pleraque
790 4258 847 4312 atio
875 4261 948 4313 circa
1002 4270 1199 4320 nanturrecte
1227 4271 1255 4321 et
1272 4267 1318 4337 pie
1344 4267 1480 4322 viventes.
1513 4269 1579 4323 ldeo
1603 4270 1729 4341 suspicio
1749 4278 1824 4324 eorum
1877 4262 1887 4270 ’

150 4321 288 4390 judicium
306 4322 485 4377 obseruanda.

136 4423 191 4495 (Ea
202 4432 298 4481 usust.
328 4428 403 4482 Jutii
416 4444 495 4497 popa
519 4429 678 4485 Orientalib.
699 4435 831 4503 episcopis
844 4436 945 4500 missis,

100 4526 160 4581 cup.
183 4514 238 4582 te.)
258 4513 293 4569 Ut
310 4531 410 4569 omnes
434 4516 559 4589 episcopi
574 4518 624 4589 qui
648 4520 677 4573 in
696 4521 866 4590 quibusdam
880 4539 947 4592 gra·

98 4600 225 4655 rioribus
255 4602 405 4672 pulsantur
431 4604 473 4658 vel
499 4606 688 4660 criminantur
716 4608 817 4673 causis,
834 4611 946 4681 quoties

97 4704 213 4743 necesse
231 4689 329 4759 fuerit,
353 4692 443 4745 libere
469 4695 654 4761 apostolicam
678 4697 943 4766 appellenlsedem,

96 4784 183 4850 atque
196 4778 232 4832 ad
248 4795 310 4832 eam
328 4779 455 4849 quasiad
468 4787 588 4835 matrem
602 4782 780 4853 confugiant,
796 4789 828 4839 ut
848 4786 884 4840 ab
900 4802 943 4852 ea,

95 4867 168 4922 sicot
196 4883 310 4937 semper
334 4868 397 4931 fuit,
429 4869 475 4938 pie
510 4869 674 4936 fulciantur,
701 4871 891 4927 defendantur
917 4880 946 4928 et

94 4952 262 5008 liberentur.
292 4955 378 5024 Cujus
418 4955 596 5025 dispositioni
620 4974 720 5013 orienes
753 4961 877 5030 maJores
904 4978 944 5016 ec·

93 5040 386 5106 clesiasticuscausns,
412 5047 439 5095 ct
461 5045 660 5112 episciqiurum
681 5046 799 5116 judicia,
825 5049 944 5120 antiqua

93 5131 285 5199 apostolorum
301 5147 460 5201 astrumque
477 5148 672 5187 successorum
697 5141 782 5204 atque
798 5152 942 5192 canonum

91 5219 245 5270 auotoritas
274 5220 435 5272 reservavit.
466 5221 609 5284 Quimiaiu
633 5223 785 5293 culpantur
815 5225 942 5296 episcopi

89 5302 158 5373 quia
173 5305 255 5359 aliter
270 5322 337 5370 erga
354 5308 454 5361 fratres
474 5311 585 5376 egerint
599 5324 687 5379 quam
713 5312 841 5381 ejusdem
867 5315 942 5368 sedis

87 5407 171 5462 papae
188 5391 411 5462 deriptionem,
428 5397 535 5466 placuit
550 5403 581 5450 ut
603 5404 750 5453 accusatus
764 5401 807 5454 vel
826 5402 940 5471 judica·

86 5482 133 5535 tus
147 5495 164 5535 a
176 5482 465 5551 comprovincialibus
488 5485 519 5538 iu
533 5486 631 5557 aliqua
652 5502 670 5540 a
685 5503 769 5542 causa
786 5489 938 5562 episcopus

1002 4352 1181 4407 discutienda
1200 4358 1245 4408 est
1261 4355 1357 4424 primo
1373 4360 1401 4409 et
1415 4356 1594 4426 corrigenda.
1612 4358 1712 4428 Neque
1737 4368 1824 4412 accuse

1001 4441 1110 4496 toribus
1124 4441 1272 4511 suspectis,
1296 4443 1340 4497 vel
1360 4444 1395 4497 de
1419 4443 1604 4500 inimicorum
1629 4446 1761 4502 dumibus
1781 4456 1824 4515 pre

1000 4526 1152 4582 deuntibus
1172 4527 1355 4584 credendum.

1001 4615 1064 4669 aii.
1081 4615 1176 4669 cxiv.
1191 4643 1226 4656 -
1255 4616 1404 4686 episeopus
1431 4621 1457 4673 u
1483 4619 1517 4674 aa
1537 4620 1631 4689 araque
1651 4621 1825 4692 paratura
1861 4584 1887 4610 ⁸

1179 4706 1317 4773 episcopos
1330 4706 1438 4774 judices
1452 4723 1536 4763 causo
1549 4711 1675 4776 evitatur.

1035 4792 1090 4861 (Ec
1123 4791 1217 4845 coiecit.
1249 4793 1382 4861 spalense,
1416 4810 1476 4864 cup.
1517 4798 1556 4864 8.)
1587 4797 1617 4853 Si
1655 4799 1824 4871 episeopus·
1872 4790 1887 4839 ἕ

1000 4894 1146 4949 quoquam
1182 4880 1333 4949 impetitur
1357 4882 1400 4936 vel
1428 4883 1477 4938 itte
1502 4885 1630 4956 aliquam
1664 4887 1824 4959 questionu

999 4966 1139 5029 retulerit,
1162 4983 1213 5036 per
1223 4967 1371 5040 episcopos
1395 4971 1507 5040 judices
1527 4989 1612 5028 eausa
1638 4970 1824 5030 uniaturuirv

999 5054 1127 5123 quossis
1143 5054 1281 5125 primates
1300 5057 1442 5127 dederint,
1460 5060 1518 5115 sive
1528 5078 1601 5133 quos
1617 5062 1676 5135 ipsi
1691 5063 1789 5119 vicinos
1801 5069 1823 5111 et

1000 5156 1139 5195 consensu
1155 5144 1304 5214 elegerint.

998 5227 1061 5284 Car.
1078 5230 1187 5285 Cllblll.
1202 5263 1237 5271 —
1265 5237 1300 5288 lle
1330 5238 1462 5305 episcopis
1479 5237 1624 5306 judicibus
1644 5257 1712 5311 quos
1732 5250 1823 5298 coum·
1868 5238 1887 5271 ²

1254 5323 1297 5375 uis
1311 5336 1453 5379 cousensus
1467 5325 1586 5394 cleperit.

1030 5404 1184 5475 (usiadem
1199 5424 1283 5476 coac,
1300 5425 1360 5480 cap.
1385 5413 1423 5479 9.)
1448 5413 1560 5469 ludices
1579 5421 1678 5473 atttem
1702 5419 1827 5490 episcope

995 5508 1067 5563 quos
1081 5497 1241 5552 communis
1256 5513 1413 5558 cousensus
1425 5503 1554 5574 elegerit,
1578 5519 1641 5562 uon
1655 5506 1742 5564 limat
1759 5516 1829 5580 quau
