3894 6120
757 292 784 347 S.
805 289 955 348 hartmot
976 290 1214 348 tttt‘nttlvottls
1795 292 1839 347 iil

96 302 148 356 303

96 423 171 498 passi
196 423 322 487 laverant,
368 414 600 474 misericordiam
642 419 770 469 nostram
806 414 951 487 supplices
969 413 1111 482 theudo,
1125 414 1261 470 familiari
1275 412 1471 486 compassione
1485 410 1760 469 condescendamus.
1780 413 1839 471 Nan

98 518 253 568 oraverunt
268 520 310 574 ut,
324 518 440 581 propter
460 507 626 559 remedium
656 509 686 557 et
711 504 831 558 salutem
847 504 954 558 animae
1008 504 1041 573 si,
1059 503 1211 576 qualitates
1225 502 1410 557 servientium
1422 502 1506 558 uobis
1528 502 1587 572 pire
1605 498 1840 557 discrecionisin-

98 611 216 666 nostrae,
242 601 374 653 universa
390 595 497 667 praedia
524 600 555 646 et
572 609 618 646 res
645 592 789 646 canonica
807 591 953 647 facultatis
1006 592 1082 647 tuitu
1094 591 1298 657 examinantes,
1309 590 1464 663 uuicuique
1474 589 1678 662 proqualitate
1688 590 1841 645 meritorum

97 690 248 745 beatorum
265 693 422 755 martyrum
437 680 593 736 Alexandri
608 686 693 750 atque
718 679 868 743 vincentii,
893 679 951 733 duo

1005 696 1223 751 recompensare
1251 679 1455 743 studuerimus,
1503 679 1635 734 debitum
1670 676 1840 748 persolvenda

99 780 205 833 scilicet
221 783 346 830 mercata
363 774 397 826 ah
413 771 570 827 Adalherto
583 767 821 822 reverendissimo
836 773 952 838 pastore
1006 769 1186 824 Dominicum
1215 776 1390 839 praeceptum
1413 767 1580 839 implemus,
1598 772 1628 822 et
1656 765 1839 821 excellentiam

99 868 211 930 collata,
227 871 257 918 et
272 875 459 934 quaecumque
474 859 531 912 alia
546 855 661 910 suntab
675 856 737 926 ipso
752 856 859 911 donata
875 872 882 910 :
900 872 952 911 nec
1007 857 1095 924 regiae
1110 857 1268 929 dignitatis.

99 943 949 1018 rronetumula‚quoeahhaonevenerandopontifice‚seu
1040 946 1186 1001 *Studere
1216 944 1349 1010 vidimus,
1377 941 1647 1014 quandamcortom
1664 946 1836 1014 nostrsepru·

101 1033 668 1095 crete-rischeDeumtimentibussuut
689 1047 830 1099 concessa,
847 1047 951 1086 secun·
1004 1033 1136 1104 prietatis
1170 1034 1367 1088 Berneshuson
1393 1034 1510 1100 dictam,
1538 1030 1672 1102 inpage
1698 1027 1833 1100 Lisga,in

100 1127 353 1182 dumsoluutatem
366 1123 551 1186 donatorum,
566 1134 618 1191 per
634 1121 833 1174 alletoritatem
845 1126 951 1174 uostrae
1004 1123 1141 1178 comitatu
1169 1120 1273 1177 Udonis
1294 1120 1388 1187 sitam,
1400 1136 1488 1191 quam
1513 1119 1549 1175 ab
1580 1118 1838 1175 UuewanoBrena·

99 1213 273 1270 detensionis
287 1220 317 1266 et
330 1210 467 1282 praecepti
477 1210 567 1263 nostri
585 1207 721 1278 pagiuam
750 1208 790 1261 eis
806 1207 951 1262 liceatob-
1004 1227 1094 1267 nense
1109 1211 1323 1282 archiepiscopo
1344 1209 1468 1264 donante
1500 1225 1553 1280 per
1572 1206 1746 1264 advocatum
1771 1222 1836 1263 suun

99 1304 201 1359 tinere.
217 1302 346 1366 Quorum
362 1298 560 1370 petitionibus,
584 1296 739 1366 utjuslum
768 1296 950 1365 est,miseri·
1005 1298 1257 1370 Udonemabsque
1282 1296 1362 1353 omni
1383 1296 1613 1352 contradictione
1644 1294 1774 1365 legitima
1792 1300 1836 1349 tre·

99 1390 224 1445 corditer
242 1394 413 1450 annuentes,
431 1400 482 1456 per
508 1386 584 1439 hanc
611 1383 701 1437 nostri
716 1384 852 1455 praecepti
867 1383 949 1454 pagi·
1004 1387 1114 1442 ditione
1129 1386 1300 1458 accepimus,
1317 1393 1422 1440 sanctae
1448 1383 1704 1440 paderbrunnensi
1731 1380 1835 1437 scalde

101 1494 168 1531 uam
185 1475 389 1530 confirmanius
405 1479 433 1528 et
448 1474 668 1528 corroboramus
681 1473 732 1540 eis,
750 1472 826 1527 salso
840 1473 949 1528 honore
1003 1477 1034 1530 in
1050 1478 1160 1531 honore
1176 1480 1280 1530 sanctae
1295 1474 1345 1529 bei
1358 1473 1505 1546 genitricis
1520 1472 1618 1528 blaciae
1631 1475 1834 1543 sanctorumque

100 1564 239 1634 episcopi,
256 1579 356 1617 omnes
373 1578 417 1615 res
430 1566 459 1615 et
474 1562 621 1615 lacvrltates
632 1561 774 1631 praedictae
789 1564 947 1629 canonicae,
1005 1565 1112 1621 liiliani
1127 1564 1253 1620 martiris
1280 1571 1309 1618 et
1337 1562 1443 1618 liborii
1470 1560 1647 1617 contessoris
1669 1565 1832 1627 consecrata,

101 1650 314 1720 sicutsuperius
329 1651 546 1720 comprehensae
562 1656 688 1714 sunt3eo
701 1649 833 1703 videlicet
847 1649 949 1703 ordine
1004 1670 1058 1724 pro
1073 1653 1203 1708 remedio
1224 1652 1472 1707 animarumdirae
1499 1649 1652 1706 memorie
1667 1646 1831 1705 Ottonisin·

100 1748 133 1795 ut
147 1741 253 1793 amodo
269 1738 299 1792 iu
314 1745 409 1804 antea,
422 1739 456 1792 ad
472 1755 555 1792 usum
571 1738 763 1793 etutilitatcm
778 1743 883 1792 sanctae
903 1740 949 1792 Ec-
1004 1741 1145 1813 peratoris
1165 1740 1247 1795 tercii
1276 1739 1398 1794 senioris
1424 1735 1833 1809 scilicetnostrtomniaupr

99 1826 195 1879 clesire
222 1825 419 1892 servientium,
450 1832 508 1880 tam
537 1826 593 1897 ipsi
616 1843 702 1896 quam
719 1832 748 1879 et
774 1842 950 1879 successures
1004 1834 1342 1900 parentumnostrorum,
1359 1827 1490 1883 simulac
1504 1825 1703 1882 dilectissimae
1724 1822 1833 1897 conjugit

98 1930 199 1969 eorum
216 1913 350 1977 habeant,
367 1919 485 1967 teneant
497 1914 677 1986 firmiterque
693 1914 869 1985 possideant,
885 1930 948 1968 om·
1004 1923 1120 1985 nostrae,
1133 1923 1162 1973 et
1180 1916 1331 1971 stabilitate
1345 1915 1438 1986 regni,
1458 1913 1654 1987 proprietario
1673 1913 1741 1984 jure
1752 1927 1834 1967 cunn-

98 2003 182 2056 nium
218 2001 369 2055 hominum
398 2001 622 2057 contradictione
645 2008 674 2057 et
701 2002 872 2074 repetitione
901 2017 948 2056 re·
1004 2006 1100 2059 dimus
1121 2021 1187 2059 cum
1212 2003 1345 2059 omnibus
1360 2002 1589 2074 appertinentiis,
1614 2002 1714 2061 rebus.
1737 2000 1834 2057 territe·

97 2095 185 2145 ιιιοῑιι.
204 2089 404 2159 Proecipientes
429 2089 526 2161 itaque
556 2091 699 2145 sancimus
718 2098 751 2145 ut
769 2090 865 2144 nullus
880 2089 947 2156 dux,
1002 2093 1063 2161 riis,
1081 2092 1165 2160 villis,
1186 2092 1338 2162 mancipiis
1354 2093 1502 2163 utriusque
1530 2106 1629 2157 sexus,
1649 2088 1741 2157 silvis,
1764 2104 1833 2143 rene

96 2176 341 2246 archiepiscopus,
373 2177 534 2250 episcopus,
562 2178 701 2248 marchio,
734 2195 840 2246 comes,
873 2178 948 2232 vice·
1003 2179 1142 2247 tionibus,
1161 2177 1244 2249 aquis
1257 2193 1432 2248 aquarumve
1457 2176 1639 2246 decursibus,
1669 2176 1834 2243 molendinis,

95 2282 205 2330 comes,
221 2265 360 2334 gastaldio
384 2281 437 2319 uec
466 2268 540 2319 villus
564 2267 728 2338 reipublicae
757 2272 881 2333 exactor,
897 2282 948 2320 seu
1003 2265 1220 2336 piscationibus,
1245 2264 1298 2319 viis
1326 2271 1356 2319 et
1373 2264 1466 2332 inviis,
1493 2263 1620 2318 exitibus
1643 2270 1675 2319 et
1703 2262 1835 2333 reditibus,

95 2354 195 2424 eliqua
207 2354 290 2424 regni
303 2354 393 2408 nostri
420 2370 525 2424 magna
548 2371 692 2427 parvaque
726 2370 849 2425 persona
876 2371 949 2424 prae·
1003 2352 1134 2424 pratiset
1148 2352 1270 2426 pascuis,
1296 2357 1325 2407 et
1347 2368 1412 2406 cum
1431 2351 1566 2406 omuibus
1582 2352 1733 2424 acquisitis
1751 2350 1836 2407 velie

96 2443 187 2498 dictos
219 2442 383 2511 canonicos,
403 2444 447 2496 vel
472 2458 647 2497 successures
671 2458 782 2509 eorum,
821 2442 872 2513 qui
894 2458 947 2512 pro
1002 2442 1165 2512 quirendis;
1191 2459 1225 2496 ea
1258 2442 1369 2496 ratione
1392 2444 1424 2496 ut
1457 2440 1681 2512 prenominatus
1705 2440 1836 2513 episcopos

95 2540 226 2600 tempore
254 2530 291 2583 ad
305 2530 424 2601 praelata
457 2531 665 2585 venerabilium
691 2537 854 2584 sauctorum
885 2530 948 2585 loca
1001 2531 1121 2602 ejusque
1148 2545 1323 2584 successores
1338 2529 1458 2584 liberam
1480 2533 1654 2600 potestatem
1683 2528 1713 2584 in
1724 2528 1837 2600 ejusden

96 2621 156 2675 Deo
171 2617 303 2673 servituri
313 2624 389 2687 sunt,
405 2619 440 2673 de
452 2620 652 2691 suprascriptis
670 2618 755 2672 rebus
788 2619 945 2687 disvestire,
1002 2619 1128 2674 ecclesiae
1143 2618 1298 2673 utilitatem
1327 2617 1455 2672 vertendi
1470 2617 1604 2672 habeant.
1621 2616 1651 2672 Si
1678 2617 1837 2689 quisauten

96 2708 259 2773 molestare,
275 2708 320 2761 vel
333 2707 493 2778 inquietare
518 2713 682 2778 prasumat.
708 2706 737 2762 Si
768 2706 832 2778 quis
867 2723 945 2777 vero,
1001 2708 1204 2779 inposterum,
1219 2706 1297 2777 quod
1312 2703 1399 2760 absit!
1416 2703 1555 2776 prefatam
1569 2702 1839 2776 ecclesianiinquie·

95 2793 319 2868 quodfuturum
337 2797 562 2864 nonrredinrus,
592 2797 679 2867 hujus
707 2803 814 2850 nostrae
841 2812 947 2866 praece-
1000 2796 1230 2850 tareconlendat
1258 2795 1294 2866 de
1318 2793 1424 2849 eisdem
1440 2794 1556 2864 prediis,
1579 2799 1726 2866 perpetuo
1738 2793 1840 2848 matbe

95 2882 203 2954 ptionis
236 2882 356 2938 violator
380 2884 517 2949 extiterit,
542 2884 611 2938 sciat
649 2900 679 2938 se
718 2884 944 2954 compositurum
1001 2891 1077 2939 mata
1103 2885 1320 2939 condemnetur.
1345 2884 1465 2953 lusuper
1491 2882 1614 2937 clihras
1648 2882 1715 2937 auri
1750 2878 1839 2953 optirni

95 2971 388 3026 librascentumauri
418 2970 530 3042 optimi,
560 2971 744 3026 medietatem
773 2972 880 3027 scilicet
901 2976 981 3031 ca-(l
1001 2978 1165 3043 componat,
1180 2971 1389 3026 dimidietatem
1408 2972 1495 3042 regia
1508 2986 1642 3037 camerae,
1659 2976 1689 3025 et
1712 2970 1839 3041 reliqum

95 3074 185 3113 merse
214 3065 328 3126 nostras,
359 3066 388 3113 et
411 3059 575 3112 memoratis
597 3059 743 3113 canonicis
771 3060 816 3113 vel
842 3078 944 3119 eorum

96 3145 306 3202 successoribus
332 3147 461 3200 alteram.
480 3146 562 3210 Quod
577 3153 608 3202 ut
624 3147 718 3201 verius
732 3148 873 3214 credatur,
898 3150 942 3205 di-

96 3233 291 3305 ligentiusque
310 3235 345 3288 ab
359 3235 495 3289 omnihus
514 3235 691 3303 observetur,
701 3236 757 3290 hoc
767 3243 943 3309 praeceptum

96 3323 164 3377 iude
180 3321 385 3393 couscriptum,
409 3338 497 3376 mauu
528 3324 646 3393 propria
670 3325 884 3394 confirmantes,
905 3329 942 3383 si-

97 3411 159 3482 gilli
171 3411 263 3465 nostri
288 3411 479 3481 impressione
491 3412 629 3481 jussimus
640 3412 789 3483 insigniri.

131 3499 244 3564 Sintiam
254 3501 285 3552 ll.
304 3499 415 3553 Heunci
428 3501 500 3566 repis
515 3500 698 3554 invictissimi.

131 3585 268 3640 Henricus
291 3585 351 3639 vica
392 3585 527 3640 Everardi
555 3587 682 3658 episcopi
711 3592 740 3641 et
770 3587 943 3660 archicapel-

97 3673 156 3729 lani
166 3674 341 3744 recognovit.

130 3769 233 3818 Actum
248 3780 325 3817 anno
349 3763 553 3818 iucarnationis
581 3765 738 3819 Dominicoe
767 3767 846 3832 1013,
867 3764 942 3820 indi·

95 3851 189 3906 ctione
204 3851 365 3918 uudecima,
387 3868 462 3905 anno
484 3867 550 3906 veru
578 3851 691 3908 domini
717 3854 831 3908 llenrici
866 3854 942 3924 regis

94 3939 220 4008 secundi,
234 3940 380 4009 regnantis
397 3955 435 3993 rr.

130 4033 231 4083 Actum
245 4027 452 4098 llagedehurch
463 4024 594 4082 leliciter.
611 4034 714 4084 Amen.

482 4131 567 4187 LXIX.

94 4194 122 4274 ἕ.
148 4219 284 4275 Hearicus
311 4220 435 4275 Ecclesia
454 4219 670 4275 Pcderboraeasi
693 4227 814 4278 curtuem
834 4222 940 4279 che-
960 4256 982 4310 D

394 4291 495 4344 altason
509 4291 637 4346 concedit.

412 4378 505 4449 (huno
524 4378 615 4449 rota.)

237 4463 312 4537 [eoa.
324 4465 436 4535 diplom.
456 4466 529 4521 Hist.
551 4468 684 4538 Westph.‚
698 4485 727 4539 p.
740 4469 797 4540 δί]

128 4553 161 4609 C.
193 4555 227 4608 ln
257 4555 373 4609 nornine
406 4560 511 4609 sanctae
548 4559 576 4609 et
598 4556 756 4611 individuae
783 4558 938 4625 Trinitatis,

91 4640 255 4710 Harsarcus,
276 4640 373 4696 divina
388 4643 500 4697 favente
515 4644 680 4711 clementia,
701 4659 759 4698 rex.

127 4732 269 4796 Quoniam
292 4731 393 4786 divinae
419 4732 616 4802 dispositionis
632 4732 815 4803 providentia
830 4750 882 4789 uos
900 4736 935 4791 ad

90 4836 236 4875 summum
252 4820 416 4890 reipublicae
443 4821 558 4876 culmen
579 4821 737 4893 regendum
751 4822 882 4893 provexit
908 4829 938 4878 et

89 4908 267 4965 universitati
285 4908 452 4973 multorum,
489 4910 620 4980 quamvis
646 4910 751 4964 merito
774 4909 936 4980 interiores,

88 5003 185 5052 tamen
212 4996 403 5052 eminentiore
444 4999 568 5067 quadam
600 4998 726 5052 nominis
747 4999 936 5070 praerogativa

89 5101 212 5156 praesse
248 5085 399 5155 disposuit,
420 5084 493 5154 ejus,
509 5085 591 5154 cujus
611 5086 809 5141 misericordia
836 5104 935 5144 sumus

90 5174 244 5241 sublimati,
257 5174 284 5228 iu
314 5175 448 5229 omnibus
472 5180 584 5243 oportet
598 5175 715 5230 obedire
725 5177 887 5247 praeceptis,
903 5184 935 5234 ut

90 5262 207 5315 utilitati
222 5262 402 5317 subditorum
429 5263 623 5333 providentes,
653 5272 760 5334 quanto
792 5269 855 5336 plus
875 5281 935 5337 pras

89 5348 200 5403 caeteris
229 5352 282 5404 suh
306 5352 399 5419 specie
433 5351 547 5405 horroris
586 5351 746 5406 ascendisse
777 5353 933 5418 cernimur,

87 5440 168 5490 tanto
185 5435 276 5506 magis
301 5437 421 5491 interius
444 5439 600 5506 humiliati,
624 5438 669 5492 his
684 5439 735 5509 qui
762 5440 814 5496 sub
832 5442 934 5495 umbra

88 5522 239 5595 regiminis
272 5524 444 5594 deserviunt,
472 5528 601 5583 debitum
630 5528 829 5583 retributionis
854 5527 933 5584 erhi-

1000 3069 1112 3133 partem
1128 3061 1222 3115 eidem
1235 3061 1361 3116 ecclesire
1376 3076 1462 3131 quam
1477 3058 1638 3130 inquietare
1667 3055 1837 3131 presumpsit

1000 3152 1042 3217 Et,
1058 3158 1091 3205 ut
1103 3152 1165 3206 haec
1183 3156 1289 3204 nostrae
1302 3149 1466 3204 tradicionis
1481 3147 1635 3202 auctoritas
1661 3146 1770 3204 stabilis
1785 3158 1837 3217 pu*

999 3245 1124 3307 maneat,
1137 3238 1211 3293 hanc
1225 3237 1330 3309 regalis
1345 3235 1473 3309 precepti
1490 3236 1628 3308 paginam
1648 3232 1786 3293 conscribi
1800 3246 1832 3295 sc,

999 3345 1085 3383 manu
1104 3327 1221 3399 propria
1248 3327 1461 3392 confirmantes,
1486 3326 1581 3396 sigillo
1603 3333 1705 3382 nostro
1715 3322 1831 3397 jussimat

997 3416 1143 3489 insigniri.

1032 3507 1149 3572 Sipnum
1169 3504 1262 3558 domiti
1283 3503 1407 3557 heinrici
1438 3502 1550 3557 secundi
1577 3506 1653 3571 repis
1682 3506 1770 3578 (ll.)
1791 3504 1825 3576 is·

996 3596 1150 3649 uictissr'mi.

1033 3681 1207 3738 Giintherius
1222 3679 1409 3734 cancellarius
1424 3679 1483 3734 vice
1503 3680 1684 3737 Ercambaldi
1708 3683 1824 3753 archictp
1844 3696 1846 3731 ῑ

996 3770 1126 3843 pellani..

1385 3856 1456 3911 lxlv.

996 3967 1026 4022 S.
1050 3966 1189 4020 Heuricus
1204 3964 1334 4019 Ecclesia
1370 3965 1599 4022 Puderhornenais
1633 3971 1774 4038 priuilepic
1801 3967 1819 4019 tl

1243 4036 1423 4103 possessiones
1438 4035 1590 4106 confirmat.

1319 4126 1414 4191 (llnno
1431 4125 1522 4195 loll.)
1837 4158 1841 4179 2

1131 4210 1205 4282 [θοὰ.
1218 4210 1328 4280 diplom.
1341 4215 1414 4268 llist.
1431 4213 1568 4282 Westplr„
1581 4229 1638 4284 pag
1653 4214 1710 4285 63.]
1838 4196 1846 4273 i*

1032 4300 1064 4353 ln
1085 4299 1201 4353 nomine
1219 4306 1324 4354 sanctae
1347 4306 1377 4356 et
1393 4300 1549 4356 individuae
1575 4301 1734 4366 Trinitatis,
1756 4301 1818 4355 llere

994 4401 1084 4453 arcus,
1099 4386 1194 4440 divina
1216 4386 1329 4442 lacento
1351 4388 1516 4454 clementia,
1532 4388 1732 4444 Romanorum
1746 4389 1818 4459 impt-

990 4482 1070 4530 rator
1088 4480 1244 4546 Avrgrrstus.

1026 4564 1167 4628 Quoniam
1187 4561 1292 4618 divine
1308 4563 1506 4634 dispositionis
1530 4564 1714 4634 providentia
1735 4559 1817 4619 nossl
1844 4590 1846 4629 Ι

990 4651 1147 4722 regendum
1165 4651 1254 4705 tucius
1275 4652 1440 4722 reipublicae
1462 4652 1661 4706 monarchiam
1686 4651 1820 4723 apostolica
1844 4648 1846 4653 ’

989 4738 1187 4794 benedictione
1207 4740 1350 4809 provexit,
1375 4746 1441 4795 ante
1457 4741 1555 4794 omitia
1570 4745 1668 4795 autem
1687 4742 1741 4796 hoc
1757 4740 1819 4795 tate

989 4843 1053 4882 rare
1069 4828 1206 4882 dehemus
1220 4832 1262 4892 ut,
1283 4828 1334 4899 qui
1359 4844 1494 4883 coronam
1511 4827 1619 4883 terreni
1644 4829 1758 4901 imperii
1770 4842 1822 4883 con·

990 4920 1083 4980 cessit,
1100 4906 1164 4984 pust
1182 4931 1333 4970 emensum
1358 4916 1445 4987 hujus
1459 4917 1525 4971 vitre
1549 4916 1680 4988 spacium
1701 4935 1735 4973 ea
1751 4919 1822 4973 chan

989 5001 1120 5056 coronari
1144 5002 1290 5073 permittat
1318 5020 1383 5076 quae
1399 5022 1457 5059 non
1478 5004 1625 5060 auferatur
1644 5006 1676 5061 in
1688 5014 1822 5061 aeternum.

989 5088 1068 5152 Quod
1083 5090 1264 5160 potissimum
1280 5092 1343 5146 lieri
1363 5093 1555 5159 decernimus,
1571 5093 1597 5147 si
1624 5094 1686 5149 loca
1709 5092 1823 5151 ecclesia·

989 5178 1068 5233 sticis
1090 5178 1235 5251 obsequiis
1259 5181 1396 5251 deputata
1421 5183 1708 5241 nostraauctoritate
1743 5198 1825 5238 curro·

989 5266 1137 5331 horentur,
1154 5275 1184 5322 ut
1196 5269 1275 5322 urrini
1297 5270 1430 5324 exteriori
1454 5270 1655 5342 inquietudine
1678 5280 1786 5328 remota
1802 5270 1826 5324 in

988 5355 1186 5426 tranquilitate
1207 5363 1404 5427 permaneant,
1421 5360 1557 5429 quatinus
1575 5376 1677 5415 eorum
1705 5361 1827 5433 precibus

988 5441 1158 5513 adjuvemur
1174 5443 1225 5514 qui
1240 5444 1279 5498 ibi
1304 5443 1351 5498 die
1373 5453 1516 5518 noctuque
1538 5447 1718 5504 orationibus
1738 5449 1767 5504 in
1787 5444 1829 5505 ttei

988 5529 1108 5586 servicio
1122 5548 1220 5587 vacare
1243 5533 1395 5601 debentur,
1421 5538 1450 5589 et
1473 5535 1552 5608 quod
1573 5551 1627 5607 par
1646 5552 1709 5606 nos
1734 5541 1828 5610 utputo
