3894 6120
480 221 484 225 ’
533 249 714 311 aerarum
736 253 782 310 an
802 254 904 312 urar
924 256 953 311 s.
975 253 1202 311 aaauwtaur.
1529 300 1535 307 .
1699 260 1754 319 aaa

70 370 198 442 erogate
224 367 355 435 surrexit,
376 368 541 442 eademque
562 373 611 429 die
635 390 701 431 cum
723 375 880 433 testibusil
899 374 1051 432 circuitum
1065 375 1178 433 assidue
1192 376 1345 434 lambendo
1361 381 1539 452 exosculans,
1562 382 1752 441 devotissime

70 459 205 514 sanitatis
225 458 260 514 ad
285 457 429 514 tumulum
459 459 541 516 beati
566 464 698 534 presulis
735 465 841 537 gratias
895 480 959 520 cum
976 463 1099 520 lacrimis
1112 463 1261 521 liberatori
1273 482 1325 520 suo
1340 467 1447 539 gratias
1462 468 1531 540 egit.

70 563 100 603 ns
113 547 200 603 veuit.
931 552 1089 619 anaidem
1112 558 1209 607 autem
1235 559 1407 610 mercatores
1431 556 1600 615 Brameuses
1623 575 1689 615 cum
1718 558 1751 615 iu

70 637 202 692 tulaeuem
217 635 275 707 (dl)
288 633 367 690 ricus
382 639 426 691 est
449 653 464 692 a
482 637 601 694 civitate
623 640 839 698 Hildeuesheim
895 641 966 695 mari
982 656 1080 696 versus
1093 640 1227 712 Angliam
1250 642 1429 714 navigarent,
1447 650 1617 716 tempestate
1636 647 1749 721 gravis·

70 723 224 780 indistans
241 720 365 777 miliaria
388 722 457 790 (65),
487 724 540 779 ubi
564 726 645 782 labar
659 728 840 799 quidamler-
894 728 966 784 sima
983 729 1223 801 preventtasunt,
1244 729 1284 786 ita
1298 735 1339 799 ut,
1361 737 1446 802 rupto
1473 733 1541 789 fune
1566 737 1703 802 anchore,
1720 740 1750 793 et

70 829 85 879 r,
112 811 191 868 Dodo
219 809 345 877 uomina,
375 814 469 866 tactus
499 817 545 868 est
573 813 744 872 infirmitate
758 818 840 889 grari
894 815 961 870 nari
973 819 1034 870 tota
1047 829 1194 883 concussa,
1220 814 1281 886 jam
1296 816 1422 873 ricinum
1443 819 1552 875 cunctis
1570 821 1690 893 pelagus
1705 822 1748 878 in·

70 915 115 956 res
144 899 332 971 septimanam
361 898 403 954 ita
430 904 464 955 ut
491 917 600 958 manus
636 905 761 977 etpedes
777 906 839 977 jam
893 906 1017 959 tentaret
1044 902 1207 957 interitum.
1239 903 1367 975 Cumque
1390 906 1562 977 supplicatio
1582 909 1747 965 communis

70 994 173 1044 romeos
209 1003 356 1043 occasuros
381 1004 398 1042 a
426 1005 480 1043 sua
514 992 687 1062 compagine
721 993 840 1049 arbitra·
893 995 922 1046 ct
949 993 1058 1046 clamor
1086 989 1270 1046 lacrimabilis
1302 999 1486 1064 concreparet
1513 995 1548 1050 ad
1581 1001 1746 1054 sanctorum

70 1077 319 1134 ‚Vocatusautem
332 1076 491 1148 presbiter,
508 1094 576 1134 cum
597 1080 657 1151 jam
671 1081 838 1153 desperare·
893 1078 1062 1148 patrocinia,
1077 1082 1197 1149 repente
1223 1078 1342 1150 quidam
1368 1079 1475 1152 intulit,
1505 1083 1651 1154 quendam
1680 1101 1745 1140 sau·

70 1165 191 1232 rdreuit3
216 1165 296 1235 cujus
319 1163 444 1219 consilio
467 1171 690 1240 ceterorumque
719 1171 837 1243 propin·
892 1172 970 1223 ctum
999 1166 1166 1238 pontilicem
1202 1167 1402 1224 Bernwardum
1434 1169 1552 1226 nomine
1589 1170 1621 1226 in
1649 1172 1747 1229 Hilde-

70 1268 106 1309 ιω
129 1253 266 1318 veritat
301 1252 326 1307 si
355 1252 435 1308 iufra
459 1253 589 1310 triduum
614 1257 762 1313 meliorari
785 1274 838 1314 οω-
893 1254 1020 1311 nesheim
1049 1270 1198 1310 coruscare
1223 1256 1380 1312 miraculis.
1406 1258 1473 1328 EJus
1497 1274 1567 1330 ergo
1595 1262 1744 1316 communi

71 1381 80 1410 ,
109 1342 270 1414 sepulcrum
310 1340 390 1396 bauti
434 1341 489 1396 riri
529 1343 692 1401 Bernwardi
731 1347 838 1419 gratias
892 1349 958 1400 roto
986 1343 1156 1415 suffragium
1178 1346 1366 1415 postulantes,
1389 1347 1525 1402 continuo
1546 1348 1744 1405 intermedius

70 1430 248 1485 revisitaret.
271 1432 337 1487 llaec
362 1446 432 1485 cum
455 1437 624 1504 agerentur,
640 1439 743 1505 quarta
767 1435 839 1491 laria
893 1432 1037 1488 undarum
1051 1431 1170 1487 vertices
1185 1432 1246 1488 sine
1267 1433 1366 1488 labore
1379 1433 1409 1489 in
1424 1435 1507 1490 solita
1533 1437 1742 1509 tranquillitate

70 1517 246 1576 llominicam
260 1517 450 1590 rogationum
470 1519 605 1590 sequenti
628 1520 673 1576 die
696 1537 729 1576 ac
755 1526 837 1576 nocte
891 1525 1008 1591 portum
1035 1518 1195 1590 petierunt;
1211 1525 1241 1576 et
1265 1520 1296 1576 in
1310 1521 1561 1580 minoriuaricula
1576 1525 1741 1595 redeuntes,

70 1607 222 1674 wnraluit,
237 1611 269 1661 ut
289 1606 427 1676 proxima
451 1612 531 1663 sexta
554 1606 624 1663 teria
647 1609 771 1681 nudipes
785 1624 838 1679 per
892 1607 1048 1661 anchoram
1070 1622 1152 1660 snam
1166 1606 1195 1662 in
1215 1607 1289 1663 mari
1303 1608 1430 1678 elapsam
1445 1611 1614 1666 retulerunt.
1634 1611 1742 1668 Exinde

70 1696 243 1766 rescriptum
259 1694 480 1750 llildenesheim
502 1696 661 1766 adueniret,
683 1697 837 1753 sictamen
892 1695 1012 1749 domum
1036 1695 1154 1762 reversi,
1181 1696 1253 1751 duos
1283 1712 1316 1751 ex
1339 1696 1493 1753 comitibus
1517 1698 1587 1764 suis,
1616 1714 1742 1770 quorum

70 1798 170 1850 uere,
198 1788 230 1838 ut
247 1783 308 1855 ipse
331 1782 590 1857 iaciesconspecta
614 1786 667 1840 riri
696 1785 838 1841 audienti·
891 1798 967 1838 uuus
993 1781 1190 1850 Godescalous,
1211 1784 1283 1839 alter
1312 1784 1456 1841 Elaericua
1478 1787 1643 1854 uocabatur,
1674 1803 1741 1845 cum

70 1871 125 1928 lem
140 1871 245 1927 laceret
256 1870 404 1927 miraculi.
892 1870 1117 1925 naviculaoerea
1137 1871 1173 1926 ad
1197 1871 1328 1926 tumbam
1357 1872 1433 1928 beati
1455 1874 1510 1930 viri
1533 1874 1565 1930 iu
1578 1874 1742 1933 leriatertia

70 1961 153 2016 lulier
171 1960 303 2033 quaedam
330 1959 523 2016 Goslariensis
547 1961 658 2018 Eilmod
684 1961 838 2017 nominee
891 1964 956 2033 post
975 1957 1146 2014 dominicam
1178 1960 1286 2015 Latara
1309 1961 1475 2030 Jerusalem,
1501 1979 1554 2035 pro
1582 1963 1740 2035 gratiarum

69 2064 97 2105 ae
112 2065 249 2120 possessa,
270 2064 336 2104 cum
363 2048 491 2105 venisset
505 2050 540 2105 ad
560 2051 638 2106 beati
651 2050 836 2114 memoriam,
892 2048 1004 2103 actione
1028 2047 1257 2102 transmiserunt.
1278 2046 1357 2104 Idem
1384 2065 1499 2120 quoque
1526 2055 1626 2122 postea
1652 2051 1741 2109 simili

70 2136 158 2210 liquot
181 2137 241 2192 dies
255 2137 366 2193 ibidem
385 2136 520 2192 horribili
541 2138 629 2193 modo
644 2143 756 2206 vexata,
769 2154 836 2208 pre·
890 2136 1019 2209 periculo
1032 2151 1159 2208 pereum
1184 2135 1309 2202 liberati,
1333 2141 1500 2207 argenteam
1517 2139 1672 2194 anchoram
1688 2156 1741 2211 per

76 2226 206 2298 ejusdem
231 2225 409 2281 sanchesimi
430 2227 562 2296 presulis
587 2233 687 2282 curata
711 2232 768 2284 est.
785 2227 836 2283 Se·
890 2224 1059 2297 semetipsos
1075 2225 1253 2281 obtulerunt.

70 2315 224 2387 autplures
239 2314 300 2370 dies
314 2318 418 2387 postea
433 2314 581 2371 nobiscum
598 2315 712 2378 mansit.
730 2316 837 2371 cotidie
927 2317 969 2370 to.
1001 2312 1169 2386 Negociater
1187 2314 1304 2385 quidam
1336 2313 1550 2370 Hildenesheim
1577 2314 1735 2385 habitabat.

72 2417 138 2458 rum
169 2402 335 2473 pontificale
360 2418 430 2458 cum
459 2403 643 2460 devotissima
673 2405 836 2477 gratiarum
890 2403 981 2474 liujus
1007 2404 1112 2474 conjux
1133 2417 1200 2458 cum
1223 2401 1269 2456 die
1306 2417 1457 2473 purascere
1481 2404 1542 2457 loca
1574 2407 1740 2461 sanctorum

70 2490 235 2559 evisitarit,
260 2492 363 2547 crebro
388 2491 498 2547 ibidem
525 2493 640 2564 corpori
656 2497 685 2548 et
698 2492 836 2563 sanguini
890 2507 970 2548 more
999 2491 1054 2547 sibi
1088 2490 1245 2561 {annuatim
1284 2495 1421 2545 consueto
1452 2490 1574 2563 nudipes
1596 2491 1739 2560 circuiret,

70 2579 92 2635 ai
119 2581 352 2636 communicavit.
379 2580 449 2636 lade
464 2580 639 2651 digrediens,
666 2584 730 2653 post
745 2582 835 2652 septi-
889 2579 983 2635 thuris
1004 2582 1116 2651 partem
1143 2577 1328 2650 compararit,
1356 2594 1443 2650 quam
1464 2579 1500 2634 ad
1519 2579 1648 2635 tumbam
1663 2580 1740 2638 beati

70 2686 75 2723 ι
97 2684 148 2724 sex
167 2669 272 2725 iterum
296 2669 396 2736 rediit,
411 2672 441 2723 et
462 2684 556 2725 ceram
579 2670 694 2726 duobus
707 2669 836 2726 denariis
890 2666 1053 2723 bernwardi
1080 2667 1156 2722 ferra
1177 2666 1339 2722 destinarit.
1357 2667 1430 2738 Ergo
1446 2666 1491 2721 ria
1518 2683 1583 2739 quea
1597 2667 1689 2723 tandit
1702 2669 1740 2725 ad

70 2763 170 2814 uatum
185 2759 291 2814 tumbae
317 2772 531 2829 superponens,
557 2774 610 2829 pro
625 2756 757 2813 sanitatis
773 2775 835 2814 sum
890 2755 1096 2812 monasterium
1125 2754 1217 2810 sancti
1243 2753 1395 2823 llichaelis,
1409 2754 1439 2809 in
1468 2770 1544 2825 aqua
1568 2757 1656 2823 lutea,
1671 2770 1739 2825 quaa

70 2847 188 2903 *erautia
214 2845 314 2902 retulit
338 2845 456 2917 gratias.
484 2846 575 2900 Testis
603 2852 645 2901 est
674 2850 734 2900 tota
761 2846 834 2900 Goa-
888 2861 941 2916 per
960 2843 1105 2900 civitatem
1132 2858 1231 2898 versus
1258 2841 1338 2896 urbis
1356 2857 1473 2897 murum
1500 2842 1637 2908 decurrit,
1651 2843 1740 2913 pedes

70 2933 121 2991 ubi
141 2950 192 3008 pro
217 2932 400 2990 mercimonii
423 2933 468 2987 sni
480 2935 599 3006 negocio
618 2934 759 3006 probatur
772 2949 833 2992 esse
849 2930 870 2986 C
890 2933 968 3001 lavit,
980 2932 1048 2989 inde
1064 2932 1099 2987 nd
1112 2929 1320 2986 monasterium
1333 2931 1487 3002 pertendit.
1508 2931 1638 3003 Cumque
1652 2931 1740 2987 cimi-

70 3022 138 3079 ima.
889 3022 995 3078 terium
1028 3021 1157 3093 ejusdem
1192 3018 1326 3074 acclesiae
1359 3018 1582 3087 conscendisset,
1621 3019 1741 3091 agnovit

70 3111 170 3168 uronis
183 3110 301 3183 quidam
311 3111 344 3166 in
359 3109 478 3165 boemia
499 3109 529 3165 iu
544 3110 735 3167 sacratissima
750 3116 833 3168 nocte
888 3111 1017 3183 elapsum
1032 3124 1093 3165 esse
1113 3109 1179 3163 thus
1211 3106 1288 3179 quod
1314 3111 1432 3164 emerat.
1449 3108 1529 3164 Unde
1556 3107 1691 3180 graviter,
1706 3113 1741 3166 ut

70 3200 135 3257 aicae
149 3199 306 3254 nativitatis
320 3214 389 3254 cum
414 3198 526 3254 duobus
546 3200 684 3256 iratribus
712 3199 772 3255 suis
786 3217 832 3256 ce·
888 3200 1007 3264 ferebat,
1049 3196 1147 3253 animo
1176 3200 1367 3263 consternata,
1400 3196 1524 3251 excussis
1563 3196 1740 3253 vestimentis

70 3305 105 3345 ue
130 3287 233 3344 coevis
252 3288 312 3343 suis
327 3285 366 3323 ¹⁸⁸
377 3286 455 3342 ludis
480 3287 651 3360 quibusdam
666 3287 832 3361 invigilans,
889 3288 980 3343 sicubi
1005 3286 1172 3354 adhesisset,
1188 3283 1289 3341 eadem
1303 3284 1350 3339 ria
1373 3301 1431 3356 qua
1456 3288 1579 3353 venerat,
1595 3301 1686 3357 usque
1702 3287 1739 3344 ad

70 3393 124 3434 ,mo
149 3376 265 3433 demoni
294 3375 439 3430 vexandus
471 3380 513 3431 est
537 3376 669 3443 traditus,
695 3376 833 3433 iratribus
888 3392 993 3449 aquam
1021 3391 1079 3447 qua
1103 3374 1184 3445 prius
1208 3373 1296 3444 pedes
1324 3374 1441 3440 laverat,
1457 3373 1736 3445 querendorerersa.

70 3465 271 3522 uesubitanaa
285 3463 832 3536 mortepraesentisceterisqueomni-
889 3465 978 3520 nichil
1004 3463 1129 3531 invenit3
1157 3466 1306 3534 mestaque
1330 3460 1453 3517 nimium
1468 3462 1505 3517 ad
1529 3462 1737 3519 monasterium

70 3552 220 3611 uieisdem
241 3552 376 3608 infaustis
395 3551 472 3606 ludis
486 3551 644 3608 intererant
669 3558 719 3608 aut
741 3560 833 3610 morte
886 3553 982 3609 rediit.
999 3551 1069 3607 lude
1091 3555 1220 3623 cryptam
1235 3548 1373 3621 ingressa,
1402 3554 1467 3605 aute
1487 3550 1616 3606 tumbam
1631 3550 1737 3608 beatis·

70 3642 143 3711 retis,
155 3641 370 3697 autdemouum
386 3639 527 3694 vexationi
542 3640 720 3697 renueritis.
734 3641 833 3712 ltaque
886 3641 952 3696 simi
965 3637 1108 3712 pontilicis
1130 3638 1161 3694 iu
1183 3637 1341 3693 orationem
1357 3652 1423 3693 cunr
1447 3638 1524 3709 largo
1548 3639 1619 3694 ssetu
1633 3655 1737 3711 procu·

70 3729 223 3796 nennium,
234 3730 356 3785 durante
364 3727 473 3784 infelici
480 3728 747 3799 passiene‚Jnrenis
755 3729 832 3787 idem
886 3729 960 3797 buit,
979 3731 1117 3799 reputans
1131 3725 1208 3797 apud
1229 3741 1270 3791 sa,
1297 3725 1362 3781 ideo
1393 3724 1570 3781 oblationem
1591 3726 1647 3782 sibi
1674 3730 1737 3784 ela·

70 3818 279 3893 aparentibus
306 3819 362 3873 huc
387 3817 513 3888 illucque
538 3819 688 3886 cursitans,
715 3819 832 3875 tandem
887 3834 979 3889 psam,
1008 3815 1087 3886 quod
1113 3813 1196 3886 quasi
1218 3813 1333 3885 indigua
1362 3811 1448 3867 luerit
1477 3828 1541 3867 eam
1559 3812 1687 3882 perterre
1701 3815 1736 3870 ad

70 3907 195 3965 aseheim
210 3905 351 3978 pervenit.
368 3905 412 3961 lbi
429 3905 497 3960 dum
513 3906 733 3978 completorium
747 3923 831 3964 cane·
886 3904 978 3962 sancti
1012 3902 1066 3958 riri
1101 3900 1279 3958 memoriam.
1316 3900 1408 3957 Finita
1431 3900 1558 3956 oratioue
1581 3901 1686 3957 humili
1709 3906 1739 3959 et

110 3992 321 4049 monasterium
364 3991 454 4047 sancti
491 3991 635 4048 blicbaelis
674 3993 831 4064 ingressus,
886 3996 1050 4061 lacrimosa,
1074 3991 1209 4061 surrexit,
1235 3991 1302 4047 thus
1317 3989 1503 4062 perditumin
1517 4005 1606 4045 mauu
1621 3990 1739 4047 sinistra

72 4097 126 4139 ure
141 4087 207 4137 ante
230 4081 319 4136 altera
342 4085 449 4135 sanctae
472 4079 569 4137 Crucis
585 4086 699 4137 vexatus
722 4085 775 4148 cst,
801 4087 834 4138 ut
887 4083 1008 4140 invenit.
1023 4082 1105 4146 Quod
1125 4080 1239 4137 tumulo
1255 4095 1453 4152 superponens
1467 4093 1534 4134 cum
1558 4078 1670 4149 ingenti
1684 4095 1736 4151 pa·

70 4186 81 4226 s
103 4169 157 4242 qui
176 4169 296 4224 aderant
324 4168 446 4224 horrore
472 4167 563 4223 nimio
585 4169 694 4240 stupidi
709 4176 737 4225 at
750 4169 868 4264 mise·D
887 4189 955 4229 vore
981 4171 1126 4240 abscessit,
1142 4169 1220 4242 quod
1244 4173 1358 4242 gestum
1383 4172 1445 4223 erat
1465 4168 1518 4223 sub
1533 4167 1657 4234 silentio,
1673 4168 1737 4225 aba·

70 4275 93 4316 re
121 4257 287 4330 compuncti
312 4259 509 4314 redderentur.
527 4257 722 4314 introducitur
735 4257 832 4331 itaque
888 4261 996 4330 condit,
1021 4259 1113 4315 donec
1135 4259 1237 4330 quinto
1261 4262 1311 4312 aut
1332 4261 1411 4312 sexto
1433 4256 1479 4312 die
1505 4273 1522 4312 a
1548 4255 1738 4312 familiaribus

70 4347 217 4413 lientium,
251 4346 374 4401 nimium
401 4345 528 4400 renitens
562 4345 635 4416 ipse,
657 4346 687 4403 ln
711 4345 833 4417 criptam
888 4349 950 4420 ejus
971 4347 1118 4421 proditum
1140 4346 1275 4403 innotuit.
1291 4347 1360 4411 Oura
1379 4345 1738 4418 etpostmodumcumrei

70 4435 117 4493 uti
139 4435 301 4492 bernwardi
316 4435 455 4490 tumbam.
475 4433 528 4490 Ubi
547 4434 655 4491 diutius
677 4435 833 4491 lurorero-
888 4440 976 4507 gestae
1000 4435 1148 4490 veritatem
1172 4452 1190 4490 a
1218 4436 1344 4507 quodam
1370 4437 1456 4492 lratre
1483 4438 1580 4491 nostro
1605 4450 1737 4507 promere

83 4528 116 4580 et
138 4523 225 4579 rerba
247 4523 417 4594 blasphema
433 4522 572 4593 garriens,
598 4523 763 4596 etquidem
778 4523 833 4578 lin·
888 4528 1044 4594 peteretur,
1061 4539 1119 4579 nou
1135 4523 1196 4580 sine
1207 4523 1334 4605 lacrimis
1348 4539 1411 4579 eam
1425 4539 1542 4580 narrare
1561 4523 1666 4595 potuit.

79 4612 144 4686 ejus
158 4611 363 4683 intelligentes,
380 4611 430 4683 qui
444 4615 512 4666 tunc
526 4613 598 4667 lorte
622 4612 752 4680 aderant,
767 4626 834 4666 cum
926 4616 968 4668 tl.
993 4611 1072 4668 lliles
1100 4612 1218 4685 quidam
1245 4611 1426 4667 Thietmarus
1455 4611 1583 4678 nomine,
1612 4611 1740 4667 minute-

70 4717 99 4758 re
123 4700 220 4772 paridi
241 4701 412 4767 retulerunt,
429 4700 547 4755 tandem
569 4699 704 4770 concidit,
721 4703 834 4771 aperto·
890 4700 968 4755 riulis
983 4700 1071 4773 regis,
1088 4700 1117 4756 in
1133 4700 1195 4756 rico
1219 4700 1319 4771 Hagen
1342 4703 1397 4770 (66)
1420 4700 1500 4771 juxta
1516 4701 1654 4755 Wiseram
1682 4700 1738 4756 ilu-

71 4806 103 4846 re
118 4789 245 4858 inhians,
260 4789 403 4860 liquorem
432 4788 649 4860 spurcissimum
665 4788 835 4844 cumletore
889 4789 968 4844 rium
992 4789 1110 4845 habitat.
1136 4790 1226 4861 liujus
1263 4788 1348 4858 lilius,
1378 4789 1561 4857 Machelmus,
1596 4803 1739 4843 annorum

70 4882 226 4946 eructans,
256 4877 410 4933 incolumis
431 4877 564 4933 surrexit.
590 4879 707 4933 Postera
722 4876 768 4932 die
783 4893 835 4947 po·
889 4876 1002 4931 circiter
1015 4882 1090 4944 octo,
1101 4891 1167 4931 cum
1181 4892 1233 4948 per
1254 4875 1485 4948 quinquennium
1515 4874 1741 4930 tistulaeiucom-

70 4969 261 5040 presentatus
289 4970 333 5020 est
355 4981 451 5034 sanus,
467 4971 496 5020 et
510 4982 544 5021 ex
559 4981 593 5021 eo
613 4981 666 5037 per
692 4968 722 5021 lb
744 4964 834 5020 lerme
889 4963 974 5019 modo
989 4963 1020 5019 in
1035 4963 1152 5019 maxilla
1166 4963 1282 5020 sinistra
1294 4967 1453 5031 vexaretur,
1475 4962 1627 5034 omnisque
1648 4962 1739 5018 medi·

70 5053 254 5125 sepulchrum
281 5053 479 5125 frequentans,
505 5057 535 5108 et
557 5053 755 5124 pavimentum
784 5068 835 5121 per
889 5066 988 5106 corum
999 5050 1028 5105 in
1043 5051 1093 5105 illo
1103 5067 1190 5122 opera
1200 5052 1396 5119 frustraretur,
1408 5052 1524 5107 tandem
1535 5050 1572 5105 ad
1594 5051 1739 5106 tumulum

695 5149 811 5204 VARIAE
831 5147 1031 5204 LECTIONES.

70 5221 110 5278 uis
125 5221 220 5276 ceder.

811 5305 925 5362 ΝΟΜ).

81 5388 239 5444 Bokenem.
928 5382 981 5456 (66)
996 5385 1084 5456 Hoya.

70 5457 204 5529 >Scilicet
217 5457 394 5513 Germanica.
