3894 6120
155 301 207 355 tus
573 294 576 299 “
652 291 856 353 introiisti
877 287 1094 349 revestirent
1117 286 1416 345 ulinasttnittttrts.
1866 288 1917 340 tur

154 421 270 479 trocinii
284 435 428 488 excursus,
452 432 635 490 quocumque
659 432 719 471 snas
748 415 858 470 fraudis
885 415 1041 472 insidiasA
1061 414 1240 486 persedendo
1255 413 1636 487 putavimus,nelastidium
1651 414 1821 487 prolixitate
1841 412 1918 485 inge·

154 511 342 578 intentarent,
358 506 526 580 praesidium
546 504 774 559 munitissimum
792 503 926 567 instituis,
951 504 1008 559 los·
1063 518 1171 558 ramus.
1187 503 1326 558 Sanctum
1352 518 1470 574 quoque
1493 503 1587 558 locrrm
1603 509 1738 558 nostrum
1773 517 1916 557 mororum

126 588 130 596 ¹
155 600 252 670 sisque
264 612 463 670 aquarumque
480 594 620 649 meatibus
640 606 691 664 per
702 593 796 647 rivum
820 592 1008 648 influentibus
1063 590 1175 647 ambitu
1189 592 1298 646 vallare
1313 607 1429 645 summa
1443 591 1577 647 instantia
1594 608 1761 664 aggressus,
1775 590 1914 660 dhpositir

155 687 334 742 tutissimum
353 684 488 748 reddidit,
504 682 600 753 copias
614 697 730 752 quoque
753 682 876 735 militum
891 680 967 735 victu
982 685 1010 734 et
1062 696 1115 751 pur
1130 695 1235 751 gyrum
1250 680 1393 745 turribus,
1409 684 1488 734 tanta
1502 680 1651 750 prudentia
1668 697 1745 750 otrus
1763 678 1911 746 inchoavit,

156 776 244 829 armis
266 774 436 845 caeterisque
463 770 631 826 necessariis
658 770 814 826 instructas
838 770 1008 825 habundan·
1064 772 1095 821 nt
1108 768 1210 822 decore
1226 768 1314 821 simul
1327 782 1360 820 ac
1377 767 1548 834 munimine,
1561 766 1638 822 velut
1654 768 1743 821 hodic
1758 771 1849 837 patet,
1877 765 1909 820 si·

155 859 562 917 tissimecollocavit.1iiviua
593 858 801 929 ituqnegratia
827 857 1008 928 periculosis·
1064 854 1183 910 milenii
1199 854 1327 909 inomni
1342 855 1464 910 Saxonia
1488 856 1625 910 invenias.
1654 854 1803 910 Sacellum
1831 854 1910 911 ctiam

156 950 265 1004 simum
280 948 375 1002 locum
388 947 437 1001 llei
452 946 560 1017 populu
576 945 728 1016 pacilicum
749 945 816 1000 lecit
830 950 858 1000 ct
872 946 1011 1016 tranquil·
1063 943 1249 1014 splendidum
1268 942 1446 1011 valde,loris
1471 958 1583 998 murum
1603 944 1636 997 in
1668 942 1784 998 honore
1802 943 1911 999 vivillare

157 1039 228 1104 lum,
252 1036 284 1090 in
309 1040 422 1090 tantum
433 1040 465 1089 ιιι
479 1035 557 1089 omni
573 1034 713 1106 spurcicia
728 1034 874 1094 diabolicas
890 1050 923 1088 ac
942 1033 1010 1087 bar·
1063 1032 1156 1088 crucis
1177 1030 1330 1086 exstruxit.
1365 1032 1452 1102 liujus
1483 1035 1568 1086 etiam
1588 1031 1770 1102 aliquantam
1796 1036 1908 1102 partam,

156 1125 262 1180 baricae
294 1122 404 1179 fraudis
431 1122 591 1189 eliminata,
619 1123 766 1177 baratrum
789 1120 960 1193 irruptionis
982 1125 1012 1176 at
1063 1120 1204 1192 largiente
1220 1118 1331 1173 domno
1351 1119 1438 1174 tercio
1459 1120 1562 1175 Ottone
1582 1123 1706 1190 augusto
1734 1119 1908 1190 imperatore,

156 1212 271 1268 hostilis
290 1211 464 1268 incursionis
479 1212 574 1266 locum
589 1210 857 1277 laceratorationis,
872 1214 900 1264 ot
910 1224 1011 1264 oracu·
1064 1209 1172 1264 ibidem
1188 1206 1359 1262 clarissimis
1374 1207 1633 1279 gemmisauroque
1650 1206 1811 1278 purissimo
1828 1207 1907 1263 inciu-

156 1302 218 1356 lnm
234 1299 325 1354 sancti
335 1298 480 1354 humberti
494 1298 637 1369 pontilicis
652 1305 682 1353 et
701 1298 827 1353 martiris
862 1299 919 1353 ileo
942 1313 1010 1351 con·
1065 1314 1126 1353 sam
1142 1295 1271 1352 condidit
1282 1295 1360 1368 (35);
1377 1296 1425 1351 nbi
1437 1295 1523 1350 etiam
1546 1295 1642 1350 divina
1671 1296 1770 1367 pietas
1797 1296 1910 1367 plurima

158 1392 294 1454 sacraret,
324 1392 411 1458 atque
437 1386 472 1441 ab
494 1387 545 1441 illo
568 1387 613 1440 die
644 1403 757 1440 summa
784 1390 853 1457 pace
877 1385 1011 1440 aecclesias
1065 1401 1124 1440 suae
1138 1382 1252 1456 pietatis
1266 1382 1375 1438 indicia
1391 1382 1497 1454 apertis
1511 1382 1662 1454 signorum
1689 1383 1842 1438 miraculis
1866 1399 1911 1455 per

160 1473 266 1529 Christi
281 1472 402 1540 reddita,
417 1473 451 1527 ab
467 1472 548 1527 omni
563 1473 660 1528 hostili
676 1475 788 1545 impetu
808 1474 858 1529 Dei
886 1475 1012 1545 populus
1065 1472 1429 1528 virtutemsanctaecrucis
1447 1471 1578 1526 ostendit.

159 1560 332 1616 vivacissimi
348 1560 504 1630 provisoris
519 1561 660 1616 industria
680 1562 859 1633 quietissime
885 1561 1010 1617 feriaret.
1102 1565 1128 1617 9,
1146 1562 1222 1615 luter
1233 1575 1297 1630 quae
1325 1559 1396 1616 illud
1413 1560 1539 1625 unicum,
1555 1576 1612 1631 quo
1629 1559 1775 1614 Dominus
1789 1560 1912 1617 antistitis

161 1647 617 1718 Prohisatcmterisbaneliciis,
641 1649 1011 1722 quaedevotissimostndio
1067 1648 1157 1703 nostri
1185 1646 1367 1703 devotionem
1395 1647 1537 1702 consolari
1559 1646 1695 1717 dignatus
1720 1651 1776 1716 est,
1801 1648 1913 1704 inserere

161 1738 265 1791 iurem
279 1736 422 1806 publicam
438 1738 637 1810 populumque
653 1738 767 1793 fidelem
779 1739 916 1806 exercuit,
940 1740 1012 1793 mul·
1068 1739 1147 1794 libet.
1164 1739 1235 1793 Nam
1253 1735 1423 1791 venerabilis
1446 1735 1575 1808 pontifex
1601 1736 1794 1791 Bernvvardus
1813 1736 1912 1792 thecam

162 1829 305 1880 torumet
328 1824 454 1880 maxime
478 1826 641 1898 principum
661 1827 1015 1882 inseinridiametindi-
1068 1843 1139 1881 auro
1156 1824 1336 1897 gemmisque
1363 1824 1610 1892 lautissimum,in
1638 1840 1698 1896 qua
1727 1823 1913 1881 virilicomli·

162 1913 330 1984 gnationem
350 1914 515 1969 commovit.
541 1915 621 1969 Unde
641 1919 669 1969 et
693 1931 710 1970 a
733 1915 896 1987 hlagontino
925 1915 1015 1970 archi·
1068 1930 1158 1986 gnum
1173 1913 1344 1979 includeret,
1359 1913 1480 1983 paravit,
1496 1919 1524 1967 et
1537 1928 1603 1967 cum
1618 1913 1761 1968 extribus
1776 1913 1914 1984 particulis

163 2000 391 2072 episcopoplura
401 2006 429 2056 et
439 2000 611 2069 miseranda,
622 2003 694 2058 utin
704 2003 1014 2075 sequentibusplenius
1069 2003 1160 2058 saneti
1174 2000 1247 2073 ligni
1260 2004 1392 2071 quartam
1406 1999 1430 2055 si
1450 1999 1513 2056 fieri
1528 2005 1625 2072 posset
1650 2001 1789 2057 excidere
1804 2006 1915 2073 tempta·

162 2088 303 2154 dicemus,
315 2088 422 2158 apertis
436 2088 598 2144 inimiciciis
617 2107 770 2163 perpessus
784 2095 835 2146 est.
852 2090 940 2162 Cujus
957 2090 1015 2145 ani·
1068 2097 1121 2159 ret,
1137 2095 1170 2145 ιιι
1181 2106 1234 2161 per
1248 2088 1376 2158 singulas
1390 2087 1501 2143 absides
1510 2089 1639 2160 singulas
1655 2089 1801 2144 conderet
1814 2091 1916 2161 portio·

163 2176 328 2232 mositatem
351 2177 557 2246 patientissime
580 2179 684 2247 ferens,
711 2179 809 2234 divina
849 2194 882 2233 ac
906 2178 1015 2250 regalia
1068 2197 1129 2245 nes,
1145 2195 1198 2234 nac
1212 2178 1354 2248 gracilitas
1368 2177 1413 2232 vel
1427 2177 1551 2248 parvitas
1572 2193 1762 2250 quacumque
1788 2192 1822 2233 ex
1842 2194 1915 2233 musa

162 2263 371 2335 benignissima
386 2267 623 2322 amministrabat.
1055 2267 1223 2326 sectionem
1237 2266 1412 2333 admitteret,
1435 2281 1500 2320 cum
1513 2265 1720 2320 devotissimus
1733 2266 1787 2321 liei
1802 2267 1915 2321 lemnius

199 2355 226 2410 8.
243 2354 275 2407 lit
290 2352 355 2406 licet
369 2354 453 2425 plura
472 2355 677 2425 copiosissimis
694 2354 833 2426 impensis
856 2354 890 2410 ad
918 2355 1015 2427 repel-
1068 2355 1164 2410 animo
1180 2355 1345 2409 fluctuaret:
1362 2370 1427 2409 ecce
1442 2354 1535 2408 subito
1552 2353 1752 2409 intermunus
1773 2354 1865 2426 ipsius
1874 2370 1914 2410 an·

164 2440 280 2497 leudam
300 2440 443 2496 saeviciam
459 2443 638 2498 barbaricam
653 2442 723 2498 loris
737 2443 926 2515 impenderet,
958 2442 1015 2497 dici
1069 2443 1166 2499 tistitis
1180 2448 1283 2515 quarta
1294 2442 1435 2513 particula
1444 2441 1626 2497 sacratissimi
1642 2443 1720 2514 ligni
1733 2443 1868 2516 angelico
1890 2447 1917 2497 nt

163 2533 338 2584 tamennon
364 2536 466 2602 potest,
490 2535 597 2603 quanta
619 2531 650 2585 in
678 2532 842 2603 episcopatu
869 2531 903 2586 ad
930 2546 1014 2587 usum
1068 2529 1366 2586 crediturministerio
1382 2530 1477 2586 delata
1490 2530 1632 2601 apparuit.
1656 2524 1723 2586 lio'x
1739 2531 1834 2603 igitur
1852 2547 1915 2603 pre·

164 2633 223 2673 suae
239 2617 375 2673 aecclesiae
388 2620 518 2675 contulit.
530 2622 562 2675 ln
575 2619 692 2691 proediis
708 2636 833 2693 namque
852 2623 933 2675 tanta
946 2635 1014 2674 eon·
1068 2621 1112 2674 sul
1127 2619 1211 2674 laetus
1221 2619 1332 2690 lignum
1349 2624 1480 2674 sanctum
1494 2633 1546 2690 per
1568 2625 1696 2690 quatuor
1710 2618 1828 2676 absides
1842 2635 1915 2692 para·

165 2707 264 2778 gessit,
280 2710 312 2760 ut
325 2706 445 2778 triginta
459 2710 502 2763 vei
518 2709 601 2780 plora
622 2709 784 2780 precipuos
808 2709 924 2765 curtiles
949 2724 1014 2763 cum
1068 2709 1121 2764 vit.
1140 2709 1163 2764 0
1178 2708 1280 2779 quanti
1291 2706 1500 2778 indepntantes
1509 2707 1641 2762 ardorem
1657 2707 1916 2764 vehementissime

135 2800 138 2806 '
164 2795 283 2850 litorum
300 2811 332 2850 ac
344 2796 513 2852 colonorum
539 2795 667 2861 familiis,
693 2796 860 2852 clarissimis
885 2795 1015 2852 aediliciis
1067 2794 1155 2851 febris
1177 2794 1283 2865 sepius
1310 2794 1415 2848 virtute
1438 2798 1542 2848 sanctae
1566 2793 1658 2848 crucis
1686 2794 1914 2868 restinguebant!

164 2881 362 2953 prenitentes,
385 2890 573 2954 compararet,
590 2900 655 2939 cum
671 2884 700 2938 in
724 2884 787 2939 aliis
804 2883 1016 2940 innumerabili·
1068 2882 1235 2940 idrrltocicns
1254 2882 1386 2937 obortam
1418 2881 1492 2936 aeris
1515 2881 1712 2953 inaequalitate
1726 2883 1915 2954 pestilentiam

165 2971 219 3024 bns
235 2970 303 3024 locis
319 2970 417 3025 dacem
434 2987 549 3028 mansos
563 2973 607 3027 vel
622 2977 694 3040 octo,
711 2976 760 3028 aut
773 2974 838 3044 plus
852 2976 901 3027 aot
918 2971 1013 3027 minus
1030 2973 1050 3028 C
1069 2970 1356 3027 lideleshocrivilico
1371 2971 1492 3041 lignosa
1520 2987 1627 3042 suaque
1654 2970 1815 3028 lustrantes
1841 2972 1915 3027 aedt-

165 3063 254 3128 prout
267 3074 351 3112 causa
366 3058 517 3126 acciderat,
547 3060 577 3114 in
597 3061 806 3132 possessionem
834 3077 894 3116 suae
921 3061 1016 3115 aecole·
1068 3063 1181 3113 verunt.
1197 3059 1322 3113 Nimium
1344 3058 1431 3114 etiam
1458 3058 1623 3127 siccitatem,
1642 3059 1807 3130 prolatoin
1825 3059 1913 3133 publi·

165 3145 366 3200 sioeconlerret
381 3145 459 3218 (ιι).
481 3148 608 3219 Antiqua
622 3149 728 3220 quippe
750 3151 812 3204 loca
827 3149 863 3204 ab
886 3153 1015 3205 auteces·
1069 3163 1134 3203 cum
1151 3148 1204 3203 boc
1223 3147 1361 3218 singulari
1374 3148 1465 3218 ligno,
1481 3164 1531 3202 ceu
1542 3147 1644 3218 pluviis
1658 3147 1852 3219 imperantes,
1873 3164 1913 3204 ra·

166 3232 279 3288 sonibus
294 3234 354 3288 suis
367 3249 504 3305 possessa,
522 3252 587 3307 quae
607 3237 655 3291 ille
670 3237 778 3293 inculta
804 3239 924 3309 reperit,
943 3242 1015 3310 opti·
1069 3235 1207 3306 polimus,
1222 3237 1369 3307 multaque
1380 3236 1484 3290 virtute
1494 3236 1579 3306 hujus
1595 3235 1772 3292 sanctissimi
1782 3235 1914 3309 triumphi

166 3320 872 3398 misaedihciiscollustravit,intorquesquaedam
903 3326 1015 3397 elegan-
1068 3323 1144 3380 liunt
1171 3325 1328 3380 cottidiana
1357 3324 1487 3380 remedia
1520 3325 1589 3380 dum
1631 3325 1760 3397 quisque
1798 3341 1912 3383 antemna

165 3409 233 3465 tiori
248 3414 373 3465 scemate
388 3411 453 3465 albo
467 3427 500 3466 ac
512 3413 600 3466 rubro
617 3412 710 3484 lapide
723 3414 933 3479 intermiscens,
951 3431 1014 3470 mu·
1068 3411 1290 3485 ibiprostratus,
1307 3418 1443 3484 prompta
1457 3413 1577 3485 percipit
1589 3413 1704 3469 solatia.

167 3499 227 3553 sira
250 3499 364 3570 pictura
390 3498 469 3553 varia
509 3501 739 3571 pulcherrimum
768 3519 841 3574 opus
878 3503 1013 3560 reddidit.
1105 3503 1147 3557 ιθ.
1164 3503 1261 3573 ipsum
1278 3517 1343 3556 vero
1359 3502 1495 3557 sacellum
1515 3507 1619 3557 sanciae
1637 3502 1744 3572 crucis,
1767 3502 1847 3559 sario
1869 3501 1909 3559 de·

167 3587 355 3655 Quiddicam,
369 3603 427 3658 quo
442 3589 538 3644 studio
554 3590 598 3644 vel
625 3591 733 3646 ambitu
761 3595 893 3646 sanctum
918 3591 1014 3647 locum
1068 3606 1134 3645 cora
1159 3590 1327 3662 perlectum,
1351 3589 1493 3645 dedicavit
1510 3606 1538 3645 ιν
1556 3590 1620 3645 idus
1633 3588 1827 3660 Septembris,
1844 3605 1910 3647 mnu

167 3683 297 3732 nostrum
324 3677 368 3732 rel
405 3676 593 3748 principalem
625 3679 781 3734 aecclesiam
808 3678 1013 3746 nobilitaverit,
1069 3677 1276 3733 incarnationis
1290 3677 1444 3734 Dominicae
1460 3680 1522 3745 996,
1538 3677 1697 3732 indictione
1710 3680 1739 3745 9,
1756 3679 1841 3751 regni
1853 3693 1910 3734 vero

166 3779 231 3819 cum
247 3780 277 3820 se
293 3765 427 3836 ipsomet
449 3769 628 3836 cunctaquae
649 3766 754 3821 habere
773 3766 869 3838 potuit
893 3766 923 3822 ιιι
951 3768 1014 3837 eius
1069 3765 1267 3837 gloriosissimi
1300 3766 1381 3821 tercii
1404 3765 1516 3822 0ttonis
1538 3766 1724 3837 imperatoris
1751 3770 1796 3836 ra,
1809 3765 1910 3838 impedi

165 3853 407 3925 usumimpertiri
422 3856 570 3912 maluerit.
588 3855 818 3927 Testanturcjus
836 3871 924 3926 opera
947 3856 1013 3927 (33),
1067 3854 1174 3925 primo,
1199 3853 1388 3911 ordinationis
1411 3861 1508 3909 autem
1527 3870 1585 3909 sure
1604 3857 1731 3925 quario;
1769 3856 1908 3926 locumque
1940 3918 1944 3924 ,

165 3957 231 4012 quae
246 3942 344 3997 loturo
359 3957 420 3996 aevo
434 3941 515 4012 pium
529 3942 605 3997 illius
619 3942 710 3997 animi
724 3946 822 3997 volum
837 3943 943 4014 apertis
968 3946 1013 3999 io·
1067 3942 1214 4013 quondam
1225 3942 1319 3997 dumis
1334 3943 1505 4013 etvapribus
1518 3942 1681 4008 horridum,
1697 3943 1805 4000 vicinis
1820 3941 1906 3999 incolis

164 4035 269 4085 cuntur
283 4029 333 4091 (341
350 4029 471 4084 indiciis.
494 4029 646 4084 Ecclesiam
668 4045 793 4100 namque
809 4030 883 4084 miro
918 4033 1012 4088 studio
1066 4030 1207 4102 —gloria
1234 4031 1298 4097 tibi,
1328 4030 1453 4088 Christel
1482 4047 1563 4085 -ex
1586 4030 1643 4085 tuis
1664 4031 1742 4086 datis
1772 4030 1904 4105 baptismi,

165 4116 300 4171 decorare
314 4115 449 4171 ardenter
467 4116 601 4171 instabat.
618 4117 698 4171 Unde
712 4116 855 4188 exquisita
871 4133 903 4172 ac
919 4120 1012 4176 lucida
1067 4119 1232 4190 sepulturae,
1244 4120 1386 4175 unedonis
1401 4120 1468 4175 lecit
1481 4126 1621 4175 aeternum
1635 4119 1788 4177 solatium.

162 4203 306 4273 picturam
321 4208 381 4256 tam
404 4204 529 4273 parietes
556 4219 644 4274 quam
672 4204 818 4275 laquearia
844 4206 1009 4275 exornabat,
1026 4246 1048 4302 D
1104 4211 1147 4262 ll.
1164 4209 1218 4262 Pro
1233 4208 1340 4262 talibus
1355 4208 1446 4277 igitur
1459 4208 1579 4280 aliisque
1595 4207 1651 4280 pie
1666 4208 1832 4265 devotionis
1844 4205 1901 4264 acti·

164 4295 196 4344 ιιι
210 4306 242 4344 ex
257 4291 462 4345 veterinorum
479 4296 603 4363 putares.
623 4292 701 4346 Fecit
716 4296 745 4346 et
758 4292 794 4348 ιιι
819 4295 1009 4366 sollempnem
1065 4294 1129 4362 bus,
1155 4296 1258 4367 quibos
1283 4295 1317 4350 ad
1333 4297 1465 4352 eecclesiae
1480 4298 1631 4352 utilitatem
1647 4296 1729 4352 omni
1745 4298 1811 4353 niso
1832 4310 1901 4353 men·

163 4378 374 4447 processionem
390 4376 420 4433 in
437 4378 590 4449 praecipuis
604 4378 683 4433 iestis
705 4380 856 4451 evangelia
882 4398 952 4436 atrro
982 4387 1011 4436 et
1062 4383 1100 4438 tis
1122 4387 1150 4438 at
1177 4384 1305 4456 corporis
1329 4385 1493 4453 insudabat,
1516 4390 1574 4440 tum
1599 4385 1660 4454 ileo,
1684 4386 1767 4442 cordi
1792 4385 1901 4442 interint

162 4465 286 4536 gemmis
301 4466 469 4536 clarissima,
486 4467 713 4523 thimiamateria
740 4484 856 4541 quoque
871 4469 959 4540 precii
981 4474 1010 4524 ct
1062 4472 1239 4544 presidenti,
1255 4489 1341 4545 quam
1355 4474 1491 4529 acclesiae
1510 4473 1605 4544 operis
1624 4473 1762 4530 allectum
1790 4473 1901 4531 extenm

162 4555 297 4625 ponderis
316 4555 471 4626 magnifici,
505 4556 608 4611 calices
622 4556 828 4612 nichilominus
853 4558 960 4629 plures,
981 4561 1010 4614 et
1063 4562 1244 4632 approbanti,
1271 4561 1360 4617 lclicis
1396 4563 1543 4617 memoria.
1570 4562 1673 4633 praesul
1696 4562 1900 4635 acceptissimus

161 4657 250 4697 unum
266 4658 300 4697 cx
315 4642 461 4710 onichino,
478 4645 602 4699 alterum
622 4661 688 4699 varo
715 4643 904 4699 cristallinum
935 4647 1008 4701 mira
1062 4655 1184 4719 erat3et
1209 4650 1274 4705 ideo
1295 4667 1473 4723 consequens
1504 4651 1569 4713 luit,
1599 4655 1631 4705 ιιι
1658 4651 1703 4705 vir
1726 4653 1840 4720 beatus,
1853 4649 1899 4713 eui·

160 4730 488 4802 industriacumposuit.
505 4732 604 4787 Adhuc
631 4737 728 4787 autem
757 4748 848 4787 unum
875 4748 1005 4789 aureum.
1062 4734 1184 4790 sicntde
1200 4736 1358 4790 sanctolob
1374 4736 1559 4807 legitur(.10b
1575 4753 1593 4800 r,
1619 4736 1657 4808 8),
1674 4740 1746 4792 tunc
1775 4735 1900 4810 temporit

160 4819 303 4875 valentem
316 4819 404 4874 libras
427 4819 529 4892 viginti
551 4819 659 4892 publici
680 4819 825 4891 ponderis,
840 4836 874 4874 ex
889 4821 1007 4890 purissi·
1061 4821 1091 4875 in
1111 4828 1187 4877 terra
1200 4822 1302 4877 similis
1323 4840 1381 4879 non
1409 4824 1496 4880 luisse
1525 4829 1651 4897 putatur,
1682 4823 1900 4899 pertemptatis-

159 4907 438 4963 moauroinusum
457 4908 761 4965 ministeriiconilarii.
783 4910 1008 4981 Coronamquo·
1062 4909 1107 4963 nis
1127 4910 1320 4977 incommoda,
1351 4912 1424 4967 sicui
1448 4913 1571 4969 aliarum
1594 4912 1737 4968 virtutum
1762 4915 1804 4971 ita
1825 4913 1901 4970 edan

139 5001 487 5067 queargenloaurcque
516 4996 678 5053 radiantem
696 4997 776 5051 miras
801 4997 1007 5068 magnitudinis
1060 4998 1435 5072 hnmilitatisetpatienliae
1461 5003 1615 5073 praeconio,
1641 5001 1785 5060 mirabilis
1803 5001 1901 5059 crunctis

158 5085 189 5139 in
203 5084 273 5140 lucie
288 5087 388 5157 templi
403 5084 563 5155 suspendit,
578 5090 607 5139 et
630 5086 836 5159 aliaperplura
861 5102 939 5159 quaa,
958 5087 1267 5221 sqq-OTAEstanderetur.
1296 5092 1379 5145 Anno
1407 5090 1504 5162 itaqua
1528 5090 1720 5148 ordinationis
1749 5109 1811 5150 sitae
1831 5099 1901 5148 oeta·

192 5244 263 5314 ΒΥ)
276 5245 315 5298 Gi.
333 5242 494 5298 Bernwardi
522 5241 650 5297 chartam
672 5243 834 5300 donationis
857 5260 909 5316 pro
936 5260 999 5301 nro·
1055 5244 1234 5304 adversatur.
1254 5249 1293 5302 De
1306 5248 1371 5303 aliis
1384 5249 1540 5319 deperditis
1555 5268 1581 5305 r.
1608 5250 1693 5304 licata
1707 5250 1726 5306 l.
1744 5267 1782 5319 c.,
1808 5268 1838 5323 p.
1864 5251 1899 5306 ιι.

157 5316 280 5367 nasteriu
295 5315 322 5367 S.
341 5314 484 5369 Michaelis
494 5314 611 5369 editam.
1092 5317 1148 5382 (34)
1164 5317 1193 5371 ld
1207 5324 1249 5373 est
1257 5318 1424 5390 loquuntur.

192 5383 247 5454 (³3)
271 5384 432 5455 Supersunt
459 5401 526 5439 crux
549 5400 647 5450 aurea,
675 5385 919 5456 accingentes,
945 5386 1001 5441 duo
1092 5388 1148 5456 (³5)
1163 5389 1237 5443 Crux
1251 5389 1444 5446 istahodiein
1468 5390 1585 5446 ecclesia
1597 5390 1625 5445 S.
1650 5389 1831 5462 llagdalenae
1857 5391 1901 5446 ad·

155 5454 481 5509 candelabrcecolomna
506 5471 590 5522 verca,
606 5455 738 5510 atvalvoe
765 5472 847 5511 areae
875 5458 1001 5512 ecclesias
1055 5466 1194 5513 serretur.

155 5523 339 5579 cathedralis.
356 5525 429 5578 Crux
442 5525 499 5579 alia
523 5525 683 5598 lleiuingn,
706 5531 811 5597 platena
824 5527 1000 5582 hannoverae
