3878 6112
876 285 982 342 'idib

459 549 523 621 ΑΙ)
564 546 853 633 SEOUENTEM
892 548 1043 621 VlTAM
1081 546 1410 625 PBAEMONlTlO.

90 699 176 764 Quod
187 702 247 767 jam
260 715 315 754 non
341 701 422 754 semet
436 702 466 753 in
492 701 687 755 commentario
701 700 870 757 obseruatum
895 705 945 767 est,
963 701 995 755 id
1013 701 1057 755 bie
1078 701 1164 756 denuo
1182 702 1308 756 tectorum
1322 703 1406 756 oeulis
1430 703 1640 772 subjiciendum.
1671 705 1806 775 omisca,

51 786 108 822 aon
136 772 226 823 Vitam
240 771 275 823 ab
289 785 422 838 anonymo
440 773 482 824 bic
501 770 574 837 dari,
591 786 638 824 sert
652 772 809 825 historicam
823 771 850 826 S.
878 771 990 825 ilenrioi
1007 777 1140 836 pestorum
1161 774 1356 838 narrationum,
1372 773 1423 828 sed
1441 790 1543 829 meram
1557 792 1648 830 rmum
1667 779 1810 833 uariarum

55 841 96 894 ad
112 842 174 908 eius
199 843 371 896 sanctitatem
390 846 416 895 et
431 844 460 895 iu
478 842 601 896 euterius
615 843 826 910 munificentiam
849 845 1029 910 spectantium
1055 843 1269 911 compilationem
1305 859 1386 913 quam
1405 860 1505 914 parum
1528 846 1674 902 admodum
1697 849 1808 903 ordina·

56 918 117 965 tans
134 912 225 965 dicere
245 914 341 965 morito
352 912 452 979 possis,
466 927 526 965 cum
546 915 626 966 varia
642 914 707 967 tacis
721 926 774 965 non
795 915 853 967 sais
868 912 1006 978 corrodat,
1032 914 1232 982 immiscentque
1261 884 1422 982 riiptomato,
1444 914 1494 969 diu
1508 922 1570 986 post
1590 917 1685 973 Sancti
1708 918 1811 973 obitum

56 997 76 1034 a
101 982 280 1050 Pontificibus
301 982 432 1039 Glemarte
455 984 481 1036 ll
512 997 545 1037 aa
568 983 654 1037 Leone
692 983 730 1037 ii
752 988 778 1037 et
805 982 840 1036 ab
867 982 988 1037 Hcmrioo
1016 983 1056 1037 lll
1077 983 1181 1039 Caesare
1205 983 1447 1052 Bamberpensibus
1479 1001 1611 1053 concessa,
1647 1003 1707 1056 qua
1735 989 1811 1058 opud

59 1053 220 1107 drasconem
234 1055 327 1122 capita
351 1053 392 1114 ts,
411 1056 454 1117 tr,
481 1054 514 1106 ts
528 1057 554 1106 et
575 1055 607 1107 ts
627 1057 803 1122 occupante
824 1053 986 1118 nobisoero,
1001 1057 1133 1122 utsupra
1147 1056 1230 1107 etiam
1256 1057 1418 1123 monuimus,
1442 1057 1472 1110 in
1496 1057 1681 1126 appendicem
1709 1060 1810 1129 rejecta

56 1129 137 1188 sant,
158 1128 250 1193 utpote
260 1138 351 1176 rarum
366 1125 588 1192 ᾳιεεὶεηιειεερεε
606 1126 703 1178 seriem
721 1125 871 1178 turbantia.
899 1125 953 1181 Neo
978 1125 1071 1178 minus
1094 1125 1184 1192 inepte
1204 1124 1339 1192 capitibus
1353 1126 1388 1179 ti
1402 1130 1428 1180 et
1450 1129 1485 1181 25
1504 1130 1617 1182 intrusa
1638 1133 1702 1183 sunt
1727 1131 1812 1185 iisne-

55 1194 129 1247 dicti
156 1195 189 1249 Ρ.
218 1195 279 1249 Vlll
305 1194 412 1256 littera,
439 1199 496 1248 tum
519 1194 556 1248 ad
580 1194 709 1249 Sanotm
728 1194 761 1248 de
781 1197 951 1264 episcopatus
978 1195 1189 1262 confirmatione,
1221 1199 1278 1248 tum
1305 1195 1343 1249 od
1370 1197 1550 1252 liberordum,
1583 1201 1703 1267 primum
1730 1202 1811 1256 istius

56 1265 177 1318 &etesia
199 1265 360 1329 antistitem,
385 1280 500 1333 orimum
522 1265 617 1318 saltem
637 1267 744 1334 priam
769 1269 800 1319 ut
820 1266 963 1319 minimum
986 1269 1048 1334 post
1065 1270 1148 1334 eaput
1172 1266 1204 1319 ts
1231 1264 1376 1319 collocatas
1399 1271 1526 1336 oportuit.
1553 1270 1593 1324 Ne
1622 1271 1709 1335 ipitur
1727 1275 1753 1324 et
1780 1287 1811 1326 ea

58 1337 246 1460 iratragceeata
260 1336 382 1388 tectorem
395 1338 530 1389 remorari
543 1337 658 1404 possint,
673 1337 736 1405 ipso
750 1337 840 1404 primo
854 1335 908 1390 loco
925 1338 955 1390 in
969 1335 1043 1389 dicta
1061 1334 1210 1405 appendice
1229 1337 1386 1404 relucemus,
1401 1344 1497 1391 caetero
1514 1353 1576 1392 vero
1590 1340 1695 1394 intacta
1719 1341 1812 1395 trade·
1861 1355 1867 1364 ·

56 1419 130 1459 arus.
182 1407 392 1474 auctoritamus

520 1671 591 1795 S.
657 1672 1062 1796 HENRICI
1124 1673 1351 1796 VITA

757 1855 919 1911 AUCTORE
943 1855 1114 1911 ANONYMO

451 1977 535 2032 Edita
559 1979 589 2031 in
616 1979 712 2039 Surio,
740 1992 774 2031 ea
799 1975 892 2032 iacobi
919 1975 1039 2031 (inessent
1066 1976 1141 2030 Divis
1170 1978 1421 2032 Blunceocnscnas.

347 2198 461 2254 CAPUT
477 2198 625 2254 cainan.

64 2307 214 2364 Silenriei
238 2307 268 2360 iu
292 2307 440 2376 imperium
461 2307 603 2369 successio,
628 2305 796 2375 Wotffponpi
822 2319 909 2373 appo·

95 2381 173 2443 ritio,
190 2379 269 2431 muni
281 2379 389 2446 psentia
406 2379 435 2431 in
460 2376 596 2442 ombrios,
611 2377 726 2430 victoria
740 2375 774 2429 de
792 2375 908 2441 Satoris,

925 2198 948 2251 A
967 2197 1049 2252 lare:
1079 2197 1194 2252 Intuere
1213 2197 1367 2267 diligenter
1385 2199 1494 2255 litteras
1513 2200 1544 2255 in
1572 2217 1666 2267 muro,
1692 2204 1743 2275 qni
1769 2206 1812 2259 est

964 2285 1046 2356 juxte
1071 2285 1217 2340 tumulum
1251 2303 1359 2355 meum,
1387 2288 1516 2359 scriptas.
1545 2290 1612 2344 Erat
1635 2295 1731 2346 autem
1759 2291 1811 2359 ibi,

965 2373 1037 2426 sicut
1061 2372 1224 2441 videbatur,
1253 2375 1394 2445 scriptum
1418 2376 1620 2433 solummodo:
1661 2380 1727 2433 Post
1750 2393 1811 2434 sex.

96 2455 123 2503 et
134 2451 304 2503 restauratio
317 2450 488 2518 episcopatus
499 2447 737 2514 ilmseburomsis.

10 2578 12 2603 :
100 2555 221 2608 tinne
236 2553 272 2607 ab
287 2551 485 2607 incarnatione
502 2551 618 2607 Domini
636 2550 789 2605 millesimo
815 2550 909 2622 primo

10 2636 20 2709 ἰ
68 2641 118 2712 (ii)
126 2642 163 2697 eb
176 2640 253 2697 Urbe
264 2646 361 2696 autem
369 2640 484 2697 condita
495 2640 647 2695 millesimo
655 2639 909 2710 septingentesimo

15 2742 23 2801 '.
68 2729 307 2801 quinquagesimo
324 2729 469 2784 secundo:
492 2729 596 2785 Ottone
624 2744 714 2800 puero
738 2730 836 2783 Rome
864 2727 909 2782 de·

10 2804 22 2819 ”
68 2816 169 2887 luneio,
190 2821 307 2873 recente
320 2816 402 2888 regni
417 2816 500 2885 solio,
517 2832 582 2871 oum
596 2814 631 2871 de
650 2816 782 2887 principe
808 2814 909 2870 subro-

69 2906 157 2976 gando
173 2910 325 2977 ageraton
342 2905 473 2960 omnium
493 2909 566 2969 vote,
586 2908 661 2958 nutu
672 2903 781 2971 divino,
794 2903 828 2958 ed
844 2919 910 2957 eum

10 2990 17 2999 '
68 2994 252 3061 inclinantur,
266 2993 317 3065 qui
330 2998 400 3048 tunc
410 2993 440 3048 in
454 3008 545 3064 regno
560 2992 719 3047 habebatur
732 2991 909 3063 potissimus.

13 3080 28 3145 “;
69 3082 264 3153 initnemque
279 3096 332 3151 per
344 3080 420 3135 idem
432 3086 546 3150 tempus
565 3081 625 3134 ltux
642 3079 826 3134 bavariorum
843 3081 912 3135 Hen-

22 3186 25 3191 ·
68 3169 147 3235 nens,
161 3174 224 3223 mm
235 3167 362 3224 bonitate
376 3184 463 3240 quem
475 3167 622 3222 nobilitate
635 3167 714 3237 regie
726 3167 910 3237 conspicuus,

68 3257 243 3312 anniversa
268 3272 381 3312 morum
401 3256 552 3312 honestate
579 3256 744 3326 praeclaras.
774 3256 824 3310 liic
851 3255 912 3310 ini-

966 2461 1109 2531 Evigilans
1132 2477 1199 2516 vero
1226 2463 1286 2517 ilex
1315 2464 1453 2519 ilenricus
1480 2466 1651 2521 tractatione
1675 2467 1812 2522 diciturne

965 2565 1062 2605 secum
1091 2551 1222 2618 revolvit,
1248 2551 1422 2621 paucissima
1450 2552 1537 2625 hujus
1559 2554 1679 2609 visionis
1695 2555 1810 2627 scripta,

965 2637 1100 2708 Inprimis
1123 2653 1193 2709 ergo
1215 2639 1381 2708 arbitratos,
1396 2641 1473 2711 qnod
1496 2645 1561 2712 post
1588 2658 1636 2697 sex
1657 2643 1718 2698 dies
1737 2646 1813 2698 esset

965 2725 1133 2790 moriturus,
1150 2726 1240 2781 multe
1256 2727 1403 2798 dispensat
1418 2720 1605 2801 pauperibus.
1622 2731 1693 2787 Cum
1715 2735 1813 2787 eutem

965 2828 1014 2868 εει
1027 2813 1141 2869 dierum
1156 2830 1295 2870 numerus
1307 2816 1469 2888 praeteriret
1481 2822 1510 2872 et
1523 2817 1594 2872 nibil
1610 2819 1641 2873 in
1669 2834 1699 2873 se
1711 2834 1813 2891 corpo·

965 2901 1018 2956 reli
1036 2901 1175 2957 molestiae
1190 2903 1317 2972 sentiret,
1333 2905 1444 2977 putavit
1471 2905 1506 2960 ad
1519 2921 1568 2961 sex
1591 2922 1702 2962 menses
1724 2909 1814 2979 perti·

965 3006 1045 3045 nere.
1057 2991 1211 3045 Transacto
1226 3006 1294 3045 vero
1309 2993 1394 3064 bajus
1409 2993 1523 3048 numeri
1550 2993 1655 3065 spatia,
1681 2994 1812 3067 nihilque

965 3077 996 3133 in
1011 3094 1040 3132 se
1055 3078 1231 3134 infirmitatis
1254 3096 1364 3151 passus,
1389 3081 1543 3136 arbitratus
1557 3081 1634 3137 bunc
1657 3097 1812 3137 numerum

966 3167 1002 3222 ad
1018 3183 1066 3222 εει
1088 3183 1179 3222 annos
1188 3168 1333 3239 pertinere
1348 3168 1491 3242 :ideoque
1501 3174 1530 3224 et
1539 3187 1605 3242 qrtae
1617 3187 1715 3243 supra,
1727 3172 1813 3243 eoepit

967 3256 1078 3311 timere.
1095 3256 1223 3327 Cumque
1240 3272 1287 3311 εει
1301 3273 1442 3312 annorum
1463 3273 1600 3313 numerus
1615 3258 1729 3329 integer
1746 3275 1812 3331 per·

67 3346 134 3400 tium
165 3346 318 3417 sapientie
346 3344 482 3400 timorem
511 3344 625 3400 Domini
652 3343 776 3415 pleniter
798 3349 912 3398 secatus
965 3344 1124 3411 transisset,
1148 3351 1177 3398 et
1205 3344 1321 3415 septimi
1340 3345 1409 3400 anni
1430 3346 1489 3400 dies
1513 3346 1660 3402 revolutus
1678 3347 1812 3416 venisset,

68 3439 128 3488 est:
151 3434 280 3506 quierat
303 3434 384 3489 omni
401 3434 561 3488 litterarum
591 3433 687 3488 stadio
716 3433 912 3505 principaliter
966 3433 1029 3504 ipso
1045 3432 1091 3488 die
1104 3433 1223 3489 Οεεεειίε
1236 3432 1406 3504 dignitatem
1420 3450 1473 3505 per
1501 3435 1694 3506 apostolicam
1718 3451 1812 3491 susce-

68 3523 294 3589 imbetns,tntus
315 3520 757 3577 senetideetectucatholicus.
775 3522 825 3575 llic
842 3536 911 3592 ergo
966 3521 1006 3593 pit
1048 3521 1286 3576 obsecrationem.
1309 3522 1388 3576 Tunc
1416 3522 1533 3577 tandem
1571 3523 1697 3577 sentiens
1720 3523 1814 3595 qualis

10 3608 12 3613 ’
68 3609 328 3683 ebomnibusperi
343 3614 408 3665 voto
424 3611 480 3681 (to)
495 3615 525 3664 et
539 3610 686 3665 commoni
709 3625 849 3664 consensu
865 3626 910 3664 es·
965 3614 1040 3664 esset
1058 3625 1109 3662 sua
1136 3608 1220 3676 visio,
1245 3608 1351 3679 gratias
1374 3608 1433 3681 egit
1461 3610 1519 3665 lieo
1544 3616 1699 3683 sanataque
1717 3611 1813 3666 Woltl·

67 3698 195 3765 meur,
224 3697 320 3753 divina
343 3698 444 3770 ntique
478 3698 649 3768 disponente
677 3697 852 3752 clementie:
879 3701 911 3751 ut
965 3713 1070 3770 gango,
1087 3696 1446 3769 quisibitalemrevelere
1467 3699 1659 3770 dignatusest
1683 3699 1813 3755 sublimi·

69 3802 117 3856 per
128 3787 300 3858 temporalis
319 3787 403 3858 regni
423 3786 581 3857 lastigium,
596 3785 633 3841 ed
661 3786 775 3840 culmen
791 3786 911 3841 celestis
966 3791 1065 3841 tatem.

71 3876 146 3947 regni
163 3874 351 3947 pertingeret.
367 3876 492 3930 Terrena
507 3875 584 3929 enim
605 3874 682 3929 bone
705 3874 813 3943 omnia,
838 3875 912 3928 sicut
1003 3877 1028 3929 3.
1046 3875 1152 3929 linctus
1168 3873 1259 3943 igitur
1271 3873 1299 3927 in
1317 3889 1414 3945 regem
1430 3872 1613 3930 beatissimus
1640 3874 1692 3930 liei
1717 3874 1814 3930 iema-

10 3984 12 3991 ·
70 3977 119 4016 osa
137 3963 216 4017 melo
231 3963 340 4017 eliose
368 3963 458 4017 solerte
482 3963 673 4035 prepediant,
701 3962 743 4018 ite
760 3963 832 4018 aiios
858 3978 911 4017 usu
966 3963 1021 4029 las,
1035 3960 1206 4032 temporalia
1229 3962 1383 4032 regninon
1408 3966 1557 4017 contentus
1579 3962 1729 4033 angustiis,
1760 3978 1813 4035 pro

70 4051 326 4106 borroedsaIntem
342 4056 521 4122 promovent.
966 4049 1150 4120 adipiscenda
1178 4050 1405 4105 immortalitatis
1442 4067 1558 4118 corona,
1587 4066 1702 4106 summo
1741 4050 1815 4122 Regi

102 4138 342 4194 staineinaim
377 4139 495 4194 Coeseris
513 4139 558 4193 rel
579 4138 761 4212 imperatoris
787 4138 911 4211 dignita·
968 4139 1022 4211 (oui
1049 4139 1155 4193 sarcire
1179 4154 1300 4210 regnare
1331 4139 1382 4211 est)
1408 4139 1531 4195 militaro
1559 4139 1709 4211 disposuit,
1734 4155 1813 4196 sum-

69 4229 124 4281 tem
153 4226 297 4282 obtinenti
322 4225 641 4300 apparuit'llatisbonae
667 4227 861 4299 Wolffgangus
881 4227 912 4283 in
967 4243 1043 4283 mem
1060 4226 1341 4299 etiamdiligentiem
1362 4227 1610 4298 inamplilicendo
1639 4228 1715 4282 cultu
1746 4228 1815 4283 reli·

69 4316 178 4370 somnis
192 4315 361 4370 risionetali
376 4315 440 4386 til).
459 4314 557 4369 Visum
572 4330 696 4386 nemque
712 4320 755 4369 est
773 4314 811 4384 ei,
835 4315 913 4386 quod
967 4316 1062 4388 glanis
1075 4314 1230 4371 adhibuit:
1251 4317 1385 4371 ecclesias
1409 4315 1500 4372 ditare
1515 4315 1755 4386 possessionibus,
1786 4320 1815 4370 et

69 4418 188 4458 manem
205 4404 238 4458 in
265 4403 355 4458 musti
379 4402 583 4459 limmerammi
611 4403 740 4473 emlesia,
766 4403 914 4461 accederet
967 4403 1116 4459 immensis
1158 4403 1308 4458 ornatibus
1341 4419 1447 4475 eogere
1483 4403 1577 4474 coepit.
1609 4402 1697 4459 Sedes
1718 4407 1814 4458 entem

69 4491 170 4548 smodi
208 4491 301 4563 gmtie
345 4491 381 4546 ed
422 4491 499 4548 beati
536 4491 708 4563 Wolligangi
739 4492 911 4564 sepulcrum,
968 4492 1155 4564 episcopales,
1184 4489 1380 4546 llildcnsbeim
1398 4490 1490 4560 (tibia
1512 4507 1604 4561 puero
1632 4492 1758 4546 nutritus
1786 4498 1816 4547 et

68 4581 97 4636 io
128 4579 233 4636 ειάειιι
259 4580 513 4635 catenesiam:
554 4596 679 4652 eumque
718 4579 824 4636 ibidem
867 4580 914 4635 do-
968 4582 1078 4636 litteras
1090 4581 1206 4635 edoctos
1220 4580 1295 4648 istit),
1327 4580 1492 4650 lladebnrg,
1512 4581 1711 4653 Argentinnm,
1734 4582 1816 4639 ilisa·

67 4670 179 4725 minum
227 4674 414 4741 sanctumque
455 4668 628 4741 Wolligengi
668 4668 800 4741 precibus
846 4668 913 4723 inti·
969 4686 1036 4725 nam
1065 4673 1094 4723 et
1134 4668 1314 4724 llerseburch
1346 4669 1421 4739 (quun
1448 4667 1598 4723 barbarice
1637 4670 1816 4725 immanitate

68 4758 121 4814 mis
151 4762 308 4812 conentur
331 4773 460 4824 exorem,
481 4757 576 4812 subito
605 4756 757 4813 videbatur
783 4756 810 4811 ei
852 4756 913 4828 ipso
930 4770 951 4826 c
969 4755 1463 4826 adjacentiumSclaroramrastatoe
1483 4756 1608 4822 inerant(
1622 4759 1681 4827 (ta)
1707 4760 1815 4812 restau-

67 4847 187 4902 Senetos
201 4844 315 4902 adstare
330 4851 359 4900 et
384 4845 551 4917 hujusmodi
575 4845 671 4900 verbis
698 4845 792 4917 ipsum
816 4845 915 4917 appel·
970 4845 1052 4901 rarii.
1071 4847 1175 4901 littam
1199 4844 1300 4916 ipsius,
1327 4860 1414 4916 quem
1438 4844 1500 4899 aliis
1524 4845 1736 4917 episcopatibus
1766 4859 1818 4915 per

87 5001 915 5085 ,liinrratiaprincipimutsupresetisnotatumest,
971 5017 1040 5082 gum
1064 5001 1091 5055 S.
1132 4999 1248 5084 lieni-ici·
1273 5000 1466 5054 institutorem
1498 5001 1595 5067 luisse,
1635 5003 1734 5053 auctor
1776 5003 1819 5054 est

70 5074 225 5145 memque
247 5074 339 5129 errori
368 5080 483 5140 ineant,
522 5073 592 5128 dum
619 5072 739 5128 intercus
762 5087 843 5139 num,
873 5073 915 5141 tn,
971 5073 1138 5127 ltrtmaros:
1164 5073 1260 5129 Nutrrt
1292 5073 1454 5140 praclarum
1491 5070 1680 5140 Wolffpanaus
1716 5070 1819 5139 matut

70 5143 352 5271 gogfflgsmum
371 5159 409 5199 vn
425 5144 569 5200 moneatis
597 5159 663 5199 cum
690 5145 768 5200 ¹007.
798 5159 828 5198 ιιι
854 5142 916 5198 llal.
971 5141 1332 5267 fflpssffifflaeplclfflllelique
1358 5141 1414 5196 hoc
1433 5141 1590 5212 spectantia
1616 5140 1645 5193 in
1666 5141 1818 5195 Commen-

104 5286 160 5355 (so)
184 5285 277 5351 ocem
291 5283 400 5340 luserint
427 5284 520 5356 petria
534 5288 601 5340 vote
619 5283 783 5356 Principum
803 5283 919 5356 imperii
1008 5282 1065 5353 (it)
1082 5283 1147 5337 lloec
1166 5282 1305 5364 explicata
1324 5282 1484 5363 oportebat,
1500 5280 1525 5335 si
1539 5279 1609 5352 quid
1620 5280 1715 5337 dicere
1729 5280 1822 5336 noluit
1926 5275 1938 5297 '

73 5358 176 5410 melias
190 5355 467 5412 docettldelboldus.
973 5353 1107 5407 confusus
1131 5359 1263 5424 scriptor,
1291 5350 1651 5407 omittensPaderbornem
1673 5351 1704 5407 in
1733 5367 1820 5424 quem

108 5429 130 5495 (i
139 5428 164 5497 t)
178 5427 245 5483 nac
258 5431 375 5498 eccepta
388 5432 454 5481 sant
467 5443 500 5482 ει
517 5427 579 5481 Vite
594 5424 622 5481 S.
647 5424 818 5516 wolliganpi
843 5424 919 5496 apud
974 5422 1119 5495 precipua
1130 5422 1253 5479 contulit
1266 5423 1395 5478 Sanctus.

10 5578 14 5591 Ι
75 5497 190 5553 Surium
216 5499 246 5553 il
265 5497 394 5554 Octobris
419 5498 564 5554 numdi.
600 5497 685 5551 Porro
709 5495 736 5553 S.
767 5495 920 5566 bolligan-
