3878 6112
88 286 144 340 22⁹
717 283 832 341 LEGES
851 284 897 341 Er
914 281 1223 341 cousrlrurlortns.
1792 285 1846 342 2³0

87 405 245 460 anteritate
260 403 373 459 vivente
388 404 513 459 Ecclesia
528 420 580 476 per
605 403 657 459 Dei
675 405 797 477 gratiam
822 405 978 472 victura,A
998 402 1122 474 dicandi,
1139 404 1219 459 nulla
1242 403 1282 459 ita
1310 404 1367 459 erit
1394 419 1460 475 spes
1479 405 1636 461 remeandi.
1653 406 1753 479 lleqne
1767 408 1846 463 enim

87 510 157 550 cnm
180 493 360 549 senatoribus
377 498 474 560 terrm,
500 509 566 548 cum
591 492 756 548 domesticis
786 494 898 565 palatii,
914 499 943 548 el
995 493 1113 560 mirum,
1129 492 1381 563 sedjustissimum
1394 492 1543 560 nimirum,
1553 492 1577 546 si
1593 493 1618 548 is
1632 495 1737 550 amisso
1751 495 1846 551 officio

88 583 192 638 amicis
214 581 391 654 reipublice,
402 597 501 637 coram
517 582 575 636 Deo
588 587 616 636 et
641 581 765 637 Ecclesia
779 582 820 637 ita
841 597 942 637 corro-
994 597 1113 653 corpore
1123 581 1262 650 exulabit,
1290 597 1378 653 quem
1400 581 1529 649 ecclesia,
1545 581 1614 653 quie
1626 583 1718 638 Deum
1734 585 1840 650 amisit,

87 671 240 728 boramns.
993 672 1176 725 anathemate
1191 669 1364 726 fulminavit.
1381 671 1484 726 Matres
1508 687 1574 724 vero
1599 687 1701 726 eorum
1731 672 1846 728 liberta-

426 739 611 797 CAPITULA·
994 764 1053 814 tem
1077 758 1219 814 adulterio
1247 759 1411 823 vendentes,
1442 758 1524 829 prius
1551 759 1581 814 in
1605 759 1669 815 iore
1698 761 1845 832 castigatas

129 851 153 902 l.
181 850 215 904 Ut
235 847 327 902 nullus
358 849 389 900 in
411 847 481 901 clero
501 847 637 901 mutarem
667 849 816 914 contineat.
842 847 943 901 Nullus
995 848 1255 918 liantaxemplum,
1271 852 1301 903 et
1323 846 1539 919 posteajudicio
1554 847 1723 903 ecclesiast
1746 852 1846 903 nostro
1927 873 1931 880 ·

87 937 120 992 in
150 935 233 991 omni
259 935 352 1005 gradu
377 934 503 990 ecclesiia
531 949 648 989 uxorem
676 934 721 988 vel
753 935 942 989 concubinam
995 935 1120 990 exulent.
1136 934 1207 999 Ouia
1220 935 1244 990 si
1256 934 1365 991 inerint
1378 935 1409 991 in
1428 935 1542 1003 vicinia,
1555 935 1601 989 vix
1615 941 1667 991 ant
1684 952 1845 1008 numquam

87 1025 198 1081 habere
215 1027 376 1097 praesumat,
393 1039 445 1078 nec
465 1022 495 1078 in
521 1038 579 1077 una
607 1022 693 1077 domo
722 1038 789 1076 cum
818 1021 940 1076 muliere
995 1038 1094 1078 eornm
1110 1022 1366 1079 cessabitmalitia.

88 1113 350 1168 audealhabitare.
380 1111 461 1176 Quod
485 1111 510 1165 si
538 1111 637 1165 iecerit
665 1116 776 1165 servata
789 1111 942 1166 iustiniani
1032 1114 1058 1166 ὅ.
1078 1114 1111 1167 Ut
1134 1113 1333 1167 seroimclesiae
1344 1128 1396 1183 per
1419 1126 1516 1167 manns
1544 1111 1627 1167 liberi
1641 1111 1758 1168 mininis
1772 1110 1846 1167 nibil

87 1201 217 1272 Augusti
228 1200 363 1271 aequitate
377 1198 496 1268 (Novell.
513 1201 574 1265 123,
586 1215 611 1253 c.
642 1199 697 1270 tl),
712 1198 800 1253 curiae
819 1199 944 1254 civitatis
996 1199 1156 1268 adquirant.
1185 1199 1277 1253 Servis
1308 1200 1445 1267 ecclesiae,
1476 1205 1508 1255 nt
1541 1199 1655 1262 nostris,
1689 1200 1842 1272 adquirere

90 1290 226 1344 tradatur
252 1289 334 1358 qu'us
360 1292 403 1342 est
427 1286 556 1341 clericus.
590 1288 658 1342 lore
680 1287 787 1341 etenim
815 1287 944 1342 manebit
997 1287 1064 1341 licet
1077 1288 1165 1357 juste,
1181 1292 1210 1341 et
1228 1286 1326 1350 licuit:
1357 1287 1405 1342 sed
1421 1303 1591 1359 parmenus
1610 1287 1731 1357 alicujus
1756 1287 1846 1342 liberi

90 1377 183 1431 miser
205 1376 235 1430 in
262 1375 351 1442 curia,
378 1391 463 1447 quern
503 1374 630 1430 ecclesiae
657 1375 758 1446 regula
781 1376 943 1446 depositum
997 1375 1165 1445 scriptiones
1179 1375 1252 1429 ullas
1262 1373 1441 1441 contrahere,
1466 1375 1545 1429 nullo
1561 1391 1699 1446 nmquam
1714 1380 1846 1448 tempore

91 1465 180 1536 ejecit
194 1464 231 1519 ab
251 1463 377 1520 ecclesia.
997 1461 1104 1517 licebit.
1125 1462 1206 1527 Quod
1217 1463 1240 1515 si
1252 1462 1363 1528 fecerit,
1379 1463 1620 1533 ecclesisejudicio
1636 1469 1667 1518 ul
1687 1480 1755 1519 suus
1769 1480 1847 1519 coer·

127 1557 157 1608 2.
185 1556 220 1609 Ut
246 1554 337 1608 nullus
362 1553 503 1622 episcopus
523 1552 662 1607 mulierem
689 1551 860 1620 habeatem
885 1568 945 1607 cum
998 1547 1131 1603 cerbitur.
1147 1548 1176 1604 Si
1191 1549 1271 1604 enim
1286 1549 1467 1605 adnostrum
1489 1557 1629 1622 spectaret
1645 1552 1799 1622 judicium,
1817 1557 1848 1607 ut

91 1658 124 1696 ra
157 1643 271 1696 habital.
298 1640 452 1711 Episcopus
475 1656 540 1694 cum
565 1641 798 1712 nullaumquam
822 1641 944 1694 muliere
960 1683 979 1737 Β
997 1637 1134 1707 fugitivus
1144 1638 1334 1693 addiceretur.

90 1731 199 1784 habeat
221 1733 340 1795 tectum,
366 1744 432 1782 curn
461 1728 540 1782 nulla
569 1729 673 1782 habeat
690 1728 805 1783 lectum.
820 1727 901 1792 Quod
919 1729 943 1783 si
1034 1727 1060 1779 6.
1083 1727 1117 1780 Ut
1135 1727 1224 1796 judee
1247 1731 1296 1781 aut
1323 1726 1430 1780 tabellio
1449 1727 1559 1781 chartas
1585 1742 1640 1782 non
1667 1728 1790 1783 scribant
1810 1733 1846 1800 2⁸,

90 1818 204 1884 iecerit,
219 1823 329 1871 servato
351 1816 471 1888 antiquo
484 1821 512 1870 et
526 1817 665 1871 moderno
681 1815 809 1872 ecclesie
819 1817 941 1888 judicio,
998 1828 1066 1883 quas
1078 1815 1150 1868 serni
1164 1815 1280 1869 ccclesiae
1300 1829 1353 1884 pen·
1371 1829 1467 1869 mantus
1491 1815 1571 1870 tiberi
1589 1815 1752 1885 adquirunt.
1768 1818 1847 1873 ludi·

91 1906 265 1978 deponatnr.
296 1903 413 1975 Eritque
456 1908 537 1959 tanto
565 1919 646 1958 casus
680 1904 794 1975 gravior
833 1909 942 1977 quanto
998 1902 1078 1956 cibus
1093 1918 1161 1956 vero
1184 1909 1214 1957 et
1228 1903 1442 1970 tabellionibus,
1460 1920 1586 1976 quorum
1604 1910 1702 1959 nostra
1716 1904 1846 1973 interest,

92 1995 201 2064 gradus
211 1993 306 2049 altior.
998 1991 1022 2044 si
1033 1991 1151 2061 posthac
1161 1993 1232 2045 tales
1247 1991 1369 2047 iecerint
1397 1993 1576 2064 scriptiones,
1593 2009 1712 2048 manum
1742 2009 1848 2063 ampu-

128 2085 156 2136 3.
175 2084 210 2137 Ut
226 2083 282 2154 filii
302 2081 461 2135 clericorum
488 2094 625 2134 servorum
649 2081 773 2146 ccclesia,
802 2085 875 2136 acroi
888 2084 944 2136 sint
997 2081 1092 2132 ternus
1106 2079 1265 2148 dexteram,
1288 2095 1354 2150 quie
1382 2080 1495 2151 scripsit
1508 2087 1608 2137 contra
1632 2081 1791 2137 ecclesiam.
1813 2082 1849 2137 Ul

92 2185 148 2225 sua
175 2171 290 2225 ecclesia
326 2184 387 2223 cum
412 2167 534 2222 omnibus
567 2167 722 2237 adquisitis.
754 2169 819 2223 Filii
847 2174 944 2224 aulem
998 2166 1049 2238 qni
1059 2166 1152 2222 noluit
1167 2167 1279 2239 integer
1296 2183 1397 2224 verum
1412 2168 1538 2238 judicare
1551 2169 1581 2224 in
1596 2170 1715 2240 palatio,
1740 2170 1847 2226 iniero

96 2258 228 2313 omniurn
244 2257 416 2311 clericorum
440 2256 630 2328 omniumque
642 2257 784 2328 graduum
798 2271 944 2311 servornm
998 2270 1128 2322 mancus,
1144 2254 1271 2326 corrigat
1284 2255 1385 2310 etiosa
1401 2255 1561 2311 mendacio.

94 2347 231 2412 ecclesia,
247 2345 280 2400 de
295 2359 477 2416 quacumque
500 2343 632 2409 muliere,
658 2359 840 2415 quocumque
858 2343 943 2398 modo
1033 2349 1060 2398 7.
1080 2345 1113 2399 Ut
1126 2345 1173 2398 ille
1186 2359 1237 2414 per
1261 2359 1339 2413 cujus
1363 2358 1571 2399 monueramus
1604 2345 1719 2399 ecclesia
1735 2345 1846 2399 obortas

94 2434 149 2489 sibi
163 2437 324 2503 conjuncta,
338 2432 445 2487 inerint
460 2431 530 2498 nati,
544 2431 618 2485 servi
633 2447 693 2485 snae
707 2437 793 2486 erunt
807 2431 943 2499 ecclesiae,
998 2434 1102 2500 accepit
1128 2431 1211 2503 finem
1231 2437 1257 2487 et
1275 2434 1447 2488 securitatem
1472 2433 1587 2488 ccclesia
1609 2434 1707 2500 (aciat.
1726 2433 1776 2487 llle
1791 2447 1842 2487 au·

94 2538 160 2576 cum
173 2521 308 2576 omnibus
323 2520 407 2573 bonis
421 2517 567 2589 acquisitis
583 2523 630 2586 ;et
643 2517 711 2589 quia
739 2519 813 2573 servi
838 2523 945 2576 suntet
998 2522 1057 2573 tem
1072 2519 1128 2573 Deo
1144 2524 1172 2573 et
1182 2518 1347 2576 bominibus
1362 2521 1561 2584 exsecrandus,
1581 2537 1634 2592 per
1648 2522 1729 2592 cujus
1742 2537 1845 2576 manus

94 2614 190 2674 erunt,
215 2623 373 2680 numquam
400 2605 574 2662 deservitio
598 2606 723 2660 ecclesiae
752 2606 829 2661 exire
856 2606 944 2661 debe·
998 2606 1138 2662 invalidas
1161 2612 1190 2662 et
1208 2623 1315 2662 nomen
1342 2624 1464 2664 vacuum
1493 2608 1692 2664 fraudulenter
1718 2608 1846 2664 ecclesiia

93 2699 175 2752 bunt.
191 2696 411 2767 Etomniaquae
426 2693 481 2765 ipsi
498 2710 549 2766 per
574 2710 678 2749 manus
692 2700 785 2766 elper
809 2694 944 2766 scriptio·
998 2711 1097 2749 servus
1120 2695 1289 2766 scriptiones
1314 2698 1433 2768 accepit,
1456 2696 1509 2751 sub
1536 2701 1715 2751 sacramento
1739 2695 1847 2752 eisdem

93 2803 143 2840 nes
167 2785 288 2857 alicujus
303 2784 387 2839 liberi
420 2782 620 2854 adquisierint,
650 2783 778 2838 ecclesiae
806 2782 945 2838 sicntsua
998 2781 1117 2837 redditis
1147 2783 1360 2854 scriptionibus,
1374 2789 1405 2838 ut
1418 2783 1560 2839 omnimm
1577 2783 1672 2839 litium
1686 2782 1784 2855 jacula
1798 2799 1846 2838 so·

92 2875 212 2946 propria
223 2873 381 2928 reddimus.
401 2871 459 2927 Suo
475 2871 584 2926 etenim
596 2871 657 2942 juri
668 2875 762 2926 totum
777 2871 895 2926 ecclesia
910 2876 945 2926 nt
998 2869 1124 2941 piantur,
1140 2887 1257 2926 omnem
1276 2871 1401 2927 ecclesiae
1420 2877 1508 2943 prout
1536 2873 1707 2940 constiterit,
1734 2877 1848 2927 coactus

91 2962 245 3034 proprium
261 2960 431 3026 vendicabit,
443 2959 586 3032 quidquid
608 2960 668 3015 ullo
684 2960 800 3031 ingenio
815 2959 941 3015 ecclesie
960 2960 981 3013 C
995 2958 1079 3013 iaciet
1093 2958 1192 3015 linem.
1204 2960 1324 3031 ideaque
1338 2975 1405 3014 eum
1419 2960 1587 3030 insequetur
1600 2960 1690 3031 stylus
1718 2959 1846 3029 proscri-

90 3067 192 3106 servns
206 3049 369 3117 contraxit;
386 3064 438 3102 nec
453 3049 503 3102 ulli
515 3048 673 3103 secundum
700 3047 943 3119 phantasmaticos
996 3047 1114 3117 ptionis‚
1135 3063 1223 3119 quem
1237 3053 1329 3103 mater
1341 3052 1369 3102 et
1383 3048 1521 3119 magistra
1535 3051 1634 3102 nostra
1648 3047 1768 3104 ecclesia
1783 3048 1845 3103 vul-

91 3139 173 3194 dabil
188 3138 362 3194 adulterium
390 3136 564 3204 libertatem,
591 3135 670 3207 quod
695 3151 797 3207 corpus
810 3135 842 3190 in
866 3135 942 3191 inia·
996 3135 1108 3190 neravit
1121 3135 1217 3207 gladio
1226 3135 1447 3191 maledictionis.

91 3228 194 3293 miam,
207 3231 236 3281 et
250 3226 280 3280 in
295 3225 463 3280 servitutem
473 3223 579 3296 trajicit
590 3224 729 3278 animam.
1031 3224 1210 3294 Subscriptio.
1240 3224 1298 3295 Ego
1319 3224 1355 3290 ll,
1378 3223 1471 3295 gratia
1492 3223 1541 3279 Dei
1563 3223 1722 3295 imperator
1752 3240 1843 3296 angu-

126 3318 153 3371 4.
189 3316 224 3371 m
244 3315 336 3369 nullas
370 3315 436 3384 filiis
471 3314 788 3379 clericorumsercorum
816 3313 942 3379 ecclesia,
998 3315 1068 3377 stus,
1086 3312 1159 3367 banc
1174 3311 1409 3366 constitutionem
1423 3311 1495 3383 legis
1516 3317 1664 3382 perpetua
1677 3328 1729 3383 per
1757 3312 1848 3368 consi·

90 3405 247 3460 libertatem
259 3401 359 3458 audem
372 3401 509 3471 indicare.
538 3400 717 3471 Quicumque
742 3415 812 3471 ergo
824 3401 945 3470 posthac
998 3400 1069 3455 lium
1080 3400 1180 3455 domni
1194 3415 1278 3471 papae
1289 3400 1319 3455 B.
1331 3404 1503 3472 suggerente
1514 3400 1640 3471 plurimo
1651 3405 1726 3455 coetu
1735 3400 1846 3471 episco-

91 3510 141 3550 eos
155 3508 218 3547 esse
229 3492 334 3546 liberos
345 3488 525 3561 judicaverit,
541 3494 628 3559 etpro
638 3488 784 3543 eiscontrn
794 3488 943 3544 ecclesiam
998 3503 1114 3558 porum,
1131 3491 1189 3544 lieo
1205 3494 1315 3557 autore,
1331 3488 1428 3556 statui,
1444 3488 1566 3555 firmavi,
1578 3494 1607 3543 et
1623 3505 1738 3560 semper
1752 3489 1848 3544 valere

89 3582 207 3638 dederit
234 3579 417 3647 sententiam,
449 3583 478 3633 el
505 3578 560 3632 hoc
588 3576 747 3648 capitulum
773 3576 942 3632 auctoritate
1000 3576 1122 3644 decrevi,
1137 3575 1711 3647 atoptavi,meosqueimperiiprimores
1731 3575 1849 3633 firmare

90 3675 201 3724 unctae
216 3667 347 3723 Ecclesiae
367 3671 471 3721 statum
488 3681 546 3719 non
568 3664 708 3735 receperit
722 3663 758 3733 δ’,
776 3669 805 3719 et
826 3664 858 3718 in
886 3665 945 3719 suis
1000 3666 1107 3737 rogavi.

89 3758 175 3813 libris
197 3772 255 3811 non
284 3753 440 3827 scripserit,
456 3758 484 3808 et
506 3754 664 3808 secundnm
690 3752 745 3806 hoc
772 3752 942 3824 capitulum,
1034 3755 1092 3824 Ego
1112 3753 1144 3809 0.
1162 3753 1289 3808 marchio
1313 3752 1441 3820 interfui,
1466 3757 1496 3807 et
1522 3753 1596 3808 hanc
1620 3754 1714 3825 legem
1736 3754 1848 3811 mundo

90 3844 348 3902 filiosclericerum
367 3842 401 3897 de
427 3841 538 3897 familia
553 3840 677 3896 ecclcsiae
702 3839 835 3912 proprios
850 3856 944 3897 servos
997 3840 1251 3913 pernecessariam,
1268 3843 1297 3895 et
1310 3841 1408 3896 oculos
1431 3840 1556 3896 ecclesiis
1570 3841 1697 3896 sublatos
1720 3842 1847 3897 redden·

89 3953 164 4003 esse,
181 3951 241 3990 suae
257 3934 383 3989 ecclesiae
398 3948 453 3986 usu
467 3947 582 4004 semper
596 3931 729 3999 valituro,
746 3946 806 3985 non
834 3930 944 4001 jndice·
999 3936 1068 3996 lem,
1082 3929 1194 3985 firmavi
1209 3933 1238 3984 et
1250 3929 1374 3984 laudavi.

88 4022 177 4088 verit,
221 4021 387 4076 insultatum
430 4018 624 4091 publicatione
645 4019 781 4085 nudatus,
803 4024 943 4090 perpetuo
1034 4019 1093 4089 Ego
1109 4019 1141 4073 R.
1154 4017 1281 4072 marchio
1296 4017 1414 4072 interfui
1429 4022 1458 4072 et
1471 4016 1595 4072 laudavi.

89 4111 247 4167 damnetur
259 4109 357 4164 exilio.
376 4106 428 4163 Ubi
443 4107 516 4162 sicut
530 4105 611 4161 nulla
625 4122 765 4178 umquam
776 4106 819 4160 illi
834 4106 880 4161 lex
891 4107 944 4177 ju·
1036 4108 1094 4178 ligo
1109 4107 1141 4163 0.
1154 4122 1251 4162 comes
1264 4106 1364 4178 palatii
1374 4105 1492 4162 interlui
1506 4112 1535 4161 et
1550 4105 1740 4178 laudavi(95).

319 4313 365 4399 S.
409 4310 678 4399 HENRICI
721 4309 1137 4400 CONSTITUTIO
1178 4312 1617 4400 ARIMINENSIS.

739 4457 822 4538 (Dat.
846 4458 894 4520 die
915 4462 933 4519 4
954 4461 1063 4521 mensis
1084 4461 1199 4543 April.)

637 4579 731 4652 (Apud
749 4579 837 4635 Mansi
856 4582 958 4638 Concil.
978 4587 1048 4638 tom.
1069 4584 1136 4651 lllll,
1156 4585 1210 4640 col.
1230 4588 1305 4653 ³57.)

128 4783 272 4849 Quoniam
291 4781 402 4854 legibus
414 4796 530 4836 cautum
547 4783 638 4834 estut
662 4794 748 4834 nemo
763 4778 882 4835 clericus
894 4780 944 4851 jn·
963 4781 1134 4853 llpraestare
1150 4783 1282 4852 debeant,
1294 4789 1344 4839 aot
1357 4782 1540 4855 aliipersonae
1556 4783 1746 4838 hocollicium
1761 4783 1847 4838 liceat

89 4889 157 4928 rare
183 4875 351 4944 praesumat,
378 4869 446 4924 alibi
472 4884 540 4923 vero
579 4872 722 4939 reperitur
741 4866 880 4938 scriptum
909 4872 943 4924 ut
996 4873 1145 4943 delegem
1163 4872 1231 4943 quia
1250 4871 1320 4927 illud
1335 4870 1548 4927 constitutionis
1562 4871 1698 4934 edictum,
1726 4870 1777 4925 ubi
1792 4870 1847 4924 cle·

89 4976 193 5016 omnes
214 4958 390 5031 principales
415 4972 548 5029 persone
573 4956 604 5010 in
633 4955 727 5028 prime
741 4955 802 5010 litis
826 4954 942 5011 exordio
995 4960 1047 5015 rici
1069 4961 1168 5031 jurare
1201 4959 1389 5033 prohibentur
1417 4977 1435 5015 a
1471 4961 1563 5015 llarco
1583 4957 1749 5032 [Marciano]
1770 4961 1844 5030 Aug.

88 5049 415 5120 subeantJ'uramenlnm
430 5044 593 5103 calumniae.
614 5043 760 5099 nonnullis
774 5044 872 5115 legum
888 5060 943 5116 pe·
995 5040 1182 5096 Constantino
1200 5056 1230 5110 p.
1261 5056 1289 5112 p.
1320 5040 1356 5095 de
1378 5037 1700 5108 constantinopolitanis
1736 5037 1846 5092 clericis

88 5139 153 5193 ritis
167 5137 301 5193 resvenit
315 5136 345 5190 in
359 5135 480 5190 dubium
507 5139 606 5189 utrum
624 5133 720 5188 clerici
735 5132 941 5205 jusjurandum
996 5129 1211 5202 promulgatum
1224 5127 1311 5184 luisse
1321 5128 1444 5193 videtur,
1459 5125 1566 5181 idcirco
1583 5123 1619 5180 ad
1641 5125 1712 5180 alios
1726 5119 1845 5183 clericos

767 5231 906 5286 VARlAE
925 5225 1174 5285 lectiones.

123 5334 140 5386 :l
156 5331 199 5385 ita
222 5326 370 5384 cossardus
384 5327 498 5397 conjecit
512 5330 618 5381 nostra
631 5325 827 5396 ceperitcodd.
843 5323 870 5360 Β
884 5328 1005 5382 itacom.
1025 5326 1097 5382 Coss.
1107 5323 1264 5379 inscribant
1282 5322 1341 5377 cod.

122 5496 193 5569 (9³⁸2)
210 5496 333 5569 Reliqua
343 5495 463 5551 nomina
474 5495 632 5567 perierunt.
917 5423 1029 5480 Now·
