3894 6120
98 259 151 314 455

571 250 731 315 etean'n
750 258 778 313 S.
799 251 1041 313 sternentem
1061 252 1207 313 barrus.
1230 250 1384 314 lfONdle.

1812 256 1864 310 456

99 382 177 437 diam
189 385 303 437 noctem
317 398 383 438 cum
409 381 504 455 paucis
522 380 660 452 profugit.
692 382 741 438 Set
758 384 895 453 praeterea
910 397 955 434 res
974 380 1088 435 billius
1116 396 1215 435 nocem
1240 379 1393 452 cogitabat,
1415 384 1441 434 et
1461 379 1582 434 consilio
1607 394 1674 434 curn
1691 378 1863 450 quibusdam

99 471 153 527 ista
192 471 378 527 veliementer
412 479 453 525 est
480 470 658 537 admiranda,
699 471 752 524 has
783 484 897 524 sorores
920 466 952 536 ⁸⁹,

100 561 266 630 parentibus
283 561 449 615 clarissimis
473 566 559 623 ortas,
584 565 644 612 tam
661 559 791 613 diversas
818 575 879 611 ase
892 574 953 612 esse

100 649 237 719 potuisse,
255 655 285 703 ut
298 656 369 719 quot
385 648 621 719 reprehensiones
645 647 674 701 in
691 663 748 701 rana
772 652 951 708 notarentur,

100 744 143 791 tut
157 737 187 790 in
202 738 290 790 altera
309 739 429 791 virtutes
442 737 677 807 praedicarentur,
699 736 757 789 nisi
776 735 830 788 hoc
845 737 952 806 cogita·

100 826 237 892 tionibus,
254 828 361 879 nostris
377 841 567 895 opponamus,
591 824 699 878 mirum
725 840 783 877 non
808 824 904 889 fuisso,
918 841 952 879 eo

99 915 173 984 quod
190 921 218 968 et
233 913 345 983 primus
361 930 464 982 parens
478 919 576 966 noster
588 913 688 966 itidem
706 913 860 967 dissimiles
875 913 949 968 lilios

99 1003 240 1072 genuerit,
271 1017 397 1071 quorum
438 1002 518 1067 alter,
550 1001 765 1055 crudelissimus
796 1003 949 1071 parricida,

99 1091 220 1143 alterum
249 1088 433 1143 mitissimum
460 1089 568 1143 inridia
597 1090 709 1145 occidit.
746 1091 848 1144 Nostro
884 1108 950 1146 vero

98 1177 211 1232 silentio
231 1177 280 1231 illa
299 1178 546 1248 praetermittenda
569 1184 646 1247 suut,
673 1195 739 1249 quae
755 1179 790 1233 de
804 1179 895 1234 ftdela
911 1180 951 1235 di·

98 1266 246 1331 cebantur,
278 1267 441 1336 quoderat
476 1268 600 1321 clamosa
629 1268 659 1321 in
693 1283 772 1332 auec,
796 1268 901 1322 lasciva
920 1269 948 1322 in

97 1356 200 1421 ror-bis,
222 1366 299 1409 veste
330 1355 499 1425 composita,
526 1357 622 1410 animo
650 1355 799 1421 dissoluta,
829 1359 949 1428 etquod

98 1444 315 1499 instabilitatem
331 1445 435 1498 mentis
464 1445 582 1498 nutibus
605 1447 754 1499 oculorum
768 1446 946 1516 praeferebat.

99 1534 154 1586 Nos
165 1549 231 1586 vero
246 1533 363 1600 scimus,
379 1549 441 1586 eam
458 1534 493 1587 ed
511 1550 600 1603 opera
616 1536 704 1588 multa
726 1551 786 1589 esse
803 1537 947 1598 solertem,

1009 469 1151 540 pestiferis
1172 469 1255 535 inito,
1285 470 1365 524 illam
1395 484 1518 529 veneno.
1549 474 1582 524 ut
1607 468 1711 533 fertur,
1736 469 1863 522 extinxe-

1007 566 1085 613 runt.
1116 560 1251 614 lloseam
1278 575 1351 620 rem,
1373 574 1425 629 pro
1450 556 1649 628 magnitudine
1677 555 1861 628 scelerispa·

1008 664 1072 702 rum
1100 646 1184 701 nobis
1211 654 1401 717 compertam,
1429 646 1635 701 existimationi
1663 645 1744 715 vulgi
1774 644 1861 699 rumi-

1008 737 1135 791 nandum
1155 736 1356 807 relinquimus.
1382 736 1426 790 Set
1442 735 1483 789 ilti
1503 735 1555 806 qni
1570 750 1716 788 venenum
1732 734 1861 788 confece-

1006 831 1079 891 reut,
1105 824 1180 894 capti
1213 823 1237 862 ⁵⁸
1264 831 1350 895 atqua
1383 824 1470 878 oculis
1497 823 1645 894 dampnati
1686 828 1766 877 sunt.
1797 823 1862 878 Post

1005 919 1128 968 mortem
1147 914 1209 984 ejus
1237 930 1302 969 carm
1325 928 1426 968 omnes
1441 912 1549 983 ubique
1564 912 1720 966 orbitatem
1735 908 1760 946 ⁸⁸
1776 916 1859 965 tantae

1005 1003 1136 1056 mulieris
1152 1018 1216 1057 eram
1232 1003 1308 1057 luctu
1325 1008 1355 1057 et
1381 1003 1500 1072 planctu
1515 1001 1702 1070 deplorarent
1726 1015 1810 1054 soror
1824 1000 1857 1054 it·

1005 1091 1059 1144 lius
1074 1092 1168 1144 lucum
1184 1090 1338 1145 furibunda
1357 1090 1475 1152 invadit,
1491 1094 1520 1144 et
1534 1105 1621 1144 omne
1640 1089 1859 1160 patrimonium,

1004 1179 1082 1249 quod
1107 1194 1191 1233 soror
1220 1180 1267 1249 pie
1294 1179 1454 1233 intentione
1489 1178 1616 1232 ecclesiae
1651 1176 1789 1242 contulit,
1825 1178 1858 1232 ad

1003 1283 1085 1321 suam
1100 1272 1270 1338 potestatem
1286 1267 1401 1322 retorsit
1421 1265 1454 1322 ⁸⁶.
1485 1266 1534 1322 Set
1546 1283 1604 1321 non
1626 1266 1721 1321 multo
1749 1270 1856 1337 postex

1003 1363 1146 1426 praecepto
1177 1355 1289 1409 Ottonis
1315 1354 1392 1409 tertii
1423 1353 1446 1390 ¹⁷
1472 1354 1656 1426 imperatoris
1685 1370 1753 1408 cum
1777 1354 1856 1409 dede·

1002 1459 1068 1498 core
1096 1444 1226 1515 expulsa,
1256 1443 1302 1499 bis
1327 1444 1547 1498 adversitatibus
1571 1443 1728 1515 praevideri
1755 1444 1856 1514 cogita·

1001 1532 1066 1597 bat3
1088 1538 1116 1587 et
1137 1533 1255 1587 consilio
1282 1549 1349 1588 curn
1364 1533 1424 1587 suis
1451 1538 1577 1604 accepto,
1599 1539 1751 1604 cumpost
1768 1533 1853 1587 viram

97 1637 204 1693 magno
221 1622 349 1692 ingenio,
366 1627 394 1674 et
411 1639 578 1676 numerosas
593 1622 782 1676 cubicularias
811 1623 845 1678 ed
860 1624 947 1678 rarie·
968 1622 1127 1712 Bpriorem
1158 1622 1219 1676 sine
1246 1622 1438 1676 occultatione
1462 1623 1584 1693 turpiter
1609 1621 1730 1676 vixisset
1755 1627 1784 1676 et
1808 1638 1853 1676 ca·

97 1715 184 1764 tatem
200 1710 357 1764 textrilium
370 1726 466 1764 rerum
491 1711 643 1764 instructas
659 1711 775 1774 habere,
793 1712 865 1765 etin
882 1730 933 1782 pre

98 1798 181 1852 ciusis
204 1799 330 1852 vestibus
360 1799 543 1853 conficiendis
568 1816 641 1869 pene
661 1816 761 1853 onrrrcs
784 1806 946 1855 nostrarum

50 1950 54 1955 ,
97 1889 247 1959 regionum
264 1888 400 1941 mulieres
420 1904 555 1958 superare
589 1890 663 1955 (82l3
690 1889 751 1943 heae
773 1890 833 1943 sola
848 1890 946 1944 borna-

97 1976 171 2030 nitas
185 1975 216 2029 in
231 1992 264 2029 ea
278 1981 347 2030 nola
362 1980 413 2029 est.

323 2066 348 2118 3.
369 2066 402 2118 lle
415 2064 535 2118 moribus
552 2065 717 2131 biutqordaa.

132 2155 166 2206 at
187 2168 254 2206 vero
286 2153 448 2221 liutgardis
471 2152 557 2222 longe
590 2153 738 2208 dissimilis
766 2155 843 2209 huic.
873 2155 943 2210 Nam

97 2240 224 2295 moribus
234 2241 363 2296 honestis
377 2247 439 2294 erat
466 2242 662 2309 celeberrima,
686 2243 840 2296 virtutibus
854 2244 944 2297 omni·

96 2329 341 2400 busultraquam
370 2327 563 2398 credipotest
592 2329 822 2398 praeclarissima,
850 2330 944 2400 bospi-

97 2419 254 2473 talitateita
266 2418 396 2481 adsueta,
413 2421 445 2469 ut
478 2416 507 2468 in
522 2416 647 2470 auream
658 2417 805 2488 hospitum
821 2421 944 2473 maxime

95 2506 295 2574 delectaretur,
320 2506 478 2575 itidemque
506 2504 529 2557 si
554 2507 669 2575 qnando
696 2506 837 2573 abessent,
867 2508 942 2578 quod

94 2598 192 2648 tamen
220 2610 284 2649 raro
309 2594 440 2661 contigit,
457 2595 601 2663 quandam
625 2595 706 2666 quasi
732 2595 944 2650 moesticiamin

95 2684 174 2735 vultu
191 2684 369 2752 praeferebat.
387 2680 571 2735 Prudentiam
596 2680 624 2735 in
654 2699 687 2736 ea
702 2683 814 2737 laudari
834 2688 944 2737 nonest

95 2786 219 2838 neeesse,
248 2787 312 2825 eum
337 2785 395 2823 non
422 2768 514 2822 solum
539 2785 570 2822 er
603 2771 709 2838 ralatio
740 2770 774 2824 ad
798 2787 872 2837 eam,
900 2775 945 2825 set

95 2859 181 2913 etiam
206 2877 239 2913 ex
269 2857 434 2931 longinquis
461 2857 627 2927 regionibus
656 2875 777 2929 magnus
805 2876 942 2913 numerus

1002 1710 1092 1781 pienti
1120 1710 1164 1764 sui
1191 1711 1304 1780 copiam
1336 1728 1393 1764 non
1419 1717 1558 1781 negasset,
1588 1715 1748 1781 postquam
1776 1710 1854 1764 vidua

1002 1798 1104 1853 lasciva
1128 1796 1152 1832 ⁵⁸
1175 1801 1332 1853 secuudum
1360 1799 1469 1854 dietum
1499 1798 1729 1870 sanctiapostoli
1750 1798 1776 1869 (1
1791 1801 1850 1854 Tira.

1001 1903 1027 1954 a,
1048 1892 1086 1954 xr)
1109 1888 1159 1941 diu
1175 1888 1318 1941 luxuriata
1332 1888 1441 1952 fuisset,
1466 1887 1546 1941 illum
1562 1887 1597 1940 de
1610 1904 1671 1958 quo
1685 1904 1779 1958 snpra
1793 1887 1853 1941 dixi·

1000 1992 1064 2030 mus
1081 1976 1251 2030 baltericum
1272 1976 1353 2031 duait
1375 1977 1520 2040 maritam,
1546 1992 1610 2030 cum
1626 1976 1745 2030 virente
1761 1992 1851 2030 sorore

1000 2070 1101 2117 neuter
1113 2065 1246 2135 copulem
1271 2064 1389 2119 alterius
1405 2081 1440 2118 ne
1456 2071 1550 2118 mente
1565 2065 1686 2134 quidem
1702 2063 1850 2134 concipere

999 2152 1130 2207 auderet.
1161 2154 1323 2207 b'ecmulto
1352 2157 1426 2224 post,
1457 2152 1609 2222 instigante
1632 2152 1694 2220 illa,
1728 2168 1795 2206 cnm
1812 2167 1849 2206 ar·

1000 2246 1075 2294 mala
1099 2257 1187 2295 mann
1216 2247 1344 2296 montem
1368 2243 1455 2296 Eltnae
1480 2239 1503 2274 ⁸⁹
1522 2240 1615 2294 subito
1632 2246 1769 2311 occupat
1785 2240 1847 2295 Cum

999 2330 1117 2398 opidani
1133 2329 1285 2399 repentino
1302 2337 1379 2384 metu
1395 2329 1519 2400 perculsi
1539 2330 1606 2399 fuga
1634 2330 1763 2384 salntem
1779 2345 1847 2400 qna·

999 2422 1105 2486 rorent,
1120 2417 1150 2470 in
1179 2417 1353 2472 monasterio
1378 2434 1407 2472 se
1423 2418 1601 2472 abdiderunt.
1618 2416 1847 2489 Expugnatoque

999 2506 1186 2573 monasterio,
1212 2512 1241 2560 et
1278 2506 1382 2576 jaculis
1415 2507 1551 2561 altaribus
1578 2504 1719 2576 trajectis,
1751 2521 1844 2573 uniam,

999 2609 1085 2665 quem
1116 2594 1171 2648 sibi
1209 2594 1358 2649 inimicum
1384 2594 1541 2649 existimari
1568 2593 1670 2661 voluit,
1705 2594 1848 2664 captivam

999 2684 1089 2738 duait.
1118 2683 1164 2737 Set
1191 2699 1256 2737 cum
1273 2684 1301 2737 id
1330 2683 1390 2753 regi
1415 2681 1693 2754 compertumforet,
1717 2683 1847 2754 graviter·

999 2789 1055 2843 que
1070 2772 1175 2825 factum
1201 2770 1256 2825 hoc
1271 2772 1366 2839 ferret,
1392 2771 1527 2826 delictum
1544 2771 1676 2825 balterici
1686 2772 1847 2842 deprecato

998 2876 1062 2914 rum
1078 2860 1186 2913 anxilio
1211 2860 1333 2929 pecnnia
1360 2860 1507 2929 expiatum
1522 2865 1572 2912 est.
1594 2859 1653 2913 llex
1672 2876 1743 2914 vero
1758 2862 1846 2914 altiori

96 2948 247 3002 bominum
273 2949 307 3001 ad
338 2962 455 3000 suarum
480 2961 575 2999 rernm
598 2948 769 3017 capiendum
790 2949 942 3003 eonsilium
963 2940 1117 3002 Cconsilio
1143 2948 1340 3017 inposterum
1370 2947 1426 3001 loci
1448 2948 1524 3001 illins
1549 2947 1736 3001 stabilitatem
1748 2948 1846 3020 praeri-

94 3036 287 3089 confluxisset.
306 3036 372 3088 Erat
386 3034 464 3086 enim
487 3032 517 3086 in
542 3049 574 3086 ea
599 3051 662 3088 cum
681 3052 792 3090 suntme
812 3037 941 3105 scientia,

95 3129 156 3177 tum
173 3122 320 3176 verissima
331 3122 450 3175 facultas
459 3136 575 3175 suorum
587 3124 772 3178 consiliorum
788 3126 941 3195 expedien-

94 3210 206 3266 dorum.
222 3211 361 3266 Omnibus
371 3209 503 3274 affabilis,
531 3210 664 3264 omnibus
692 3213 788 3267 extitit
806 3214 940 3284 benigna,

94 3298 186 3353 mulla
214 3298 298 3353 eliam
326 3298 420 3352 dando
445 3298 596 3352 maximam
622 3300 743 3368 gloriam
768 3304 941 3373 adeptaesl;

94 3388 171 3442 unde
187 3392 216 3441 et
234 3386 362 3456 contigit,
377 3391 409 3439 ut
432 3402 532 3440 omnes
560 3403 622 3441 eam
637 3390 881 3446 maximohouore
896 3407 940 3446 ce·

93 3476 248 3530 lebrarent.
277 3477 421 3545 Pauperes
450 3491 514 3529 eam
541 3476 622 3547 qnasi
651 3483 770 3533 matrem
795 3483 880 3534 etiam
908 3497 941 3536 ex

93 3564 253 3635 peregrinis
282 3564 351 3618 locis
368 3563 429 3617 sine
456 3564 604 3619 intervallo
626 3565 857 3636 frequentabant,
873 3585 941 3640 qno·

93 3668 158 3706 rum
183 3652 327 3706 neminem
346 3651 408 3706 sine
428 3652 527 3707 solatio
542 3668 597 3706 ase
613 3653 690 3707 abire
703 3655 842 3724 permisit.
859 3656 941 3711 llira·

93 3756 148 3809 res,
162 3743 193 3794 ut
218 3740 381 3811 fragilitatis
406 3740 523 3795 feminei
537 3757 621 3795 sexus
644 3744 729 3797 tantis
745 3744 942 3799 vexationibus

93 3830 265 3901 nequidem
289 3830 325 3885 ad
352 3831 452 3884 horam
477 3836 653 3901 gravaretur,
682 3833 843 3901 setpuliae,
863 3833 941 3904 qnod

92 3924 136 3973 est
151 3919 321 3985 mirabilius,
348 3923 379 3972 ul
394 3919 463 3981 dial,
481 3921 681 3974 delectaretur.
708 3921 788 3975 Unde
802 3922 941 3992 frequen·

92 4013 136 4061 ter
151 4008 226 4062 inter
241 4023 292 4061 nos
310 4006 444 4060 collocuti
466 4005 500 4072 ⁵⁰,
516 4009 583 4063 dum
596 4007 625 4060 in
642 4011 704 4077 ejus
718 4010 940 4079 gloriaaestima·

91 4112 189 4150 remus
223 4099 332 4149 tantam
360 4095 563 4163 bumilitatem,
588 4096 679 4149 faleor
704 4112 758 4150 nos
782 4098 843 4168 jam
871 4103 941 4152 tunc

91 4184 244 4244 divinasse.
264 4184 293 4237 id
309 4183 497 4253 quadrarum
519 4188 589 4250 erat,
612 4184 661 4237 illa
689 4181 711 4218 ⁸¹
728 4185 850 4240 extincta
875 4186 936 4239 nul·

90 4272 148 4327 farn
176 4270 206 4323 in
226 4270 270 4323 bis
298 4269 522 4339 regionibussui
550 4270 728 4326 consimilem
752 4278 810 4327 tam
832 4273 937 4327 illustri

90 4360 146 4413 rita
166 4375 226 4412 esso
242 4360 377 4412 futurem.
395 4359 601 4414 Patrimonium
624 4375 738 4431 quoque
753 4378 848 4428 omne,
861 4362 936 4433 quod

90 4447 144 4500 sibi
173 4447 339 4501 hereditatis
361 4453 442 4517 parte
467 4448 492 4484 ¹¹
522 4455 705 4513 successerat,
742 4451 868 4505 ecclesiae
891 4451 936 4504 cui

90 4535 152 4607 ipsa
167 4540 289 4604 praeerat
301 4535 431 4590 contulit.
444 4536 473 4592 ld
486 4553 568 4592 soror
591 4534 689 4606 ⁵³ejns
711 4536 817 4592 factum
839 4538 940 4608 gravi-0

89 4629 134 4677 ter
170 4624 273 4691 ferens,
309 4624 496 4681 traditionem
530 4626 608 4679 illam
638 4625 743 4696 sapius
776 4627 937 4682 rescindere

91 4712 271 4767 moliebatur.
287 4712 336 4768 Set
359 4730 424 4768 cum
438 4715 467 4769 id
491 4714 604 4770 allicere
629 4730 686 4768 non
704 4721 810 4786 posset,
826 4715 855 4768 in
870 4716 935 4770 vilre

996 3037 1063 3091 dere
1079 3035 1188 3100 rolens,
1207 3037 1385 3106 Noviomago
1415 3034 1440 3070 ⁶⁰
1455 3034 1573 3090 concilio
1588 3035 1698 3089 indicto
1716 3039 1775 3108 (un.
1787 3040 1845 3101 sat,

997 3126 1065 3180 blot.
1102 3124 1156 3193 ts),
1173 3140 1237 3177 cam
1254 3125 1381 3195 undique
1405 3123 1627 3196 frequentissimi
1654 3125 1726 3180 illuc
1746 3142 1844 3180 conre-

997 3213 1294 3279 nirent‚tructa11dunr
1321 3214 1355 3267 de
1371 3213 1508 3283 praedicto
1532 3213 1593 3266 loco
1613 3213 1726 3268 statuit.
1743 3214 1846 3269 Aderat

996 3317 1060 3355 cum
1085 3318 1136 3355 sna
1159 3301 1281 3370 conjuge
1302 3300 1467 3369 Baltericus‚
1490 3300 1614 3371 eoquod
1631 3302 1784 3357 sententiae
1802 3318 1844 3357 se-

995 3395 1130 3444 natorum
1160 3395 1368 3460 processerant,
1396 3393 1428 3444 ul
1453 3389 1502 3444 ille
1526 3389 1843 3445 conviolasseeundum

996 3478 1088 3548 legem
1104 3479 1133 3532 in
1149 3482 1320 3549 perpetuum
1337 3478 1372 3533 ab
1382 3478 1459 3533 illius
1473 3477 1704 3548 expostulatione
1720 3479 1844 3534 ecclesie.

995 3582 1024 3620 se
1049 3566 1196 3631 eximeret,
1223 3566 1321 3637 sicque
1336 3567 1418 3621 karta
1431 3572 1458 3621 et
1474 3566 1622 3638 privilegio
1637 3567 1693 3622 loci
1708 3569 1844 3624 stabilita·

994 3661 1053 3710 tem
1067 3656 1254 3710 firmaverunt
1267 3657 1334 3724 (33).

1137 3781 1162 3833 l.
1184 3779 1308 3834 Drobeta
1328 3779 1433 3834 Ottonr's
1452 3778 1557 3833 ctdols's
1566 3777 1702 3833 baldrici.

1030 3886 1098 3940 Post
1110 3886 1171 3940 haec
1193 3901 1260 3939 aero
1282 3883 1439 3955 imperator
1462 3884 1566 3940 tercias
1589 3883 1665 3951 Otto,
1692 3884 1779 3940 bonas
1803 3886 1844 3942 in-

994 3973 1067 4028 dolis
1086 3973 1259 4040 adolescens,
1277 3972 1307 4027 in
1332 3972 1412 4028 ltalia
1438 3974 1571 4039 moritur,
1595 3987 1762 4046 corpusque
1788 3975 1846 4046 ejus

994 4061 1029 4116 ed
1056 4060 1236 4133 Aquasgrani
1262 4060 1389 4131 effertur,
1405 4065 1433 4116 et
1457 4060 1497 4116 ibi
1513 4077 1576 4115 cum
1591 4062 1671 4132 regio
1684 4060 1847 4118 honoreac·

994 4149 1100 4221 pelitur
1127 4151 1184 4220 (an.
1213 4149 1304 4205 tobel.
1333 4150 1401 4204 Post
1428 4149 1511 4220 crrjrrs
1538 4153 1657 4203 mortem
1687 4150 1846 4207 Balterieus

954 4223 975 4277 Ῑ)
994 4239 1074 4309 rupit
1094 4238 1190 4305 fidem,
1218 4236 1352 4292 etbostili
1371 4253 1457 4291 manu
1482 4238 1633 4310 adgressus
1654 4237 1690 4293 ad
1717 4246 1846 4295 montem

993 4328 1093 4397 Eltnae,
1123 4329 1229 4382 vallum
1252 4325 1303 4397 qui
1324 4326 1473 4380 ecclesiam
1501 4326 1535 4380 ad
1551 4326 1641 4381 instar
1661 4328 1774 4382 castelli
1789 4345 1846 4383 arn·

991 4415 1089 4470 biebat
1119 4415 1212 4483 scidit,
1253 4412 1450 4486 familiamque
1479 4430 1595 4469 omnem
1636 4413 1693 4469 sibi
1737 4416 1845 4472 sarrire

991 4505 1094 4576 coegit.

1241 4611 1265 4663 t.
1286 4611 1323 4663 Dc
1336 4607 1500 4663 Heinrico⁰¹
1521 4625 1592 4677 rege.

1028 4715 1080 4770 Ubi
1093 4730 1160 4770 raro
1175 4713 1325 4772 lleinricus
1338 4730 1451 4769 summa
1466 4731 1561 4769 rerum
1581 4716 1691 4786 potitus
1709 4722 1766 4785 cst,

799 4872 916 4926 vattlAE
928 4870 1074 4928 Laerten
1079 4870 1129 4925 ΕΒ.

126 4988 148 5026 ⁴⁰
174 5005 291 5061 sopores
322 4995 345 5044 l.
365 4989 390 5024 ⁸⁰
420 4991 532 5045 iloEclr
554 5021 609 5044 .—
633 4991 764 5046 collocati
790 5007 816 5044 c.
843 4989 865 5025 ¹⁵¹
898 4991 948 5044 illu
975 5007 1045 5046 corr.
1062 4991 1111 5046 illa
1140 5009 1162 5047 c.
1180 4990 1203 5026 ⁵²
1227 4997 1306 5064 patre
1332 5009 1392 5048 corr
1433 5000 1552 5065 partcc.
1580 4992 1603 5031 ⁸³
1625 5010 1745 5050 sororor
1769 5014 1845 5053 corr.

90 5075 171 5113 soror
189 5077 211 5114 c.
244 5063 266 5098 ¹⁸
296 5061 382 5132 capiti
410 5077 479 5115 corr.
507 5063 582 5131 capti
610 5078 632 5115 c.
653 5060 677 5098 ⁸⁸
702 5065 744 5116 ita
765 5066 886 5127 correci3
916 5061 1101 5116 sobrietatem
1126 5079 1149 5117 c.
1176 5060 1201 5097 ³⁶
1228 5065 1360 5118 retrorsit
1386 5080 1455 5120 corr.
1483 5066 1595 5120 retorsit
1621 5081 1644 5119 c.
1665 5063 1689 5101 ⁸⁷
1709 5070 1796 5123 tercii
1821 5073 1849 5124 2.

91 5127 164 5184 ‘litu
178 5134 209 5185 E.
224 5133 319 5187 lascua
334 5150 356 5188 c.
373 5131 397 5166 ⁸⁹
412 5138 486 5187 etum
503 5135 526 5186 l.
544 5133 629 5186 eltnae
645 5135 672 5189 2.
692 5132 716 5169 ⁶⁰
735 5134 819 5188 novio
832 5148 936 5203 magno
955 5134 979 5188 l.
995 5130 1017 5166 ⁶¹
1036 5133 1190 5189 llENRlCO
1205 5150 1228 5189 c.
1247 5133 1297 5189 froc
1314 5135 1377 5190 loco.

907 5282 1018 5337 NOTAE.

126 5410 182 5478 (Ὦ)
209 5409 313 5464 Eadem
338 5412 396 5466 fere
416 5414 502 5467 rerba
528 5413 563 5468 de
585 5429 682 5468 sorore
707 5412 934 5485 barchardiapi·

89 5480 168 5549 scopi
182 5480 317 5535 tvormat.
332 5483 433 5552 ineius
449 5485 512 5538 llita
526 5484 662 5556 leguntur
673 5500 696 5538 c.
716 5486 758 5539 lt.

1026 5416 1084 5484 (33)
1101 5413 1141 5469 cl.
1160 5429 1194 5468 ea
1217 5414 1296 5469 dere
1312 5415 1438 5470 chartam
1454 5413 1635 5486 imperatoris
1651 5429 1699 5485 ap.
1718 5413 1846 5470 Schaten

989 5489 1064 5539 aaa.
1082 5485 1202 5541 readers.
1217 5486 1238 5553 r,
1255 5486 1316 5542 aas.
1775 5481 1792 5513 ·
