3878 6112
107 248 162 304 929

499 249 740 311 DECREI'DRUH
760 254 856 312 LIBRI
873 256 927 348 XII
949 287 983 299 -
1003 257 1106 316 LIBER
1128 260 1279 318 necinus
1297 261 1476 321 stertens.
1814 274 1867 329 eso

106 373 203 429 fllium
218 374 254 430 de
267 374 379 430 lavacro
393 391 482 431 sacre
500 377 587 432 tontis
614 380 732 452 accepit,
750 386 778 436 et
804 383 867 454 ejus
890 387 999 439 uxorii
1018 385 1128 441 lestiam
1145 385 1304 441 sustinebat
1320 404 1335 442 a
1355 387 1456 458 spiritu
1479 388 1684 448 fornicationis.
1711 395 1789 452 Abiit
1813 413 1865 455 au·

105 468 266 518 commater
278 480 336 517 non
352 469 405 532 est,
422 465 506 520 liceat
520 467 548 520 ei
571 467 704 524 defuncto
732 477 878 542 compatre
908 489 961 527 suo
1017 476 1121 529 temad
1147 477 1291 546 quendam
1317 476 1550 546 probatissimum
1579 481 1777 550 seniorem,et
1801 502 1868 557 pre·

108 553 174 623 ejus
188 553 303 607 viduam
337 553 441 609 Ducere
455 554 486 609 iu
516 572 644 623 uxorem,
665 559 689 612 si
716 559 826 615 nullam
854 560 962 617 habent
1016 564 1134 618 cabatur
1171 579 1248 631 eum,
1278 564 1402 619 dicens:
1428 567 1505 620 Pone
1542 567 1594 622 tibi
1631 571 1863 643 sollicitudinem,

104 641 367 712 consanguinitatis
387 643 645 715 propinquitatem.
670 647 743 711 Quid
769 648 867 702 cuim?
882 650 960 703 Nun·
1016 651 1179 706 beatissime
1205 657 1296 723 pater,
1313 657 1342 707 et
1355 668 1405 708 ora
1431 669 1563 724 prome:
1581 657 1648 726 quia
1676 661 1801 730 graviter
1820 680 1867 720 me

104 729 177 800 quid
195 745 254 784 nou
278 736 399 800 possunt
422 732 663 804 conjungi,·quos
688 735 767 789 nulla
788 736 961 806 proximilas
1016 740 1167 812 impugnat
1192 741 1286 812 passio
1312 741 1519 796 fornicationis.
1548 746 1614 800 llaec
1641 763 1707 802 cum
1737 751 1865 808 audisset

104 818 240 884 carnalis,
256 819 300 873 vel
313 818 343 873 iu
359 819 387 873 id
402 821 551 890 generatio
567 822 690 876 secernit
705 823 852 893 spiritalis.

107 904 174 962 Car.
191 905 279 962 XLVI.
295 936 330 947 -
355 909 392 962 De
410 923 447 970 es,
464 911 605 979 siciliquis
619 925 675 965 sue
689 912 826 980 spiritatis
847 928 961 968 comme-

286 979 336 1033 tris
349 979 436 1047 tilium
449 994 561 1035 acorem
576 981 671 1035 ducem
685 986 779 1051 possit.

142 1065 313 1137 (decedent,
336 1070 425 1137 capite
444 1068 502 1138 te.)
526 1069 599 1125 Illud
626 1071 723 1138 etiam,
751 1087 804 1126 nec
824 1073 960 1129 canonica

105 1153 290 1210 institutione
314 1155 478 1226 definimus,
494 1173 545 1212 nec
568 1158 779 1216 introductione
807 1161 903 1233 eliqua
919 1179 960 1216 re

104 1244 245 1311 tuumne,
261 1244 311 1299 sed
325 1250 443 1315 propter
458 1261 507 1299 eos
523 1247 573 1318 qui
587 1247 696 1303 discsse
711 1250 746 1304 de
765 1265 800 1304 eo
821 1251 958 1321 sentiunt,

104 1332 162 1386 hoe
181 1333 241 1387 loco
255 1332 364 1404 aliquid
381 1349 651 1390 commemoramus.
678 1337 706 1393 si
722 1337 787 1409 quis
801 1353 860 1394 suec
875 1339 959 1410 spiri·

104 1421 172 1476 talis
194 1422 360 1477 commatris
389 1422 476 1478 liliam
502 1423 632 1492 Iortuitu,
657 1430 686 1478 et
710 1424 750 1479 ita
774 1427 960 1499 contingente

103 1525 203 1565 rerum
218 1511 323 1566 casuiu
338 1512 504 1583 conjugium
521 1513 643 1580 duxerit,
668 1514 788 1568 concilio
808 1517 959 1572 maturiori

102 1603 228 1667 servato,
257 1599 372 1668 lrabeat,
400 1606 485 1672 etqua
514 1601 634 1657 honeste
672 1602 800 1673 legitimo
823 1606 957 1676 conjugio

102 1687 293 1758 operamdet.

103 1776 171 1832 Cer.
182 1775 282 1831 XLVII.
294 1807 328 1818 -
340 1778 380 1832 De
391 1778 518 1848 quodam,
532 1782 581 1847 qui
589 1795 666 1862 suom
676 1782 789 1852 filiolum
805 1785 958 1853 spiritatem

141 1917 197 1986 (ec
216 1919 319 1990 Dictop.
349 1855 636 1991 Greqfflsffflffi
665 1923 750 1978 ctiam
769 1923 905 1996 quiddam
927 1925 958 1980 in

102 2004 226 2060 Valeriae
258 2007 405 2076 provincia
436 2009 590 2080 contIgisse
618 2011 662 2065 vir
692 2012 757 2067 vite
790 2014 958 2068 venerabilis

102 2093 291 2149 HaxImianus
305 2094 497 2167 Syracusanus
512 2098 671 2170 episcopus,
698 2101 748 2172 qui
771 2101 819 2156 din
842 2101 873 2157 in
905 2103 958 2157 hac

102 2181 176 2237 urbe
196 2199 260 2238 meo
287 2185 462 2239 monasterio
495 2187 620 2258 prquit,
647 2205 763 2244 narrare
799 2190 957 2260 consuevit,

102 2270 214 2340 diceus,
238 2271 360 2337 Quidam
385 2275 509 2341 coriatis,
540 2275 804 2332 illicsacratissImo
830 2279 957 2333 Pascbeli

101 2359 239 2430 Sabbato,
261 2363 443 2432 juvenculam
460 2363 623 2434 cusjusdam
638 2366 725 2421 liliam
741 2366 769 2420 in
785 2366 956 2439 baptismata

100 2449 239 2519 suscepit.
254 2448 308 2514 Qui
323 2456 387 2520 post
406 2451 551 2522 jejunium
566 2452 684 2508 domum
700 2470 839 2524 reversus,
864 2456 956 2510 mullo

99 2537 169 2592 vino
184 2537 351 2604 inebriatus,
366 2540 486 2594 eandem
499 2540 616 2596 liliolam
632 2559 713 2597 suam
723 2560 819 2598 secum
841 2560 955 2599 manere

100 2625 197 2695 petiit,
214 2640 333 2696 eamque
349 2631 432 2681 nocte
444 2626 503 2693 illa,
520 2628 596 2699 quod
616 2629 691 2684 dicto
718 2629 797 2685 nolas
821 2636 874 2698 est,
892 2647 956 2702 per-

97 2711 186 2767 didit.
201 2713 329 2784 Gumque
344 2730 429 2769 mane
441 2714 515 2771 lacto
542 2717 710 2773 surrexisset
726 2734 801 2786 reus,
830 2721 956 2791 cogitare

99 2801 199 2872 coepit,
224 2806 256 2855 ut
284 2801 318 2856 ad
346 2801 482 2857 balneum
513 2807 741 2875 pergeret,acsi
764 2823 838 2878 aqua
860 2807 956 2863 balnei

98 2891 211 2946 lavaret
224 2891 365 2946 maculam
380 2892 497 2962 peccati.
513 2894 638 2948 Perrexit
657 2894 756 2966 Igitur,
775 2896 852 2964 lavit,
869 2897 954 2967 coepit

98 2976 258 3052 trepidare,
278 2979 433 3036 Ecclesiam
463 2980 597 3052 ingredi:
624 2982 673 3037 sed
692 2983 715 3037 si
731 2988 810 3038 tanto
834 2985 880 3040 die
894 3002 954 3040 nou

99 3067 227 3139 ignoret,
261 3069 297 3125 ad
323 3068 476 3123 Ecclesiam
510 3071 696 3126 erubescebat
724 3073 875 3128 homines:
908 3074 953 3129 sin

98 3171 169 3211 vero
185 3155 249 3225 iret,
265 3157 484 3228 pertimescebat
505 3157 646 3229 judicium
673 3159 731 3215 Dei.
759 3161 826 3216 Vicit
855 3161 952 3233 itaque

99 3245 231 3301 bumana
268 3244 447 3315 verecundia,
485 3248 609 3319 perrexit
643 3247 680 3303 ad
714 3249 876 3320 Ecclesiam,
904 3253 952 3308 sed

98 3332 308 3388 tremebundus
322 3348 355 3388 ac
376 3349 484 3404 pavens
508 3339 583 3390 stare
598 3338 684 3407 coepit
708 3342 795 3409 atque
809 3355 861 3411 per
889 3339 952 3394 sin-

100 3421 171 3492 gula
185 3426 330 3477 momenta
339 3425 498 3493 suspectus,
512 3440 570 3495 qua
582 3425 654 3479 hora
669 3425 819 3481 immundo
838 3426 953 3498 spiritui

99 3508 273 3576 traderetur,
294 3514 322 3565 et
340 3526 437 3565 coram
449 3512 528 3566 omni
542 3513 649 3584 populo
673 3517 832 3568 vexaretur.
863 3513 951 3570 Cum-

99 3613 158 3670 que
175 3598 359 3654 vehementer
373 3600 498 3668 timeret,
514 3601 541 3655 ei
552 3601 584 3655 in
596 3601 645 3656 illa
662 3601 813 3656 missarum
832 3600 951 3657 celebri·

99 3691 170 3755 tate,
183 3687 265 3758 quasi
280 3686 398 3743 adverse
412 3687 453 3742 nil
480 3687 631 3758 contingit,
647 3688 698 3760 qui
719 3688 801 3743 laetus
827 3688 906 3756 exiit,
924 3693 952 3744 et

98 3774 146 3830 die
162 3775 252 3830 altero
263 3775 414 3831 Ecclesiam
425 3776 485 3847 J'am
500 3792 617 3831 securus
626 3776 752 3832 intravit.
780 3777 951 3850 Factumque

97 3868 153 3932 est,
180 3871 213 3919 ut
240 3880 293 3935 per
315 3880 364 3919 sex
384 3865 537 3920 continuos
562 3865 623 3920 dies
653 3866 747 3935 laetus,
772 3882 804 3920 ac
834 3882 951 3922 securus

96 3952 277 4024 procederat,
291 3953 437 4009 aestimans
450 3954 527 4025 quod
544 3954 606 4025 ejus
621 3955 712 4010 scelus
736 3954 884 4024 Dumium,
901 3960 951 4012 aut

96 4055 157 4095 non
174 4039 301 4108 vidisset,
330 4046 379 4095 aut
407 4041 499 4096 visum
527 4041 752 4099 misericordIter
785 4043 947 4099 dImisisset.

96 4127 147 4182 Die
180 4132 277 4184 autem
314 4128 437 4200 septima
469 4128 562 4183 subita
593 4134 686 4184 morte
718 4128 868 4184 defunctus
896 4134 947 4186 est.

95 4216 226 4288 Cumque
242 4218 394 4288 sepulture
408 4216 531 4272 traditus
546 4216 654 4285 luisset,
666 4233 719 4288 per
739 4219 859 4290 longum
876 4223 950 4274 tem·
969 4225 992 4281 1)

93 4320 149 4376 pus
164 4307 274 4360 cunctis
290 4305 451 4361 ridentibus
466 4306 500 4362 de
528 4306 679 4376 sepulchro
705 4306 795 4378 ipsius
830 4306 947 4362 flamma

94 4393 177 4459 exiit,
192 4398 222 4448 et
238 4399 297 4448 tam
312 4393 365 4449 diu
392 4410 455 4448 ossa
479 4395 540 4465 ejus
562 4395 763 4463 concremavit,
796 4411 946 4468 quousque

93 4496 184 4536 omne
197 4481 378 4553 sepulchrum
403 4482 599 4553 consumpsit:
629 4487 656 4538 ct
672 4487 748 4538 terra
760 4500 824 4555 quae
851 4484 882 4538 in
899 4488 946 4540 tu-

93 4567 177 4622 mulo
191 4568 309 4624 collecta
322 4569 386 4639 Iuit,
408 4571 521 4626 detonsa
547 4569 700 4627 videretur.
718 4571 798 4637 Quod
815 4572 947 4628 videlicet

92 4656 277 4728 omnIpotens
292 4659 494 4727 Deuslaciens,
522 4661 647 4716 ostendit
673 4662 818 4734 quidejus
850 4663 946 4718 anima

92 4745 216 4817 pertulit
229 4746 259 4800 in
274 4749 396 4811 occulto,
412 4749 492 4818 cujus
505 4748 592 4802 etiam
606 4756 786 4821 corpusante
805 4750 946 4806 humanos

91 4833 194 4888 oculos
209 4833 325 4890 llammu
340 4836 526 4907 consumpsit.
543 4835 603 4901 Qua
618 4837 649 4892 in
667 4853 696 4892 re
719 4854 835 4910 quoque
863 4840 946 4895 uobis

91 4921 156 4977 baec
168 4922 352 4979 audientibus
366 4925 530 4995 exemplum
544 4925 791 4991 tormidiuisdare
812 4926 946 4998 dignatus

90 5015 144 5078 eet,
162 5017 304 5082 quatenus
316 5028 349 5067 ex
364 5011 417 5067 hac
431 5012 658 5070 consideratione
673 5015 851 5086 colligamus,
876 5016 945 5088 quid

90 5097 190 5151 anima
204 5097 301 5154 vivens
316 5100 497 5164 acseutieus,
513 5117 566 5172 pro
597 5108 677 5158 reatu
707 5119 759 5159 suo
787 5104 905 5175 patitur,
921 5104 945 5160 si

91 5189 172 5239 tauto
187 5184 264 5256 iguis
277 5187 418 5259 supplicio
442 5189 528 5244 etiam
543 5188 721 5246 insensibilia
745 5208 808 5246 ossa
827 5208 944 5248 concre-

91 5280 218 5330 urantur.

91 5362 157 5419 Car.
167 5362 282 5419 xtvlll.
296 5392 332 5407 -
341 5367 378 5421 De
391 5366 509 5435 quodem
522 5368 621 5435 fratrc,
632 5369 682 5438 qui
699 5368 944 5440 impupuotuturo

356 5439 459 5508 spirita
470 5438 673 5504 somicntiouis.

128 5502 185 5574 (lie
210 5503 293 5562 dietis
307 5507 463 5578 Paphnutii
481 5508 619 5580 eremite.)
638 5509 762 5576 Quidem
776 5515 860 5582 pater
878 5525 942 5567 mo·

1015 827 1122 890 senior,
1136 828 1235 883 orabat
1263 829 1371 884 intente
1399 829 1500 884 diebus
1525 848 1558 886 ac
1586 835 1728 905 noctibus,
1753 854 1806 908 pro
1830 855 1865 896 eo

1016 916 1170 987 deprecans
1194 917 1308 971 Domini
1349 917 1588 975 misericordiam.
1628 922 1736 978 lterum
1768 931 1865 982 autem

1014 1004 1146 1059 veniebat
1160 1004 1236 1060 idem
1253 1005 1350 1074 irater,
1366 1011 1395 1060 et
1418 1007 1537 1077 rogabat
1552 1008 1704 1078 senIorem,
1720 1018 1752 1067 ut
1773 1017 1865 1088 magis

1014 1093 1152 1148 intentius
1167 1110 1264 1165 proeo
1284 1099 1388 1149 oraret.
1411 1095 1549 1151 Similiter
1563 1102 1660 1153 autem
1689 1116 1754 1155 curn
1785 1105 1864 1160 omni

1015 1182 1207 1238 solllcitudine
1232 1183 1332 1238 beatus
1350 1184 1447 1238 senior
1461 1185 1562 1241 orabat
1575 1186 1714 1243 intentius
1735 1207 1788 1263 pro
1819 1210 1863 1248 eo.

1016 1272 1191 1344 Frequenter
1206 1277 1303 1327 autem
1333 1273 1495 1328 venientem
1523 1276 1604 1331 adse
1635 1280 1863 1335 monachumvi·

1015 1361 1085 1416 dens
1111 1361 1216 1428 senior,
1244 1368 1272 1416 ct
1297 1361 1500 1432 deprecantem
1528 1380 1558 1418 se
1590 1370 1622 1419 ut
1650 1373 1753 1435 oraret,
1783 1369 1864 1423 valde

1014 1450 1197 1504 contristatus
1224 1450 1421 1505 admirabatur
1449 1451 1517 1522 qula
1544 1468 1603 1506 uon
1634 1455 1782 1511 exaudiret
1807 1456 1862 1510 lto·

1015 1538 1121 1604 minus,
1135 1539 1280 1593 orationes
1295 1555 1370 1592 suas.
1387 1539 1491 1593 Eadem
1510 1547 1605 1594 autem
1622 1548 1713 1610 nocte,
1729 1544 1864 1600 revelarit

977 1660 997 1714 Β
1015 1626 1041 1680 ei
1057 1625 1206 1693 Dominus,
1223 1642 1288 1697 quae
1310 1626 1385 1680 circa
1411 1626 1493 1680 illum
1518 1628 1695 1688 monachum
1709 1638 1800 1701 erant,
1816 1650 1864 1688 ne·

1012 1713 1166 1786 gilgentie,
1182 1719 1211 1768 et
1235 1714 1357 1785 ignavIae
1371 1715 1586 1784 resolutionem,
1608 1722 1636 1770 et
1662 1718 1864 1776 delectationes

1012 1800 1073 1856 lore
1097 1818 1248 1873 corporeas
1269 1801 1362 1857 cordis
1377 1802 1448 1873 ejus.
1464 1802 1506 1856 Ita
1529 1807 1625 1858 autem
1653 1809 1797 1861 ostensum
1820 1813 1863 1862 est

1012 1894 1109 1945 saneto
1123 1891 1238 1945 seniori.
1260 1890 1335 1946 Vidit
1359 1891 1505 1946 sedentem
1521 1892 1603 1947 illum
1632 1896 1817 1965 monachum,
1834 1902 1862 1952 et

1012 1978 1145 2049 spiritum
1160 1978 1356 2033 fornicationis
1372 1979 1401 2034 in
1431 1979 1550 2034 diuersis
1579 1982 1736 2038 mulierum
1760 1984 1862 2040 turmis

1012 2073 1078 2122 aute
1093 2067 1174 2122 illum
1196 2068 1353 2135 ludentem,
1367 2072 1394 2121 et
1408 2066 1502 2138 ipsum
1518 2070 1719 2126 condelectari.
1746 2072 1863 2129 Videbat

1011 2162 1040 2210 et
1055 2157 1188 2227 angelum
1209 2156 1320 2210 Domini
1344 2160 1495 2222 astantem,
1516 2163 1545 2211 et
1568 2157 1768 2229 indignantem
1796 2177 1861 2232 gra·

1010 2244 1083 2298 viter
1107 2251 1206 2299 contra
1227 2244 1360 2298 eumdem
1383 2244 1501 2298 tratrem
1519 2260 1525 2298 :
1542 2245 1609 2316 quia
1633 2263 1691 2300 nou
1713 2249 1860 2319 surgebat,

1009 2348 1104 2403 neque
1129 2332 1330 2403 prosternebat
1351 2348 1381 2387 se
1402 2333 1431 2386 in
1452 2332 1628 2388 orationibus
1643 2335 1677 2389 ad
1695 2336 1861 2405 Dominum,

1010 2422 1059 2477 sed
1087 2421 1178 2492 magis
1202 2422 1396 2477 delectabatur
1417 2421 1448 2476 in
1470 2421 1690 2492 cogitationibus
1710 2425 1777 2480 suis.
1797 2427 1862 2481 iloec

1010 2526 1080 2581 ergo
1100 2516 1212 2565 ostensa
1240 2516 1307 2565 sunt
1330 2526 1382 2581 per
1400 2510 1607 2565 revelationem
1620 2516 1717 2567 sancto
1743 2514 1859 2570 seniori.

1010 2600 1148 2669 Cognovit
1171 2605 1279 2666 autem,
1304 2599 1373 2670 quia
1401 2598 1487 2669 culpa
1514 2603 1543 2653 et
1570 2599 1748 2671 negligentia
1784 2602 1861 2656 illius

1011 2688 1144 2743 monachi
1158 2694 1228 2756 erat,
1256 2693 1361 2743 utnon
1392 2687 1598 2742 exaudirentur
1617 2689 1763 2745 orationes
1787 2691 1860 2762 ejus.

1010 2778 1044 2831 Et
1057 2782 1127 2831 tuuc
1141 2776 1211 2832 dixit
1225 2776 1252 2831 ei
1267 2777 1364 2831 senior
1380 2791 1387 2831 :
1410 2776 1481 2840 Quia
1497 2782 1548 2831 tua
1567 2777 1652 2848 culpa
1668 2786 1738 2847 erat,
1762 2779 1858 2850 frater,
1889 2775 1899 2790 ³

1009 2867 1078 2937 quia
1092 2866 1295 2922 condelectaris
1319 2865 1541 2936 cogitationibus
1564 2867 1657 2933 malis,
1685 2867 1861 2938 impossibile

970 2941 1051 3008 Cast
1065 2954 1143 3010 enim
1169 2955 1313 3010 discedere
1335 2960 1394 3008 ate
1410 2953 1545 3024 spicitum
1575 2955 1775 3010 fornicationis
1805 2957 1860 3012 im·

1010 3042 1162 3110 mundum,
1177 3042 1241 3098 aliis
1253 3042 1412 3110 orantibus,
1435 3047 1463 3096 et
1487 3039 1578 3097 Deum
1593 3059 1648 3113 pro
1664 3047 1692 3097 te
1708 3044 1861 3116 deprecan-

1007 3131 1092 3199 tibus,
1109 3131 1163 3187 nisi
1179 3135 1208 3185 et
1221 3135 1251 3186 tu
1266 3136 1294 3186 te
1305 3131 1365 3202 ipse
1385 3130 1512 3186 laborem
1531 3147 1660 3185 assumas
1686 3131 1715 3186 in
1728 3133 1857 3204 jejuniis,

1008 3224 1036 3275 et
1051 3220 1239 3286 crettonibus,
1247 3224 1281 3274 et
1293 3219 1399 3291 vigiliis
1413 3220 1523 3289 multis,
1548 3236 1612 3274 cum
1630 3219 1741 3291 gemitu
1760 3220 1857 3292 depre

1008 3324 1083 3375 cans,
1114 3312 1145 3363 ut
1170 3308 1396 3363 misericordiam
1433 3324 1515 3363 suam
1545 3318 1573 3363 et
1606 3309 1779 3380 adjutorium
1812 3310 1860 3366 det

1007 3397 1106 3467 gratiae
1119 3414 1190 3462 suae,
1214 3397 1401 3468 proebeatqne
1421 3397 1475 3451 tibi
1499 3397 1638 3451 DomInus
1672 3398 1811 3465 Christus,
1827 3403 1859 3453 ut

1006 3485 1099 3555 possis
1111 3485 1244 3539 resistere
1272 3484 1353 3539 malis
1363 3484 1595 3555 cogitationibus.
1616 3485 1686 3538 Nam
1702 3489 1730 3539 et
1743 3487 1857 3556 medici,

1006 3572 1057 3643 qui
1082 3572 1249 3643 corporibus
1269 3572 1420 3626 hominum
1445 3572 1654 3627 medicamenta
1692 3574 1857 3644 conficiunt,

1006 3666 1035 3714 et
1048 3658 1197 3727 adhibent,
1222 3659 1353 3730 quamvis
1376 3660 1475 3714 emula
1490 3675 1557 3713 cum
1577 3675 1690 3714 summa
1710 3661 1859 3732 diligentia

1005 3746 1121 3813 saciant,
1150 3750 1348 3800 verumtamen
1373 3746 1459 3801 siille
1484 3746 1533 3818 qui
1557 3746 1731 3809 infirmatur,
1749 3764 1808 3803 non
1827 3765 1857 3805 se

1005 3834 1177 3889 abstinente
1203 3833 1297 3888 noxiis
1308 3834 1387 3903 cibis,
1413 3835 1457 3889 vel
1483 3835 1518 3890 de
1538 3835 1603 3889 aliis
1624 3852 1687 3907 qnae
1703 3837 1796 3892 solent
1808 3838 1858 3892 lte·

1005 3924 1072 3978 dere
1098 3921 1289 3987 infirmitates,
1306 3921 1378 3977 nihil
1406 3922 1521 3994 prolicit
1548 3938 1627 3991 cura,
1656 3924 1856 3997 etdiligentie,

1005 4018 1034 4067 et
1057 4011 1217 4067 sollicitudo
1244 4011 1434 4068 medicorum.
1473 4011 1611 4067 SimiliIer
1639 4011 1737 4081 etiam,
1770 4019 1800 4070 et
1826 4015 1858 4071 in

1005 4102 1109 4156 animae
1120 4100 1306 4173 languoribus
1327 4101 1440 4155 eveniet
1455 4117 1461 4155 :
1475 4100 1543 4155 lieet
1557 4117 1623 4156 curn
1649 4102 1729 4156 ouini
1756 4102 1855 4159 inten-

1004 4191 1092 4259 tione,
1110 4200 1138 4245 et
1161 4205 1196 4244 ex
1206 4193 1266 4244 toto
1286 4189 1372 4245 corde
1386 4188 1475 4245 sancti
1485 4194 1592 4261 patres,
1607 4190 1658 4262 qui
1671 4195 1739 4246 sunt
1752 4191 1857 4247 medici

1002 4279 1154 4351 spiritales,
1186 4283 1305 4333 exorent
1335 4277 1560 4335 misericordiam
1590 4278 1695 4334 Christi
1740 4280 1855 4335 Domini

1001 4367 1155 4423 Salvatoris
1171 4367 1260 4421 nostri
1285 4382 1338 4437 pro
1361 4367 1413 4434 eis,
1429 4367 1479 4438 qui
1506 4367 1683 4422 orationibus
1698 4383 1798 4424 eorum
1825 4384 1855 4424 se

1001 4455 1148 4527 postulant
1162 4454 1302 4526 adjuvari,
1319 4455 1372 4510 nisi
1387 4459 1416 4510 et
1429 4455 1484 4526 ipsi
1503 4471 1568 4510 cum
1586 4456 1665 4511 omni
1696 4455 1855 4514 intentione

1000 4545 1106 4600 mentis
1117 4549 1177 4599 tarn
1205 4543 1236 4598 iu
1261 4543 1450 4610 orationibus,
1481 4559 1570 4615 quam
1598 4544 1629 4598 iu
1656 4545 1736 4600 omui
1767 4561 1855 4617 opere

1000 4632 1131 4702 spiritali,
1149 4647 1214 4704 quae
1229 4633 1286 4687 Deo
1302 4632 1407 4703 placita
1420 4636 1497 4702 suut,
1512 4632 1628 4700 iaciant,
1642 4647 1701 4687 nou
1724 4632 1767 4687 eis
1782 4649 1854 4705 pro-

999 4719 1097 4774 llcient
1112 4719 1256 4774 orationes
1269 4734 1380 4774 eorum.

999 4857 1850 4928 cae.xmrx.-uecponsatrouuursraurecmconveret.

1035 4982 1215 5054 (Erroneitio
1244 4981 1366 5047 ibitur„
1392 4982 1437 5035 cut
1457 4982 1584 5049 interficit
1601 4997 1652 5036 rae
1679 4983 1849 5053 Arnotptus,

998 5072 1088 5140 capite
1103 5070 1158 5136 10.)
1173 5067 1295 5133 Quidam
1318 5069 1501 5139 desponsavit
1526 5085 1657 5134 uxorem,
1673 5074 1702 5124 et
1730 5070 1849 5140 dotavit,

999 5174 1064 5213 cum
1077 5173 1110 5212 eu
1124 5157 1199 5211 coire
1214 5173 1271 5211 non
1287 5158 1390 5228 potuit.
1402 5157 1494 5221 Quam
1516 5157 1604 5212 trater
1630 5159 1693 5228 ejus
1722 5159 1851 5215 clanculo

998 5246 1135 5316 corrupit,
1159 5251 1187 5300 et
1225 5245 1372 5317 grauidam
1388 5245 1523 5301 reddidit.
1552 5245 1703 5303 Decretum
1731 5253 1783 5317 est,
1820 5255 1852 5304 ut

998 5333 1127 5406 quamvis
1143 5338 1233 5405 nupta
1245 5349 1307 5389 esse
1334 5349 1392 5389 nou
1407 5334 1535 5404 potuerit
1562 5334 1690 5405 legitimo
1708 5336 1779 5401 viro,
1801 5337 1851 5393 de·

998 5427 1164 5494 sponsatam
1188 5427 1286 5476 tamen
1310 5421 1405 5491 fratri,
1430 5421 1519 5476 irater
1539 5421 1647 5478 babere
1670 5440 1730 5480 non
1747 5427 1848 5497 possit.

998 5510 1059 5566 Sed
1075 5510 1203 5567 moecbus
1223 5514 1253 5566 et
1280 5509 1402 5578 moecha,
1416 5509 1614 5566 fornicationis
1641 5513 1761 5583 qnidam
1783 5513 1846 5567 vin·
