3878 6112
92 253 143 305 gqp
399 319 401 324 1
633 243 835 300 uuucttattut
858 241 1121 298 tuouuac'tl-:Nsts
1139 240 1304 297 Erlscort.
1791 248 1832 298 90⁰

91 366 195 425 mendo
204 368 313 441 judicio
329 371 493 422 nostrorum
508 370 623 422 actuum
647 364 770 436 posituri
800 363 1276 419 rationemaaebeatemenaare.
1293 362 1662 419 Necenimdissimulanda
1690 368 1757 418 sunt
1783 382 1836 436 qne
1876 394 1889 428 ι

92 475 202 523 sumus,
213 463 246 512 ut
261 458 322 529 ejus
335 462 497 527 respectum
511 470 624 526 semper
647 453 740 524 gloria
759 458 852 507 vestra
876 457 942 507 ante
998 452 1118 506 dicimus
1134 469 1141 506 ε
1157 453 1225 524 quia
1237 451 1287 523 qui
1302 452 1454 506 emendare
1469 456 1563 522 potest
1590 456 1618 505 et
1631 453 1764 522 negligit,
1784 470 1837 523 par·
1878 486 1889 525 ,·

91 550 189 602 oculos
204 547 319 615 babeat,
335 552 362 600 et
384 560 534 616 nunquam
548 541 708 614 quodlibet,
726 559 758 596 ex
783 559 840 612 quo
868 541 944 595 inter
998 540 1372 612 ticipemseproculdubio
1395 540 1490 594 delicti
1511 540 1673 595 constituit.
1704 541 1837 596 Proridcte
1871 530 1889 575 .'

90 637 198 691 nosvel
224 650 311 706 parva
335 633 472 688 dissensio
498 630 656 703 proveniat,
688 630 827 685 admittat.
860 631 944 684 Nulla
999 629 1183 700 ergoanimae
1202 634 1312 696 vestrae,
1330 629 1477 701 providete
1491 629 1645 700 nepotibus
1662 645 1737 699 quus
1750 631 1838 700 cupitis

90 741 140 778 vos
157 723 283 778 lucraad
308 721 476 792 injustitiam
501 721 678 790 pertrahant,
705 718 796 783 utram
821 718 858 773 sit
886 717 944 770 vita
999 735 1119 788 regnare
1131 717 1260 783 feliciter,
1275 716 1423 788 providete
1445 717 1607 787 provinciis,
1639 718 1837 788 etprinsquan
1882 732 1889 783 ς’

88 812 183 867 brevis
197 811 324 882 aspicite,
338 810 373 863 ed
389 826 476 881 quem
496 810 669 880 quandoque
687 808 757 862 ituri
776 807 842 862 estis
867 805 943 877 judi·
999 806 1497 863 creatornostermanumsnamad
1525 805 1691 860 feriendum
1721 808 1837 876 excutiat,
1883 838 1889 872 ·.

90 916 163 970 cern,
179 900 229 971 qui
238 897 421 970 judiciariam
436 901 605 969 potestatem
617 897 726 969 geritis,
743 897 877 968 cogitate.
898 895 945 949 So·
1000 896 1034 950 de
1050 894 1225 949 correctione
1242 893 1328 964 hujus
1353 894 1466 948 sceleris
1482 895 1693 948 studiosissime
1720 896 1838 966 cogitate,
1885 927 1889 960 ÷

89 990 175 1045 lerter
198 1004 266 1057 ergo
294 987 465 1040 intuendum
481 989 524 1039 cst
552 986 629 1057 quod
665 990 765 1038 cuncta
791 985 869 1038 lucra
897 983 944 1036 hic
1000 982 1544 1053 netautopostmodumacriusieriat‚
1564 989 1675 1054 quanto
1693 984 1838 1038 mododiu-
1887 1016 1889 1050 ς

90 1076 291 1147 relinquimus,
333 1081 360 1128 el
391 1076 463 1128 solas
501 1074 760 1145 dispensativorum
797 1073 944 1126 lucrorum
998 1072 1056 1127 tius
1080 1077 1109 1126 et
1134 1074 1290 1126 clementer
1316 1076 1470 1141 exspectat.
1508 1072 1613 1127 Scitote
1659 1077 1758 1126 etitem
1785 1073 1840 1144 quia
1887 1062 1889 1108 ἶ

89 1183 184 1234 causa,
199 1164 345 1219 nobiscum
366 1164 400 1217 ad
420 1163 562 1234 judicium
576 1163 771 1235 deportamus.
796 1162 848 1215 llta
875 1177 943 1231 ergo
1001 1152 1137 1230 magnum
1158 1161 1215 1214 Deo
1231 1163 1328 1213 nostro
1344 1159 1515 1214 sacrificium
1530 1159 1705 1230 placationis
1719 1161 1839 1228 offeretis,

89 1255 173 1310 nobis
200 1258 266 1307 sunt
288 1253 439 1307 commoda
469 1253 633 1324 quaerenda,
661 1268 726 1323 qaae
760 1265 944 1321 nequaquam
1000 1249 1023 1302 si
1052 1248 1124 1302 tanti
1149 1248 1243 1302 labem
1270 1247 1414 1314 facinoris,
1439 1249 1474 1303 de
1498 1249 1599 1302 restris
1628 1248 1717 1303 citius
1748 1249 1838 1303 finibus

89 1342 514 1401 morsadimat.sedmansura
535 1342 565 1395 in
590 1345 762 1412 perpetuum
795 1337 944 1411 praesentis
1000 1336 1284 1407 amputatisllatum
1318 1336 1365 1392 die
1393 1353 1421 1404 r,
1462 1336 1582 1392 Kalend.
1629 1337 1714 1407 Julii,
1754 1337 1856 1392 indict.-

88 1432 154 1487 vitoe
163 1430 228 1486 finis
243 1430 384 1484 ostendat.
1000 1431 1112 1497 quarta.

179 1520 243 1574 uri.
261 1519 355 1572 livill.
376 1549 411 1557 -
426 1519 497 1572 Item
509 1518 665 1573 adhortatio
683 1518 848 1588 principum.
1230 1515 1295 1570 Car.
1309 1516 1360 1570 XX.
1372 1544 1407 1553 -
1417 1515 1457 1568 De
1469 1513 1562 1570 eadem
1575 1530 1615 1568 re.

125 1611 184 1678 (Ea
198 1624 255 1674 rep.
277 1609 356 1675 drea.
380 1607 417 1661 ad
446 1607 615 1663 Gerrreudium
630 1609 781 1661 Patricium
808 1610 834 1660 et
853 1607 980 1704 Erar-B
1036 1603 1091 1673 (Ea
1105 1620 1162 1673 req.
1189 1605 1271 1672 Greq.
1291 1603 1328 1657 ad
1353 1601 1528 1658 Tenderr'cum
1559 1618 1650 1670 regern
1675 1602 1843 1671 Francorum

90 1696 178 1760 ctum,
195 1698 284 1764 capite
296 1693 351 1764 73.)
367 1694 466 1749 Sinon
481 1711 513 1748 ex
524 1695 591 1748 tidei
606 1695 720 1764 merito,
731 1698 759 1748 et
773 1694 942 1750 Christianae
1000 1696 1087 1763 capite
1100 1692 1176 1765 273.)
1186 1691 1368 1747 Excellentiae
1381 1697 1482 1746 vestre
1502 1691 1586 1746 index
1612 1690 1710 1745 cordis
1724 1691 1845 1762 epistola,

88 1781 237 1852 religionis
249 1782 340 1851 gratia
354 1785 440 1834 tantae
457 1781 631 1836 excellentiae
646 1787 747 1836 vestrae
773 1781 944 1836 bellicorum
999 1787 1106 1852 quanta
1120 1783 1151 1836 in
1167 1780 1246 1836 robis
1260 1780 1368 1851 fulgeat
1395 1786 1462 1835 curn
1486 1781 1565 1850 regia
1595 1782 1751 1851 potestate,
1784 1795 1846 1849 pru·

90 1875 206 1924 actuum
233 1868 408 1940 prosperitas
431 1870 567 1938 eveniret,
588 1886 646 1924 non
676 1887 857 1942 summopere
889 1870 944 1924 mi·
999 1870 1106 1937 dantia,
1119 1870 1158 1924 ita
1172 1870 1309 1925 luculenti
1333 1869 1415 1940 copia
1442 1869 1582 1923 sermonis
1605 1868 1734 1934 edocuit,
1759 1868 1848 1921 utda·

91 1959 181 2012 rande
207 1958 331 2021 fuerant,
359 1972 423 2010 cum
460 1957 582 2011 sciamus
609 1959 671 2012 haec
700 1959 788 2012 etiem
819 1957 944 2029 antiquis
999 1958 1080 2013 bium
1095 1975 1226 2013 essenon
1248 1959 1351 2024 valeat,
1367 1957 1508 2029 quidquid
1536 1956 1685 2012 laudabile
1713 1957 1748 2012 de
1774 1955 1845 2009 robis

89 2046 232 2101 bellorum
248 2045 369 2100 ducibus
398 2046 483 2099 ruisse
509 2062 650 2100 concessa.
674 2046 727 2100 Sed
743 2062 809 2100 cum
834 2047 944 2100 futuras
998 2046 1075 2101 fama
1091 2047 1257 2101 narraverit.
1274 2047 1308 2101 Et
1322 2046 1460 2117 quoniam
1475 2046 1708 2101 adhortationem
1727 2050 1846 2099 nestram

90 2134 297 2203 Deolargiente
317 2133 642 2188 victoriasnoncarnali
670 2134 860 2205 providentia,
895 2135 945 2190 sed
998 2136 1086 2207 regiis
1110 2135 1224 2205 animis,
1249 2151 1301 2206 per
1336 2135 1429 2189 leudis
1457 2135 1694 2209 predicamenta·
1716 2132 1846 2205 placuisse

88 2222 181 2293 magis
197 2222 374 2276 orationibus
388 2221 604 2292 praevenietque
623 2225 656 2276 ut
678 2222 732 2276 hoc
746 2224 776 2277 in
796 2229 944 2294 stuporem
998 2225 1141 2296 signastis,
1156 2229 1189 2279 ut
1201 2222 1341 2295 quidquid
1373 2223 1409 2277 ad
1436 2223 1590 2277 [teinostri
1618 2224 1742 2288 cultum,
1773 2221 1847 2292 quid·

88 2312 194 2377 veniat,
213 2311 289 2382 quod
310 2311 509 2382 gloriavestra
536 2317 723 2366 nanterreno
749 2311 878 2379 consilio,
895 2312 944 2367 sed
998 2312 1269 2384 quidEcclesiarum
1302 2311 1502 2378 reverentiam,
1531 2310 1677 2382 quidquid
1706 2311 1741 2365 ad
1766 2309 1847 2363 bono

91 2401 150 2454 Deo
166 2400 290 2470 desuper
303 2399 441 2470 largiente
458 2399 592 2454 discedat.
610 2400 652 2453 lbi
679 2399 756 2453 enim
776 2400 943 2453 meritorum
998 2417 1059 2456 rem
1075 2401 1219 2472 pertinere
1243 2400 1414 2471 cognoscitis
1437 2400 1627 2468 sacerdotum,
1645 2397 1773 2454 studiose
1801 2403 1848 2451 sta-

13 2492 18 2503 “
90 2493 250 2542 vestrorum
268 2488 369 2558 loquax
391 2503 448 2541 non
466 2487 599 2542 discurrit
609 2488 717 2558 opinio,
740 2505 804 2559 qum
820 2494 847 2543 et
870 2489 945 2543 bella
998 2492 1052 2558 tui,
1069 2494 1096 2544 et
1111 2490 1204 2545 velitis
1227 2491 1257 2543 in
1272 2489 1406 2544 omnibus
1431 2489 1584 2555 custodire,
1610 2488 1715 2542 iterata
1741 2503 1847 2559 vesper

90 2592 141 2631 vos
168 2577 335 2647 frequenter
364 2581 510 2647 appetere,
533 2593 593 2630 non
618 2577 759 2632 desiderio
805 2577 944 2632 tundendi
999 2584 1121 2634 vestram
1141 2578 1302 2632 mercedem
1318 2578 1518 2632 adhortatione
1534 2578 1695 2648 pulsamus,
1727 2579 1760 2629 ut
1783 2591 1847 2629 con-

91 2666 313 2737 sanguinis,sec
342 2666 495 2720 dilatandae
518 2682 602 2719 causa
623 2666 798 2736 reipublice,
825 2666 855 2719 in
887 2682 944 2737 qua
997 2665 1412 2738 gregarisynodumjubeatis,
1443 2669 1470 2718 et
1490 2665 1563 2718 sicut
1590 2664 1703 2718 dudum
1739 2662 1847 2733 scripsi·

91 2755 248 2809 Deumcoli
265 2753 466 2825 conspicimus,
483 2755 659 2825 loqueretur,
683 2760 824 2825 quatenus
839 2754 943 2810 Christi
997 2770 1073 2822 mus,
1101 2753 1261 2823 corporalia
1301 2753 1496 2807 sacerdotibus
1519 2752 1598 2814 vitia,
1617 2756 1646 2806 et
1676 2751 1845 2823 symoniaca

90 2859 265 2913 nomenper
293 2843 420 2897 subditas
440 2843 630 2914 gentes,tidei
660 2843 863 2914 praedicatione
890 2843 945 2897 cir·
997 2843 1113 2897 haeresis
1124 2841 1449 2912 pravitatem,omnium
1462 2840 1667 2912 episcoporum
1683 2839 1845 2895 delinitione

90 2948 155 2986 cum
182 2948 295 3003 quaque
314 2931 496 2986 discurreret.
523 2932 696 2987 sicutenim
725 2932 866 2987 exteriora
892 2928 978 2986 vosC
998 2931 1139 2999 damnari,
1154 2934 1239 3001 atque
1263 2946 1279 2983 a
1304 2929 1386 3000 regni
1402 2929 1489 2985 vestri
1504 2928 1651 2999 amputari
1666 2928 1785 2994 finibus,
1808 2927 1844 2981 la·

88 3020 230 3075 virtutum
250 3036 337 3091 opera
353 3020 512 3074 eminentes
527 3021 557 3074 in
579 3021 631 3075 bac
659 3021 716 3074 vita
741 3022 939 3075 constituunt:
994 3018 1231 3088 ciatis,neeplus
1255 3016 1314 3071 illis
1342 3033 1394 3088 per
1412 3017 1565 3088 pecuniam
1585 3015 1728 3083 obtinere,
1766 3031 1845 3086 quam

90 3109 131 3163 ita
146 3112 173 3162 et
187 3109 369 3162 internorum
396 3114 577 3175 ornamenta,
601 3124 636 3162 ex
650 3108 734 3162 corde
749 3110 858 3163 mundo
878 3125 943 3179 pro·
995 3111 1138 3178 praecepta
1167 3093 1315 3160 Dominica
1343 3105 1514 3176 precipiunt
1553 3105 1741 3176 permittatis.
1783 3105 1845 3159 llam

90 3195 229 3254 cedentia.
246 3194 276 3246 in
296 3193 465 3247 luturavita
484 3195 640 3249 celestium
661 3196 831 3265 gaudiorum
857 3197 944 3268 parti·
996 3194 1066 3249 dum
1077 3193 1172 3247 omnis
1184 3191 1303 3247 avaritia
1316 3193 1461 3248 idolorum
1486 3194 1523 3247 sit
1550 3193 1683 3260 servitus,
1720 3192 1845 3264 quisquis

90 3283 234 3353 cipationa
249 3281 417 3352 glorificant.
995 3282 1069 3335 hanc
1083 3281 1114 3334 in
1133 3281 1234 3337 dandis
1259 3281 1419 3335 bonoribus
1444 3286 1473 3335 et
1497 3281 1621 3336 maxime
1655 3280 1845 3336 ecclesiasticis

93 3387 157 3442 (Μ,
173 3388 238 3441 χιχ,
260 3417 291 3426 ,
306 3386 427 3452 Quam„-
446 3386 608 3441 ,pudendum
622 3389 660 3441 ,52
686 3388 794 3454 ,Ῥω-ῥυ)
820 3389 942 3451 sacerdo.
996 3369 1148 3441 vigilanter
1168 3385 1228 3424 non
1242 3374 1395 3441 praecavet,
1412 3369 1592 3425 infidelitatis
1605 3369 1763 3440 perditioni
1784 3370 1845 3423 sub-

287 3462 343 3512 tum
355 3459 394 3512 aet
402 3459 499 3528 populi
510 3464 620 3527 peccata
638 3459 741 3514 ulcisci.
992 3458 1101 3529 jicitur,
1114 3458 1201 3512 etiam
1216 3457 1239 3512 si
1254 3458 1448 3513 teneretidem
1464 3475 1550 3529 quam
1567 3458 1692 3529 negligit
1707 3458 1842 3512 videatur.

128 3548 182 3611 (lla
210 3561 268 3615 req.
309 3547 389 3612 area,
418 3547 456 3599 ad
488 3547 679 3601 Bruntbildam
704 3550 827 3616 reginam
856 3550 944 3603 Frau-
996 3547 1075 3602 Sicut
1086 3563 1154 3618 ergo
1165 3551 1263 3601 contra
1280 3546 1436 3601 exteriores
1447 3546 1554 3612 hostes,
1583 3546 1624 3599 ite
1648 3561 1844 3617 quaquecan-

88 3650 190 3700 corum,
219 3633 396 3705 capitelli.)
417 3634 701 3706 Cumscriptumsit,
720 3637 833 3690 lustitia
853 3638 945 3692 elevat
996 3639 1041 3688 tra
1070 3635 1220 3689 interiores
1249 3635 1411 3689 animarum
1439 3634 1617 3688 adversarios
1647 3634 1760 3688 studete
1790 3648 1844 3687 esso

90 3717 218 3794 gentem,
248 3724 369 3777 miseros
401 3721 649 3794 autem'poputos
687 3725 755 3779 iacit
783 3731 942 3796 peccatum,
997 3721 1121 3789 solliciti,
1140 3728 1172 3776 ut
1186 3738 1238 3793 per
1257 3723 1311 3776 hoc
1328 3722 1403 3793 quod
1421 3721 1471 3775 uei
1498 3721 1589 3775 nostri
1617 3721 1743 3776 inimicis
1758 3720 1844 3775 tideli-

91 3815 159 3865 tunc
171 3827 292 3880 regnum
309 3810 431 3865 stabiliri
454 3811 592 3881 creditur,
619 3828 684 3866 cnm
710 3812 795 3882 culpa
819 3829 881 3883 qua
896 3830 942 3867 co·
997 3815 1040 3865 ter
1052 3816 1240 3882 repugnatur,
1254 3817 1283 3865 et
1305 3811 1351 3865 liic
1365 3810 1488 3865 feliciter
1502 3810 1592 3881 ipsius
1613 3810 1793 3881 protectione
1809 3825 1845 3864 re

91 3898 531 3969 gnoscitur,citiusemendetur.
548 3901 701 3954 llultorum
717 3900 806 3970 igitur
832 3901 867 3955 ad
892 3918 944 3956 nus
998 3900 1100 3970 goelis,
1119 3900 1194 3954 etad
1221 3905 1330 3955 telerna
1344 3900 1529 3971 postmodam
1559 3899 1666 3971 gaudia
1693 3899 1755 3972 eius
1780 3899 1844 3953 duce

90 3986 230 4040 relatione
246 3985 387 4056 pervenit,
403 3986 585 4057 quoddicere
596 3987 657 4041 sine
677 3987 831 4042 afflictione
852 3989 944 4043 cordis
998 3988 1090 4058 gratia
1105 3989 1235 4043 veniatis.

90 4075 180 4128 nimia
195 4091 253 4129 non
267 4075 405 4140 valemus,
418 4074 458 4128 ita
486 4075 624 4146 quasdam
650 4078 811 4130 sacerdotes
838 4077 868 4131 in
887 4078 944 4131 illis
998 4078 1062 4133 Car.
1077 4078 1142 4131 lllll.
1155 4109 1188 4117 -
1204 4077 1280 4146 Quod
1294 4077 1440 4134 multorum
1454 4077 1571 4132 solamen
1586 4079 1633 4146 sit,
1654 4080 1682 4133 si
1702 4077 1845 4148 prudentes

90 4163 219 4234 pertibus
233 4163 377 4234 impudice
392 4179 425 4216 ac
439 4163 573 4235 nequiter
597 4165 769 4231 conversari,
794 4170 827 4220 ut
846 4170 874 4220 et
893 4182 980 4262 atr-D
1247 4168 1302 4220 uiri
1310 4166 1417 4235 regibus
1433 4166 1600 4220 adhereant.

90 4250 248 4305 direnobis
274 4250 472 4321 opprobrium,
494 4255 522 4304 et
546 4251 729 4307 lamentabile
755 4253 793 4307 sit
827 4253 943 4309 referre.
1037 4255 1092 4325 (Ea
1112 4270 1174 4323 repe
1195 4256 1278 4322 Greg.
1302 4256 1339 4309 ad
1371 4255 1590 4324 Asclepiodotum
1616 4255 1771 4309 Patricium
1794 4260 1846 4307 An·

92 4340 212 4409 Neergo
233 4343 386 4409 postquam
414 4338 502 4409 hujus
524 4341 661 4410 nequitiae
688 4341 835 4412 hucusque
852 4358 881 4396 se
906 4346 945 4396 te·
998 4345 1079 4413 plor,
1091 4347 1179 4413 capite
1193 4342 1436 4414 ‘illlPrudentes
1451 4343 1539 4410 viros,
1558 4341 1719 4410 sicotestis‚
1737 4341 1845 4412 regibus

90 4423 183 4479 tendit
198 4422 307 4494 opinio,
328 4425 422 4479 aliena
436 4424 560 4495 pravitas
584 4435 632 4480 aut
656 4432 783 4504 nostram
805 4428 944 4494 animam,
999 4432 1154 4497 adhaerere,
1169 4432 1326 4485 multorum
1339 4430 1469 4484 solamen
1484 4435 1534 4484 est.
1553 4430 1624 4484 Nam
1636 4430 1707 4485 dum
1721 4428 1845 4500 praestari

92 4517 142 4568 aut
166 4517 292 4566 vestrum
320 4528 443 4584 regnum
470 4514 578 4585 peccati
600 4514 645 4568 sui
667 4516 762 4585 jaculo
787 4516 881 4585 feriat,
898 4533 943 4570 ar·
999 4520 1163 4575 sibilorum
1191 4519 1225 4573 ad
1252 4521 1468 4574 animedatum
1490 4519 1645 4573 utilitatem
1674 4518 1844 4589 intelligunt,

91 4602 192 4656 deuter
207 4602 241 4656 ad
267 4602 328 4655 hec
353 4602 491 4656 debemus
507 4603 669 4658 ulciscenda
694 4621 875 4675 consurgere,
909 4621 945 4660 ne
999 4615 1108 4664 certum
1125 4612 1175 4676 est,
1193 4609 1260 4679 quia
1281 4609 1421 4664 mercedis
1440 4624 1537 4662 causas
1552 4607 1671 4662 alieubi
1701 4607 1846 4663 inveniunt

90 4705 248 4760 paucorum
276 4689 375 4757 fames,
403 4691 559 4745 multorum
586 4707 646 4745 esse
688 4693 777 4763 possit
810 4693 943 4764 perditio.
999 4702 1256 4768 nonpraponum.

91 4781 164 4834 Nam
183 4795 268 4834 causa
282 4784 348 4833 sunt
362 4779 455 4834 ruinoe
471 4781 572 4851 populi
596 4781 756 4836 sacerdotes
774 4783 853 4836 mali.
877 4782 945 4846 Quis
999 4789 1063 4843 Car.
1081 4787 1158 4843 xltl.
1176 4816 1207 4827 -
1226 4788 1260 4841 Ut
1279 4802 1373 4855 regam
1397 4784 1553 4840 aduersarii
1575 4787 1845 4840 excommunicentur·

90 4870 168 4924 enim
183 4885 236 4939 pro
258 4868 359 4938 populi
375 4870 496 4937 peccatis
526 4886 555 4923 se
582 4870 752 4934 intercessor
774 4870 899 4941 objiciat,
921 4871 945 4924 si
1033 4876 1089 4946 (Ea
1117 4877 1227 4930 concilio
1248 4875 1323 4944 apud
1348 4877 1523 4942 Lauriacum,
1544 4878 1632 4943 capite
1659 4875 1714 4946 tt.)
1731 4874 1761 4929 Si
1789 4874 1847 4945 qais

91 4957 220 5011 sacerdos
232 4956 283 5027 qui
305 4972 423 5038 exorere
444 4956 581 5011 debuerat
609 4958 741 5028 graviora
764 4960 945 5014 committat?
999 4963 1133 5036 potestati
1159 4963 1246 5033 regia
1273 4978 1332 5017 non
1365 4967 1407 5017 est
1434 4963 1517 5034 juxta
1548 4961 1720 5031 Apostolum
1754 4962 1810 5016 nisi
1834 4976 1848 5014 a

91 5042 145 5097 Sed
160 5044 298 5115 quoniam
320 5060 369 5098 eos
395 5060 517 5115 quornm
545 5047 606 5100 haec
633 5046 740 5102 locutio
763 5054 806 5104 est
820 5048 943 5120 insequi,
987 5053 1067 5122 lieo,
1095 5051 1254 5107 contumaci
1269 5058 1296 5106 et
1322 5051 1421 5105 inssato
1451 5051 1554 5121 spiritu
1569 5050 1780 5117 contradicere,
1809 5049 1846 5103 rel

92 5145 145 5184 nec
157 5132 319 5186 sollicitudo
333 5133 367 5187 ud
384 5133 608 5203 requisitionem,
625 5151 677 5188 nec
692 5138 769 5190 zelus
795 5137 899 5192 excitat
910 5137 944 5191 ad
999 5142 1141 5207 resistere,
1168 5140 1395 5211 presumpserit,
1412 5145 1441 5194 et
1459 5139 1520 5209 ejus
1538 5137 1625 5210 justis
1649 5143 1680 5193 et
1698 5137 1849 5193 rationabi-

91 5217 266 5273 rindictam:
295 5221 400 5290 scripta
436 5222 472 5276 ad
506 5238 558 5277 nos
591 5228 685 5278 vestra
713 5225 882 5292 discurrant,
912 5231 945 5280 ut
999 5229 1073 5284 libus
1086 5229 1216 5299 imperiis
1232 5229 1387 5282 secundom
1404 5229 1494 5282 ileum
1521 5227 1777 5281 etauctoritatem
1804 5227 1848 5281 Ec·

92 5321 245 5376 personam
260 5308 283 5362 si
306 5311 461 5382 praecipitis
482 5327 548 5366 cum
570 5317 671 5366 restrae
697 5315 872 5369 auctoritatis
904 5333 945 5369 as·
999 5316 1187 5370 ctesiastieam
1211 5317 1410 5386 obtemperare
1425 5314 1561 5383 noluerit,
1580 5315 1847 5369 anathematizetur.

93 5397 430 5466 sensutransmittamus,
459 5417 602 5471 qumana
632 5417 697 5455 cum
721 5403 785 5456 aliis
808 5403 944 5458 sacerdo·
1035 5405 1098 5459 Car.
1116 5404 1206 5459 ltltlll.
1223 5408 1309 5459 -lle
1322 5403 1380 5460 illis
1393 5407 1442 5472 qui
1451 5404 1814 5474 principinonobedierent.

92 5483 169 5538 tibus
182 5484 283 5539 baecet
295 5485 438 5542 subtiliter
453 5504 592 5560 querere,
611 5493 639 5544 et
666 5491 825 5546 secundum
854 5493 943 5547 Deum
1036 5493 1092 5563 (lla
1107 5492 1218 5548 censitio
1236 5491 1370 5564 toletan.)
1385 5492 1418 5547 In
1433 5491 1507 5547 libro
1527 5507 1631 5562 regum
1649 5491 1759 5564 legitur
1774 5509 1781 5548 :
1798 5490 1847 5558 uui
