3878 6112
436 277 675 339 DECRETORUU
696 281 787 337 itaut
806 281 860 341 ΧΧ.
881 312 915 323 -
937 282 1042 343 trouu
1063 282 1256 343 ttossbws.
1651 298 1719 354 tote

70 416 88 455 e
102 412 195 456 anuos
208 397 338 467 baberet,
358 370 495 455 innotuit.
511 399 591 465 Quod
609 399 746 457 nimirum
762 401 857 459 tra-A
876 400 1025 464 Quomodo
1044 403 1160 461 euicui
1175 405 1224 461 ille
1237 408 1408 477 rospondit:
1428 409 1510 466 Nunc
1531 427 1622 485 nsque
1644 415 1719 471 male

73 505 131 544 uon
147 489 240 559 potuit
264 490 362 554 celari,
391 491 441 544 sed
465 489 609 544 subtiliter
633 489 815 560 indagantes,
871 489 923 555 fui,
940 491 1026 546 modo
1038 493 1100 562 jam
1113 493 1187 549 bene
1203 510 1267 550 sum
1284 511 1291 550 :
1306 496 1373 568 quia
1388 497 1719 577 hodiecommuniononr

70 577 145 632 iltius
164 578 261 632 omnia
284 579 495 634 medicamenta
513 583 738 650 perscrutantes,
758 596 817 633 eos·
871 578 977 649 recepi.
989 578 1071 644 Quod
1087 581 1164 636 idem
1189 583 1327 655 Copiosns
1342 601 1474 657 pergens,
1503 588 1634 658 protinus
1661 591 1719 646 tra·

70 682 106 721 es
130 682 231 720 arrreos
256 667 286 722 in
313 667 500 722 medicamine
524 668 678 723 absconsos
699 668 816 722 invene·
871 665 963 720 tribua
976 666 1007 722 in
1023 669 1356 729 monasterioindieavit.
1373 674 1484 730 Fratres
1508 691 1576 731 vero
1597 678 1719 734 sollicite

70 756 140 821 luod
157 771 221 810 mor
239 763 271 810 ut
285 756 539 812 mibi-nunciatum
554 762 604 822 est,
620 761 733 811 tentum
753 772 815 811 ma·
870 755 1078 826 computabant
1091 758 1162 827 dies,
1172 764 1202 814 et
1213 765 1381 831 repererant
1408 763 1483 834 quod
1509 763 1571 835 ipse
1593 766 1653 821 dies
1672 783 1718 823 ex·

70 862 77 900 a
92 845 181 900 tratre
198 845 247 916 qui
264 845 412 900 nobiscum
434 845 624 899 communiter
638 845 705 899 vixit
720 861 814 916 aqna.
870 843 952 912 stitit,
966 861 1024 916 quo
1037 862 1090 917 pro
1106 863 1139 902 eo
1150 848 1297 919 trigesima
1307 849 1415 905 oblatio
1425 851 1617 924 luitimpleta.
1631 856 1717 912 Cam·

70 933 172 988 rierre
188 949 244 987 non
268 934 346 987 valui
362 949 370 988 ι
387 933 495 1005 quippe
515 934 584 1004 quia
605 933 734 1004 ejusdem
757 949 816 987 mo-
870 948 926 1002 que
945 938 974 988 et
986 932 1124 1004 copiosus
1140 936 1274 1006 nesciret,
1290 938 1360 1009 quid
1384 955 1438 1010 pro
1462 956 1497 995 eo
1521 942 1624 997 fratrea
1645 959 1717 1016 age-

70 1020 83 1074 i
98 1037 213 1091 semper
227 1023 328 1093 regula
343 1021 397 1076 luit
413 1027 444 1076 ut
458 1021 552 1077 cuncti
568 1021 669 1077 tratres
684 1022 724 1077 ita
736 1037 815 1075 eom·
869 1021 944 1085 rent,
955 1024 985 1074 et
997 1019 1100 1076 iratres
1114 1021 1299 1093 ignorassent
1311 1025 1388 1096 quod
1408 1026 1443 1081 de
1457 1025 1506 1080 illo
1522 1028 1660 1099 copiosus
1674 1030 1716 1086 vi-

70 1110 241 1172 era-iverant,
261 1115 404 1180 quatenus
422 1110 814 1182 eissingulisnutlahabcre
868 1106 966 1172 disset,
996 1124 1056 1165 uno
1081 1111 1240 1184 eodemque
1264 1117 1395 1185 tempore
1417 1116 1487 1170 dnm
1506 1118 1639 1187 cognovit
1667 1119 1715 1175 itte
1769 1161 1770 1165 ,

70 1197 203 1252 eliceret.
219 1199 298 1252 Tunc
310 1198 400 1252 nimio
428 1213 551 1253 moerore
570 1213 733 1268 percussus,
763 1214 813 1252 co·
869 1195 946 1265 quod
974 1196 1021 1251 isti
1042 1197 1187 1270 ignorant.
1218 1204 1304 1273 atque
1332 1201 1380 1257 isti
1405 1204 1617 1275 cognoscebant
1638 1207 1716 1278 quod

70 1287 148 1358 coepi,
169 1288 212 1341 vet
240 1288 317 1358 quod
339 1287 375 1342 ad
392 1287 593 1359 purgationem
610 1286 813 1343 morientisla·
869 1282 917 1338 ille
940 1283 1021 1352 vidit,
1046 1287 1251 1344 concordantes
1276 1290 1363 1345 simul
1392 1291 1532 1347 visionem
1556 1298 1585 1349 et
1609 1294 1716 1351 sacriti-

92 1376 136 1429 vel
164 1376 241 1446 qnod
281 1375 310 1430 in
334 1377 466 1446 exemplo
492 1375 655 1431 viventibus
679 1375 813 1430 iratribus
868 1372 955 1438 cium,
971 1387 1016 1428 ree
1039 1379 1138 1445 aperte
1164 1376 1277 1444 claruit,
1304 1378 1537 1451 quiairaterqni
1564 1381 1715 1439 defunctus

70 1480 157 1520 erem.
176 1464 305 1519 Precioso
321 1464 409 1537 igitur
421 1465 548 1535 ejusdem
560 1463 727 1518 monasterii
738 1479 812 1534 prte-
868 1459 923 1515 tuit
937 1476 990 1530 por
1002 1462 1155 1518 salubrem
1168 1464 1290 1520 hostiam
1304 1466 1478 1538 supplicium
1494 1469 1593 1525 evasit.

74 1553 108 1606 td
125 1568 170 1607 ¹¹¹0
185 1553 284 1616 ⁸⁰⁰it0·
301 1552 371 1607 (¹1¹st
386 1569 393 1607 ²
418 1553 504 1621 ΜΘ,
529 1558 557 1607 θῑ
578 1553 675 1606 nultus
701 1569 734 1606 ⁸¹
755 1553 812 1605 fta·
868 1564 932 1619 Cer.
944 1565 1022 1620 thll.
1035 1596 1067 1608 -
1079 1568 1155 1633 Quod
1169 1585 1248 1624 socru
1259 1571 1359 1625 oblatio
1373 1578 1434 1640 post
1447 1578 1559 1628 nantem
1568 1577 1714 1634 animabus

74 1657 104 1696 se
118 1642 152 1696 ad
170 1657 235 1696 eum
252 1641 423 1696 morientem
434 1643 549 1713 Jungat,
574 1657 627 1696 nec
648 1656 811 1695 sermonem
827 1680 848 1735 B
918 1636 1046 1705 prodesse
1060 1642 1154 1706 possit,
1170 1644 1195 1693 st
1209 1647 1336 1696 uonsuut
1351 1644 1436 1712 culpa
1448 1645 1658 1702 indissolubiter.

70 1730 167 1784 itionis
182 1729 377 1800 excnjuslibet
398 1746 498 1785 corum
515 1746 565 1784 ore
585 1728 734 1800 percipiat,
763 1728 811 1782 sed
903 1727 963 1791 (Ea
985 1727 1084 1796 diotop
1104 1729 1227 1798 Grcpov.)
1239 1729 1268 1785 Si
1281 1731 1373 1801 culpes
1388 1736 1453 1801 post
1468 1737 1590 1789 mortem
1604 1735 1713 1792 insolu-

70 1823 182 1873 rmorte
202 1808 371 1873 constitutus
394 1818 496 1873 iratres
521 1817 676 1890 quaesierit,
701 1817 728 1871 ei
744 1832 813 1870 serris
867 1814 939 1869 biles
953 1831 1011 1870 non
1027 1823 1104 1884 sunt,
1130 1819 1287 1872 multorum
1315 1821 1387 1874 solet
1412 1821 1524 1876 animas
1547 1822 1634 1879 etiam
1650 1829 1715 1896 post

70 1908 188 1961 carnalis
211 1907 306 1962 dieat:
323 1906 391 1978 quia
418 1922 471 1976 pro
486 1906 583 1961 solidis
605 1922 677 1977 qnos
703 1905 813 1961 occulte
869 1907 991 1958 mortem
1004 1920 1082 1958 sacra
1097 1905 1203 1960 oblatio
1218 1906 1320 1961 hostiae
1348 1909 1480 1964 salutaris
1502 1911 1649 1981 adjuvare,
1674 1913 1715 1969 ita

70 2036 75 2059 ,
91 1995 229 2049 acunctis
244 1994 380 2049 iratribus
395 1994 576 2049 abominatus
590 1993 636 2059 sit,
652 1997 684 2047 nt
713 1993 812 2047 saltem
869 1995 899 2044 ul
911 1990 964 2046 boc
978 2007 1187 2062 nonnunquam
1201 1994 1272 2064 ipsse
1286 1995 1487 2053 detunctorum
1503 2000 1607 2056 anime
1624 2018 1713 2073 expe·

70 2085 145 2138 tede
161 2084 244 2154 eulpa
261 2089 387 2138 mentem
405 2083 566 2137 amaritudo
594 2081 813 2148 transverberet,
868 2082 928 2133 tere
951 2078 1110 2134 videantur.
1139 2081 1210 2135 Nem
1240 2082 1394 2152 pradictus
1424 2086 1500 2139 Felix
1523 2087 1716 2160 episcopus,a

70 2177 213 2242 apeccato
228 2172 305 2243 quod
320 2171 497 2244 perpetravit
520 2176 633 2242 purget.
650 2171 720 2226 Cum
747 2185 813 2223 vero
868 2166 995 2237 quodam
1007 2168 1179 2222 venerabilis
1200 2169 1265 2224 vita
1286 2172 1454 2242 presbytero
1470 2173 1521 2244 qui
1543 2191 1635 2247 usque
1650 2182 1716 2233 aute

70 2277 96 2313 is
110 2259 207 2322 inerit,
229 2277 332 2331 corpus
355 2260 433 2314 illius
454 2275 520 2314 cum
545 2258 666 2313 fratrum
691 2256 814 2328 corpori·
868 2255 1019 2310 biennium
1034 2255 1114 2323 vixit,
1130 2261 1158 2310 et
1173 2257 1204 2311 iu
1219 2258 1334 2314 dioecesi
1356 2260 1609 2318 Centumcellensis
1635 2264 1717 2320 urbis

70 2365 92 2400 n
104 2353 239 2418 ponetur,
255 2350 303 2403 sed
317 2349 445 2420 quolibet
460 2349 564 2403 fossam
584 2347 614 2402 in
634 2346 815 2418 sterquilinio
868 2344 1017 2410 habitavit,
1033 2349 1119 2416 atque
1133 2346 1265 2401 Ecclesiae
1279 2347 1354 2402 beati
1369 2349 1497 2416 loannis,
1514 2366 1579 2422 quar
1591 2352 1621 2407 in
1643 2354 1715 2422 loco,

74 2435 103 2489 in
119 2452 264 2507 eocorpns
278 2437 341 2507 ejus
352 2435 493 2507 projicite,
509 2434 605 2506 ibique
620 2451 735 2506 semper
748 2451 813 2491 enm
868 2433 918 2504 qui
932 2433 1073 2489 Tauriana
1086 2434 1200 2503 dicitur,
1218 2436 1270 2491 sita
1286 2440 1340 2502 est,
1358 2442 1490 2508 praeerat,
1504 2441 1671 2510 cognovisse
1686 2458 1716 2497 se

70 2539 145 2576 ireos
171 2539 244 2595 quos
270 2524 387 2595 reliquit
405 2525 521 2595 jactate,
545 2523 631 2587 simut
644 2539 744 2579 omues
758 2525 814 2579 cia·
868 2522 969 2577 asserit
984 2523 1159 2594 :quodidem
1169 2524 1504 2595 presbyterineolocoiu
1515 2543 1665 2600 quoeques
1673 2545 1717 2585 oa-

70 2628 86 2677 v,
103 2611 227 2665 Pecunia
242 2617 289 2666 tua
307 2617 401 2666 tecum
425 2611 462 2667 sit
481 2613 510 2667 in
525 2612 698 2683 perditione,
721 2616 750 2666 et
775 2611 815 2666 sic
867 2610 934 2666 lide
947 2625 1066 2680 vapores
1080 2611 1186 2667 nimios
1196 2611 1314 2674 faciunt,
1327 2612 1440 2684 quoties
1451 2615 1603 2670 necessitas
1612 2633 1716 2689 corpo·

70 2716 123 2753 erra
143 2700 262 2771 operite.
281 2701 313 2755 ln
334 2702 440 2772 quibus
465 2700 594 2773 utrisque
618 2702 705 2756 rebus
726 2717 814 2756 unam
868 2699 908 2752 ris
921 2700 1025 2770 eregit,
1041 2700 1297 2755 lavariconsuevit.
1311 2701 1442 2756 Ubidnm
1454 2702 1499 2757 die
1512 2704 1715 2774 quadamiuis-

69 2789 111 2858 ui,
141 2790 260 2843 alteram
279 2805 347 2844 vero
371 2789 448 2845 votui
489 2789 651 2845 viventibus
678 2789 815 2845 tratribus
869 2787 1714 2862 setingressus,invenitqucmdamincognitumvirum,ad

72 2892 112 2942 se,
123 2882 154 2931 nt
170 2883 198 2932 et
214 2879 294 2933 illum
310 2879 471 2933 amaritudo
487 2879 589 2934 mortis
604 2878 717 2950 aculpa
734 2879 813 2932 solu·
869 2891 953 2930 enum
968 2874 1138 2947 obsequium
1152 2877 1355 2949 paratum,qui
1369 2877 1424 2932 sibi
1435 2878 1599 2948 depedibus
1609 2883 1713 2938 calcea.

70 2964 181 3030 laceret,
198 2973 226 3019 et
239 2967 308 3021 istos
330 2967 457 3022 avaritiae
473 2973 553 3022 tanta
576 2968 721 3023 damuatio
745 2966 813 3022 mis·
829 2960 850 3015 C
869 2971 965 3019 menta
979 2964 1166 3029 abstraheret,
1183 2965 1352 3020 vestimenta
1368 2966 1535 3038 susciperet,
1552 2974 1581 3024 et
1599 2971 1715 3027 exeunti

86 3054 169 3126 culpa
185 3054 361 3125 prohiberet.
385 3056 465 3121 Quod
486 3056 527 3111 ita
550 3055 724 3110 factumest.
741 3055 814 3110 Nam
868 3052 993 3106 acalore
1007 3052 1113 3108 sabana
1127 3054 1280 3125 preberet,
1308 3060 1396 3126 atque
1410 3072 1496 3113 omne
1522 3058 1715 3116 ministerium

70 3143 123 3197 lem
137 3144 314 3213 pervenisset
324 3144 358 3198 ad
372 3151 505 3212 mortem,
531 3149 560 3198 et
572 3144 655 3199 anxie
672 3149 815 3215 quareret
869 3156 935 3194 cum
948 3157 1054 3212 magno
1070 3142 1208 3199 taurulatn
1225 3150 1386 3215 perageret.
1403 3144 1533 3217 Cumque
1543 3147 1597 3202 boc
1610 3150 1716 3220 saepius

69 3230 368 3300 ribuscommendare,
394 3233 547 3303 nullusque
573 3233 600 3287 ei
621 3247 657 3286 ex
680 3224 814 3287 tratribus
868 3226 992 3296 iecisset,
1007 3229 1083 3285 idem
1098 3230 1246 3302 presbyter
1259 3231 1305 3285 die
1319 3231 1445 3303 quadam
1455 3234 1489 3290 ad
1499 3235 1601 3291 balnea
1611 3236 1714 3307 iturus,

70 3336 109 3374 ire
125 3326 152 3375 et
166 3321 246 3392 loqui
261 3321 438 3391 dignaretur,
453 3321 480 3374 ei
502 3320 625 3375 earnalis
645 3321 744 3389 irater,
763 3336 815 3375 cur
867 3316 943 3371 intra
950 3319 1136 3389 semetipsum
1144 3320 1282 3389 cogitans,
1290 3319 1378 3375 dixit:
1390 3322 1717 3394 Viroitliquimihisolet

69 3408 152 3464 nibus
171 3415 245 3464 esset
268 3409 460 3475 abominatus,
489 3409 625 3464 innotuit.
648 3408 702 3474 Qut
730 3409 816 3480 proti·
868 3408 928 3460 tam
943 3405 1125 3461 devotissime
1135 3408 1336 3464 adlevandum
1346 3409 1476 3481 obsequi,
1487 3410 1617 3482 ingratus
1627 3430 1716 3486 appa·

83 3500 363 3561 reetuvebementer
377 3499 496 3568 gemuit,
526 3503 612 3568 atque
635 3497 666 3552 iu
687 3497 748 3568 ipsa
763 3498 813 3551 tri·
868 3508 931 3547 rere
945 3509 1002 3549 non
1013 3495 1114 3561 debeo,
1127 3496 1176 3551 sed
1186 3495 1294 3568 aliquid
1306 3513 1352 3551 me
1364 3513 1479 3552 neeesse
1489 3504 1533 3553 eet
1546 3500 1573 3554 ei
1588 3517 1641 3572 pro
1656 3517 1717 3557 mn-

70 3602 209 3657 rcorpore
233 3587 329 3641 exivit.
345 3585 401 3651 Qui
423 3586 464 3640 ita
487 3588 616 3656 sepultus
631 3590 683 3652 est,
699 3589 731 3639 ut
744 3584 811 3639 dixi.
869 3597 937 3636 nere
951 3587 1076 3653 portare.
1093 3583 1171 3637 Tunc
1185 3582 1256 3637 dnas
1275 3599 1371 3638 secum
1392 3584 1570 3641 oblationum
1597 3604 1716 3645 coronas

70 3680 134 3730 ttres
146 3691 246 3730 omnes
262 3675 362 3730 eadem
378 3675 520 3730 sententia
533 3673 705 3745 perturbari,
725 3689 815 3743 coepe·
868 3669 980 3725 detulit.
996 3670 1051 3736 Qui
1067 3686 1143 3738 mor,
1166 3675 1199 3725 ut
1223 3671 1354 3742 pervenit
1378 3672 1413 3727 ad
1437 3673 1543 3739 locum,
1567 3675 1716 3732 bominem

70 3763 157 3834 iuguli
175 3768 302 3818 extrema
325 3778 458 3834 quaeque,
485 3766 513 3816 et
533 3761 610 3828 vitia,
640 3765 669 3814 et
693 3761 814 3832 quaeis
868 3757 978 3812 invenit
994 3774 1002 3812 ε
1016 3764 1102 3830 atque
1117 3774 1150 3812 ex
1167 3774 1247 3812 more
1273 3759 1336 3830 ejus
1361 3760 1500 3831 obsequio
1524 3760 1554 3816 in
1581 3764 1715 3819 omnibns

70 3868 82 3907 r
96 3852 200 3906 babere
215 3852 385 3923 regulariter
399 3851 529 3918 licuerat,
544 3849 579 3904 ad
595 3849 722 3904 medium
746 3865 813 3919 pro·
870 3861 937 3900 usus
951 3851 1003 3902 eat.
1020 3846 1098 3902 Lavit
1112 3847 1220 3918 itaque,
1240 3851 1268 3901 et
1282 3863 1347 3902 cnm
1361 3848 1421 3918 jam
1436 3849 1564 3918 vestitus,
1580 3851 1717 3907 voluisset

71 3941 314 4011 vehementerque
324 3939 531 4007 formidabant,
551 3937 671 4008 nequid
693 3937 768 4008 apud
784 3953 814 3991 se
869 3935 978 4006 egredi,
994 3935 1048 3990 hoc
1069 3936 1145 4007 qnod
1160 3951 1256 3990 secum
1281 3935 1383 3990 detulit
1401 3934 1571 4008 obsequenti
1587 3939 1642 3995 sibi
1655 3940 1716 3996 viro

70 4030 144 4085 unde
170 4029 342 4100 reprebendi
368 4028 538 4099 potuissent.
562 4027 632 4082 Cum
660 4042 726 4080 vero
750 4030 815 4097 post
869 4039 922 4094 pro
935 4023 1135 4078 benedictione
1151 4024 1264 4092 obtulit,
1278 4029 1378 4095 petens
1392 4029 1426 4079 ut
1447 4025 1571 4098 benigne
1594 4028 1716 4101 suscipe-

70 4119 167 4188 nejns
191 4117 310 4188 triginta
323 4118 384 4188 jam
409 4125 504 4171 essent
533 4115 672 4186 diesejus
697 4115 813 4182 evoluti,
870 4111 1003 4183 retqnod
1023 4112 1049 4166 ei
1068 4111 1214 4167 eharitatis
1237 4112 1329 4183 gratia
1351 4112 1475 4168 offerret.
1503 4116 1618 4171 Cniille
1641 4133 1714 4173 moe·

70 4209 179 4261 animos
195 4222 276 4261 meris
291 4206 425 4261 defuncto
441 4204 521 4259 tratri
542 4205 678 4275 compati,
693 4205 848 4297 ejusqueD
869 4216 945 4265 rens,
972 4199 1152 4272 afflictusque
1175 4201 1345 4272 respoudit:
1372 4202 1439 4257 liibi
1463 4202 1517 4258 ista
1541 4220 1630 4274 qnare
1654 4205 1714 4271 das,

70 4297 144 4350 olore
160 4296 238 4366 gravi
263 4294 404 4365 supplicia
417 4310 547 4365 pensare,
564 4298 592 4346 et
609 4293 714 4363 siquid
740 4297 814 4347 esset
868 4288 973 4341 Pater?
987 4288 1043 4342 lete
1057 4289 1141 4359 panis
1153 4297 1267 4344 sanctus
1280 4295 1332 4357 est,
1362 4295 1391 4344 et
1411 4306 1465 4361 ego
1490 4292 1567 4347 hunc
1589 4293 1715 4348 maudu-

70 4383 123 4438 vuis
138 4384 198 4454 ejus
212 4383 242 4437 in
268 4382 428 4437 remedium
443 4397 582 4453 quarere.
598 4381 676 4434 Tunc
697 4385 813 4435 evocato
868 4391 933 4429 cere
945 4391 1003 4430 non
1020 4392 1147 4447 possum.
1161 4377 1202 4432 lle
1216 4383 1244 4432 et
1260 4377 1336 4433 enim
1353 4393 1439 4449 quem
1454 4378 1543 4446 vides,
1561 4378 1716 4450 aliqnando

77 4473 207 4527 Precioso
229 4471 331 4526 eodem
352 4469 518 4525 monasterii
541 4469 633 4524 nostri
647 4469 812 4540 preposito,
869 4466 924 4519 loci
938 4465 1023 4537 buJus
1038 4467 1170 4522 dominus
1184 4466 1238 4537 fni,
1255 4468 1303 4523 sed
1327 4484 1379 4539 pro
1393 4467 1485 4539 culpis
1494 4468 1565 4523 meis
1580 4469 1626 4523 hie
1651 4474 1718 4540 post

70 4561 141 4614 cistis
157 4576 163 4614 :
184 4560 237 4614 Dio
251 4564 302 4627 est,
326 4559 403 4631 quod
416 4559 505 4613 irater
527 4558 574 4612 itte
597 4558 648 4628 qui
663 4557 814 4611 defunctus
869 4559 992 4609 mortem
1006 4555 1159 4626 deputatus
1173 4572 1250 4611 sum.
1265 4556 1294 4611 Si
1309 4561 1407 4611 antem
1421 4557 1492 4611 mibi
1505 4561 1642 4628 praestare
1663 4557 1715 4626 ris,

72 4649 138 4720 igue
153 4649 305 4716 cruciatur,
327 4648 465 4702 debemus
487 4647 514 4701 ei
533 4645 642 4717 aliquid
667 4643 815 4699 charitatis
870 4644 1062 4716 omnipotenti
1073 4646 1129 4701 beo
1141 4662 1192 4718 pro
1210 4662 1256 4701 me
1274 4646 1346 4701 offer
1365 4646 1442 4702 bunc
1464 4661 1580 4716 panem,
1611 4651 1643 4703 ut
1664 4664 1718 4718 pro

70 4738 144 4803 dere,
159 4742 188 4791 et
202 4753 268 4790 eum
287 4737 316 4790 in
332 4741 473 4807 quantum
489 4749 653 4802 possumus,
668 4736 700 4786 ut
713 4731 816 4803 eripia-
869 4734 993 4803 peccatis
1006 4733 1077 4790 meis
1091 4734 1266 4789 intervenias
1282 4751 1290 4788 ι
1304 4739 1334 4790 et
1347 4738 1416 4788 tono
1429 4734 1594 4789 exauditum
1609 4739 1637 4790 te
1655 4751 1716 4790 esse

70 4826 173 4896 juvare.
191 4825 267 4880 Vade
290 4826 389 4895 itaque
404 4829 432 4878 et
447 4822 483 4877 ab
499 4822 639 4877 hodierna
653 4820 699 4875 die
715 4820 816 4875 diebus
870 4836 1022 4892 cognosce,
1037 4838 1102 4877 crim
1119 4822 1175 4877 buc
1190 4821 1225 4876 ad
1247 4821 1386 4877 luendum
1410 4821 1535 4887 veneris,
1561 4827 1650 4877 etms
1666 4823 1718 4878 mi·

70 4915 236 4969 acontinuis
260 4913 365 4967 oilerre
391 4928 443 4983 pro
471 4927 506 4966 eo
530 4910 700 4965 sacriticium
723 4908 815 4974 stude,
870 4910 949 4964 nime
962 4909 1115 4965 inveneris.
1132 4911 1165 4963 ln
1179 4908 1285 4981 quibus
1299 4909 1393 4965 verbis
1415 4909 1565 4980 disparuit,
1581 4914 1610 4964 et
1629 4910 1718 4982 isqui

74 5019 106 5057 us
120 5004 249 5056 omnimo
265 5003 504 5072 praetermittatur
519 4999 591 5065 dies,
617 5013 675 5068 qno
698 5013 750 5068 pro
768 4996 817 5051 ab·
871 5014 931 5053 esse
960 4998 1047 5054 homo
1075 4998 1236 5064 videbatur,
1268 4997 1462 5053 evanescendo
1485 4998 1620 5067 innotuit,
1649 4997 1718 5071 qnia

70 5107 111 5146 me
126 5092 204 5146 illius
223 5090 356 5145 salutaris
372 5089 465 5144 bestia
484 5104 543 5142 nou
569 5086 745 5141 immoletur.
763 5084 817 5149 Qui
871 5087 988 5157 spiritus
1001 5087 1066 5141 fuit.
1082 5087 1161 5142 ldcm
1175 5103 1242 5142 vero
1257 5087 1416 5158 presbyter,
1432 5086 1610 5142 hebdomada
1624 5088 1717 5143 conti·

70 5197 101 5234 us
123 5179 267 5244 abscessit,
290 5185 319 5232 et
343 5177 448 5249 paruit.
474 5175 562 5231 Nobis
585 5181 682 5228 autem
699 5173 754 5227 alia
767 5189 816 5227 cu·
871 5191 929 5229 nun
944 5190 1005 5229 sese
1020 5191 1073 5246 pro
1089 5191 1122 5229 eo
1139 5176 1167 5229 in
1188 5175 1320 5246 lucrymis
1341 5175 1452 5241 alilirit,
1469 5174 1623 5230 salutarem
1650 5190 1719 5246 quo·

70 5285 109 5333 us,
118 5277 204 5341 atque
214 5268 342 5322 evolutos
351 5266 411 5321 dies
427 5280 485 5319 non
497 5261 725 5327 numerantibus,
741 5261 817 5316 idem
871 5262 942 5316 tidie
956 5263 1080 5317 bostiam
1094 5263 1209 5330 obtulit,
1225 5271 1254 5318 et
1268 5279 1399 5318 reversus
1410 5269 1509 5333 postea
1521 5264 1556 5319 ad
1571 5264 1718 5334 balneum,

72 5357 121 5428 qni
139 5357 289 5411 delnnctus
314 5354 376 5420 luit,
405 5359 488 5407 nocte
510 5352 635 5423 quadam
665 5350 744 5405 iratri
767 5365 818 5404 suo
873 5365 939 5404 eum
962 5349 1081 5407 minime
1113 5351 1231 5406 invenit.
1257 5351 1318 5416 Qua
1342 5366 1433 5417 exre,
1464 5357 1605 5423 qnantum
1627 5352 1719 5423 prosit

72 5463 108 5501 no
128 5447 315 5517 Copiosoper
337 5444 475 5498 visionem
500 5440 643 5512 apparuit.
668 5438 760 5504 Quem
770 5439 819 5494 ille
873 5437 1026 5493 animabus
1051 5438 1214 5494 immolatio
1245 5454 1332 5493 sacree
1364 5438 1515 5494 oblationis
1540 5440 1718 5495 ostenditur:

70 5534 189 5599 vidisset,
217 5532 366 5603 inquisivit
391 5531 488 5586 diceus
508 5544 517 5583 :
539 5528 613 5594 Quid
641 5531 694 5594 est,
713 5527 820 5583 frater?
874 5527 991 5600 qnando
1006 5527 1080 5582 hanc
1094 5532 1123 5582 et
1135 5527 1192 5598 ipsi
1207 5532 1388 5583 mortuorum
1399 5527 1543 5599 spirituas
1558 5529 1720 5584 viventibus
