3878 6112
491 199 569 255 vira
587 202 615 257 S.
634 200 863 270 ebrudunum,
885 202 944 259 Ubi
963 204 1009 261 1111
1029 203 1060 260 8.
1079 204 1248 263 uranico.
1474 242 1488 269 .
1695 209 1754 266 all

70 319 118 386 lta,
134 319 261 415 illiciam
274 319 419 376 consortio
435 319 555 388 lrnitur3
571 323 756 393 apostoloset
769 329 874 382 con-h
894 327 959 397 sito,
988 344 1040 384 suo
1067 328 1161 384 loculo
1187 329 1219 384 ia
1239 330 1340 386 dextro
1380 331 1482 402 latere,
1510 334 1584 389 sicut
1609 336 1748 394 hactenus

70 424 120 476 ras,
161 423 287 480 quorum
310 408 399 464 tidem
437 414 465 464 et
493 410 701 467 confessionem
728 429 843 487 semper
895 421 1057 483 veneratur,
1074 416 1234 487 repositum
1260 422 1303 472 est
1324 419 1391 490 (76).
1412 420 1515 476 011111
1531 422 1748 497 babenbergen-

70 502 92 563 t,
105 497 310 570 interpellabat
325 514 332 553 :
345 497 490 569 virginum
503 498 607 555 Christi
635 500 667 555 in
690 517 742 556 suo
763 503 841 559 exitu
871 504 934 558 .sis
959 505 1091 560 ecclesia!
1124 506 1256 577 recepisti
1288 507 1456 563 thesaurum
1484 526 1571 580 quem
1599 512 1744 567 amiseras.

70 586 131 671 ibat
157 588 290 655 chorum,
311 603 433 659 quarum
466 589 660 658 aemulatione,
684 590 714 645 in
743 609 839 663 carne,
896 593 1003 647 Procax
1025 596 1054 648 et
1080 592 1209 648 malefica
1233 593 1335 664 lingua
1362 595 1566 663 detractorum,
1597 600 1747 656 oculorum

84 679 194 746 praeter
216 690 332 730 carnem
351 674 469 742 viveret,
486 676 704 732 immaculatum
728 679 840 735 Christo
896 679 1217 736 testimoniocoututata
1239 687 1291 747 est,
1309 682 1378 738 dum
1403 683 1552 755 virginitas
1580 687 1642 758 ejus
1660 689 1746 744 rebus

70 768 207 819 uvaverat
233 765 361 832 thorum,
389 764 521 820 omnium
552 767 610 821 lleo
641 766 841 823 tamulantium
895 769 1063 839 approbata,
1099 770 1234 824 sanctitas
1263 771 1484 827 clarescentibus
1520 773 1610 851 signis
1632 775 1746 833 videtur

70 851 169 920 111111,
197 852 253 908 sibi
276 869 425 909 occurrere
453 854 552 909 orabat
586 855 740 911 auxilium.
770 858 841 911 Vere
896 855 1056 912 testificata.

76 946 122 997 est
133 941 272 1013 scriptum
307 942 498 997 :Timentibus
528 946 610 998 boum
626 946 717 998 omniu
744 959 840 1014 coope-
932 947 974 1000 13.
988 947 1193 1016 lliruculapost
1219 948 1331 1002 obitum.
1359 976 1394 989 -
1421 947 1590 1005 Christianae
1608 951 1744 1024 religioni

70 1031 137 1087 rin
161 1030 259 1085 bouum
278 1029 364 1100 (bom.
389 1046 449 1095 vrrr,
464 1029 521 1100 28),
537 1031 567 1084 in
582 1031 763 1087 obitutantre
782 1032 840 1087 vir·
894 1032 1049 1103 protlciens
1062 1033 1185 1088 Ecclesia
1200 1034 1292 1089 tidelis
1316 1034 1395 1107 (quae
1423 1034 1455 1088 in
1484 1037 1650 1110 Evangelio,
1674 1056 1743 1097 voce

85 1116 215 1172 vidimus
238 1118 465 1188 comprobatum.
488 1118 614 1174 Necdum
642 1120 777 1192 spiritum
792 1136 840 1176 ex·
896 1119 1346 1193 1101111111111111111111111.111),
1376 1124 1425 1179 bei
1461 1129 1552 1180 meter
1568 1130 1597 1182 et
1618 1127 1678 1183 iilia
1693 1145 1745 1200 per

70 1211 145 1273 erat,
161 1205 285 1261 necdum
301 1205 412 1261 Christo
435 1205 561 1261 debitam
580 1207 746 1263 reddiderat
777 1207 838 1262 ani-
894 1210 1016 1282 gratiam
1029 1211 1213 1266 nominatur:
1231 1217 1322 1266 mater
1343 1213 1411 1283 quia
1435 1219 1540 1269 sanctae
1568 1213 1743 1284 operationis

70 1293 204 1364 ,etjam
227 1293 304 1348 lama
326 1294 512 1349 volanstanti
539 1296 703 1365 prenuntia
735 1296 839 1367 luctus,
895 1299 1026 1369 exemplo
1042 1298 1116 1353 tilios
1134 1298 1256 1353 Domino
1289 1306 1421 1369 generat;
1437 1302 1510 1370 filio,
1535 1301 1604 1373 quia
1619 1301 1743 1372 Virginis

70 1383 185 1435 tantum
212 1385 335 1435 sacratas
363 1380 489 1452 virgines
513 1385 564 1437 aut
594 1382 704 1438 diversi
728 1383 839 1438 ordinis
895 1386 965 1441 Filio
979 1402 1031 1459 pro
1045 1387 1135 1441 salute
1147 1386 1247 1441 mundi
1262 1386 1420 1454 incarnato,
1441 1388 1606 1444 eruditione
1630 1394 1742 1445 sancto·

70 1509 75 1536 ,
99 1484 203 1524 verum
241 1469 326 1524 etiam
354 1469 444 1524 totius
470 1470 593 1541 populos
622 1471 657 1526 ad
690 1471 841 1542 exsequias
893 1490 958 1529 rum
971 1476 1089 1530 Petrum
1104 1474 1233 1546 quotidie
1261 1475 1428 1546 generator)
1445 1478 1567 1532 salutem
1593 1477 1742 1532 missama

70 1574 74 1609 1
92 1557 298 1629 congregabat.
330 1557 476 1612 Sonabant
493 1558 606 1629 psalmi,
624 1562 653 1613 et
673 1563 763 1614 totam
783 1560 873 1654 do·B
895 1564 1027 1630 Domino,
1041 1563 1162 1618 coelestis
1176 1563 1311 1619 archiatri
1336 1563 1483 1620 ellectiius
1510 1564 1662 1620 medicine
1676 1566 1741 1635 ple·

70 1685 78 1713 ,
111 1645 163 1700 ubi
189 1650 319 1700 sanctum
342 1646 545 1716 corpusculum
568 1645 597 1700 in
624 1646 719 1702 medio
750 1662 838 1718 super
892 1656 1041 1718 nam,tam
1057 1653 1401 1724 mentisqnamcorporis
1423 1653 1542 1708 auribus
1561 1651 1741 1707 animadver-

70 1747 107 1787 uo
123 1732 213 1788 nobili
225 1732 318 1787 cilicio
331 1733 652 1804 compositumjacebat,
668 1733 699 1788 in
714 1734 837 1790 sublime
891 1744 939 1794 lat.
956 1720 1105 1794 liundaue
1117 1738 1256 1794 machinae
1270 1739 1402 1795 conditor
1421 1741 1548 1794 humano
1572 1738 1672 1810 generi
1689 1754 1742 1808 per

70 1820 245 1876 susletmia
271 1837 324 1891 pro
343 1831 465 1877 exeunte
489 1821 586 1876 anima
600 1821 756 1894 quatiebat
789 1824 836 1877 ln·
892 1826 1118 1881 inobedientiam
1155 1826 1234 1898 lapso
1269 1826 1437 1892 condolens,
1473 1830 1505 1880 ut
1530 1830 1648 1881 eternae
1676 1826 1742 1881 vitre

83 1925 120 1964 ax
135 1925 216 1964 more
235 1911 344 1981 regales
358 1914 496 1982 tanquam
511 1910 698 1982 imperatrici,
720 1928 779 1966 nou
806 1915 838 1966 ut
890 1914 1000 1970 fructus
1024 1913 1176 1978 facientem
1194 1929 1297 1969 novam
1321 1915 1540 1985 plantationem,
1559 1915 1666 1969 scilicet
1681 1913 1741 1984 pri·

70 1997 173 2052 srculas
197 1998 337 2053 debentur
377 1998 478 2061 sorori,
514 2004 654 2068 parantur
682 1999 836 2070 exsequiae,
892 2001 1022 2057 mitivam
1038 2002 1190 2056 Ecclesiam
1204 2002 1352 2070 insereret,
1375 2003 1551 2074 patriarchas
1574 2005 1603 2056 et
1617 2003 1741 2074 prophe·

70 2128 72 2138 .
109 2085 215 2141 leretro
243 2086 425 2142 obtendenda
464 2087 650 2157 proteruntur
682 2088 834 2143 velamina.
891 2089 979 2146 tasin
993 2089 1136 2144 mundum
1155 2089 1269 2145 mittere
1284 2091 1419 2162 dignatus
1434 2096 1498 2146 est:
1524 2089 1575 2162 qui
1601 2089 1742 2144 creditum

71 2172 125 2228 iila
149 2173 288 2245 pallentes
306 2174 410 2242 vultus,
440 2190 513 2245 quos
533 2180 608 2242 ante,
625 2175 659 2229 ad
678 2191 708 2229 se
732 2191 838 2246 sponso
891 2178 946 2232 sibi
968 2177 1096 2234 cilicium
1119 2177 1249 2249 quinque
1273 2180 1401 2250 corporis
1428 2178 1569 2242 sensibus,
1593 2183 1740 2249 sextoque,

70 2261 116 2317 nti
130 2261 211 2318 laetos
225 2261 402 2331 exhibuerat,
426 2261 537 2317 videres
551 2262 587 2318 ad
607 2279 639 2317 os
658 2268 836 2334 retorquere,
892 2267 942 2339 qui
957 2276 1001 2322 est
1015 2265 1133 2337 spiritus
1146 2266 1317 2338 prophetie,
1342 2266 1510 2339 mysterium
1536 2265 1742 2320 incarnationis

70 2368 76 2406 1
99 2350 227 2406 abnuere
243 2367 281 2405 :a
305 2350 434 2405 Amictus
447 2351 513 2420 iste,
533 2351 582 2420 ait,
599 2366 657 2406 uon
679 2356 722 2406 est
735 2367 836 2419 meus;
892 2342 1008 2421 Christi,
1023 2360 1052 2409 et
1066 2354 1165 2409 omnia
1198 2370 1263 2426 qua
1291 2355 1326 2411 de
1348 2356 1410 2426 ipso
1434 2353 1631 2410 annuntianda
1659 2357 1743 2407 erant

70 2445 99 2495 te
120 2439 196 2506 hinc,
225 2443 342 2494 ornatus
370 2437 418 2494 hic
431 2439 541 2493 alienus
566 2443 618 2494 est.
647 2440 695 2494 llis
724 2444 838 2494 terreno
893 2442 1089 2513 predicantes,
1105 2442 1155 2498 alii
1165 2443 1319 2515 asperitate
1335 2443 1410 2510 vitre,
1426 2442 1490 2498 aliis
1506 2441 1626 2497 diversis
1640 2456 1741 2511 prena·

70 2543 108 2598 10,
126 2526 188 2582 istis
201 2527 308 2583 celesti
336 2528 469 2598 copulata
483 2543 561 2592 sum:
588 2529 665 2583 nuda
697 2528 732 2584 de
757 2534 839 2584 utero
893 2545 958 2585 rom
973 2529 1122 2597 mortibus,
1138 2529 1194 2601 ipsi
1212 2546 1299 2602 quem
1328 2531 1550 2602 prophetabant,
1571 2529 1742 2587 famulatum

70 2633 89 2671 s
105 2631 177 2671 meae
192 2631 314 2687 egressa,
341 2615 419 2671 nuda
445 2616 591 2688 regrediar
616 2616 703 2671 illuc:
726 2616 771 2671 his
800 2617 839 2671 vi·
892 2633 978 2673 suum
999 2617 1123 2673 tideliter
1138 2618 1338 2689 impleverunt.
1368 2620 1474 2673 llorurn
1506 2618 1588 2673 limes
1614 2617 1743 2672 Christus

70 2703 177 2759 uisere
191 2704 283 2759 carnis
298 2704 449 2759 materiam
463 2705 609 2773 involvite,
633 2709 662 2759 et
681 2721 839 2776 corpuscu-
892 2705 994 2760 aterni
1011 2705 1104 2760 Patris
1117 2705 1248 2775 consilio,
1268 2721 1322 2776 pro
1337 2705 1490 2760 liberandis
1510 2704 1677 2759 hominibus
1706 2703 1742 2758 de

73 2808 175 2848 meum
200 2794 279 2864 juxta
304 2793 450 2847 tumulum
468 2792 566 2847 fratris
593 2792 650 2848 mei
673 2809 705 2848 ac
728 2792 837 2847 domini
892 2793 1070 2849 intemeratae
1098 2794 1224 2866 Virginis
1259 2799 1340 2850 utero
1373 2794 1520 2867 processit,
1550 2797 1581 2848 ut
1607 2795 1670 2865 jam
1697 2793 1741 2847 in-

70 2878 303 2951 uiiurperatoris,
331 2895 419 2951 quem
434 2895 480 2934 me
495 2880 557 2951 jam
572 2883 721 2934 vocantem
741 2878 836 2945 video,
853 2876 873 2931 C
892 2880 999 2938 11101111
1013 2882 1196 2953 plantationi,
1209 2882 1303 2938 missis
1318 2898 1371 2953 per
1382 2883 1481 2938 orbern
1496 2882 1643 2954 apostolis,
1656 2886 1743 2952 atque

70 2969 168 3040 roprio
195 2968 294 3023 locello
321 2969 462 3039 reponite.
493 2971 570 3024 ollis
593 2968 675 3024 dictis
689 2969 720 3024 iu
735 2984 838 3024 manus
892 2968 927 3024 de
953 2985 1006 3025 suo
1036 2985 1156 3041 corpora
1184 2970 1248 3026 tuso
1272 2985 1375 3027 cruore
1398 2970 1574 3038 fabricatam,
1600 2967 1742 3023 novellam

70 3056 108 3111 ‚ni
120 3056 253 3129 spiritum
277 3072 361 3110 suum
376 3057 592 3122 commendans,
617 3057 653 3112 ad
675 3073 759 3112 sunm
773 3056 837 3111 aui·
893 3057 1136 3129 snperaediflcaret
1173 3058 1337 3126 Ecclesiam,
1377 3074 1442 3131 qoae
1470 3055 1744 3113 sanctae·Trinitatis

70 3145 201 3200 evolavit
225 3150 383 3207 auctorem,
410 3149 439 3199 et
459 3143 490 3200 iu
503 3145 653 3216 antiquam
678 3145 837 3216 possessio·
893 3145 949 3200 tide
963 3145 1086 3213 imbuta,
1110 3150 1140 3201 et
1163 3146 1302 3202 mundata
1322 3146 1459 3217 baptismi
1470 3146 1571 3218 gratia,
1589 3148 1739 3216 martyres,

70 3232 308 3306 diuperegrinata
318 3233 499 3288 conscendit:
514 3233 599 3287 terris
614 3238 735 3288 matrem
758 3249 837 3289 com·
892 3233 1078 3302 confessores,
1099 3238 1129 3289 et
1142 3234 1250 3290 infirmi
1275 3250 1357 3290 serus
1381 3235 1506 3306 virgines
1521 3234 1618 3289 animo
1646 3239 1743 3288 tamen

70 3337 110 3377 un
133 3338 164 3376 se
177 3321 306 3377 amisisse
325 3322 473 3389 ilentibos,
489 3321 567 3377 coelis
583 3327 680 3376 autem
693 3321 839 3377 concivem
893 3327 1064 3390 constantes,
1081 3322 1223 3394 primitias
1238 3323 1353 3379 obtulit.
1369 3323 1448 3378 luter
1466 3339 1537 3394 quas
1552 3323 1636 3377 beata
1648 3322 1744 3377 Cune-

70 3425 116 3466 nm
126 3410 302 3465 consortium
318 3427 348 3464 se
359 3409 516 3481 suscepisse
531 3409 731 3481 gaudentibus.
893 3410 1009 3482 gundis,
1033 3411 1087 3466 1101
1115 3412 1361 3485 babenbergensis
1384 3412 1527 3481 Ecclesiae,
1559 3428 1623 3467 com
1647 3414 1744 3465 sancto

97 3499 256 3565 3111111111
287 3499 425 3568 sepelitur.
440 3497 474 3539 '-
490 3498 532 3552 lta
559 3497 676 3552 demum
693 3513 774 3553 sacru
788 3498 839 3554 illo
894 3497 1026 3566 ilenrico,
1041 3499 1091 3570 qui
1106 3499 1302 3554 Romanorum
1317 3500 1473 3571 imperium
1486 3499 1589 3567 tenuit,
1603 3499 1656 3554 sub
1678 3514 1745 3553 con·

70 3601 112 3642 ire
125 3587 232 3642 feretro
254 3587 448 3658 superposito,
466 3586 553 3657 longo
577 3586 720 3641 nobilium
739 3586 839 3641 ordine
891 3586 965 3658 jugii
1001 3578 1105 3658 specie,
1128 3587 1286 3642 immortali
1315 3604 1421 3660 sponso
1455 3592 1540 3642 castre
1572 3585 1745 3658 virginitatis

70 3679 149 3743 nnte,
177 3675 274 3730 multis
287 3675 356 3730 hinc
376 3675 443 3730 inde
472 3675 775 3743 contluentibus,cum
790 3675 840 3730 illo
894 3675 1003 3729 honore
1032 3675 1166 3730 deservit.
1199 3677 1277 3732 Unde
1290 3676 1352 3747 jam
1372 3677 1434 3747 eJus
1454 3675 1612 3731 sanctitatis
1643 3673 1746 3729 merita

72 3778 190 3834 semper
211 3763 436 3820 familiarissimo
454 3779 616 3836 pauperum
639 3764 839 3830 contubernio,
894 3776 947 3831 per
971 3761 1072 3816 orbem
1101 3761 1251 3817 manifesta
1274 3761 1465 3817 declaratione
1493 3765 1653 3833 apparent:
1676 3759 1745 3831 quia

70 3867 138 3907 cum
164 3852 330 3924 babenberg
343 3852 500 3922 sepulturae
527 3866 586 3906 sues
605 3850 841 3921 predestinatum
895 3851 925 3905 iu
940 3848 1003 3904 1010
1024 3849 1075 3905 ubi
1103 3852 1233 3904 sanctum
1258 3851 1319 3922 ejus
1343 3865 1447 3921 corpus
1474 3849 1606 3920 quiescit,
1635 3846 1746 3902 intirmi

70 3941 242 4013 aexsequie
258 3957 349 4012 usque
365 3941 467 3996 delate
493 3944 569 3995 sunt.
597 3941 670 3995 Tum
694 3955 761 3994 vero
795 3955 840 3993 re·
895 3952 1066 4010 quacunque
1089 3937 1255 3993 laborantes
1279 3937 1449 4009 egritudine
1478 3937 1633 3992 sanitatem
1672 3933 1745 3990 reci-

70 4028 185 4091 .nrbes,
199 4044 288 4083 vacua
298 4045 378 4098 rura,
397 4028 539 4083 desolatas
553 4027 692 4093 civitates,
714 4027 842 4099 undique
895 4027 992 4097 piunt.
1007 4026 1043 4083 Ut
1057 4030 1155 4080 autem
1184 4025 1332 4081 adomnia
1357 4029 1443 4080 testes
1465 4023 1625 4080 cautissimi
1643 4023 1745 4091 simus,

70 4132 163 4173 arrere
181 4117 302 4188 populos
329 4115 458 4182 videres,
484 4121 589 4169 matres
613 4114 748 4186 parvulos
776 4130 842 4169 suos
897 4112 1025 4169 veritatis
1041 4113 1217 4170 amatoribus
1241 4112 1318 4169 aetati
1344 4117 1449 4168 nostrae
1466 4111 1693 4176 succedentibus,
1710 4110 1745 4165 de

70 4204 165 4261 achiis
180 4209 332 4276 gestantes,
347 4203 480 4258 infirmos
503 4203 535 4258 in
562 4202 690 4275 grabatis
712 4172 877 4274 jacentesD
895 4202 941 4258 his
951 4218 1017 4275 quae
1030 4202 1180 4257 scribimus
1197 4202 1310 4258 curiose
1324 4201 1539 4272 indagantibus,
1563 4199 1673 4255 scilicet
1688 4214 1745 4271 quo

70 4293 259 4364 atisgratiam
278 4308 404 4365 sperare,
421 4290 532 4346 laticem
556 4291 730 4356 accredere,
751 4289 842 4346 sicui
895 4296 1027 4363 tempore
1062 4307 1150 4362 opera
1179 4291 1361 4346 curationum
1400 4290 1527 4362 praelataa
1556 4287 1746 4359 imperatricis

70 4385 163 4438 eretro
175 4380 271 4452 jungi,
293 4381 337 4436 rel
349 4381 384 4436 ab
398 4379 461 4451 ipso
475 4378 640 4451 contigisset
663 4378 839 4435 obumbrari.
895 4379 1012 4435 initium
1027 4378 1190 4449 habuerint,
1201 4378 1340 4450 largiente
1354 4378 1474 4434 bomine
1489 4379 1575 4448 prout
1581 4389 1745 4446 possumus,

71 4483 123 4525 am
135 4467 166 4522 in
179 4468 325 4523 ecclesiam
339 4468 417 4524 beati
431 4467 508 4523 Petri
526 4466 650 4539 apostoli
663 4482 769 4538 corpus
783 4483 842 4522 non
896 4468 1030 4524 volumus
1044 4467 1199 4538 explicare.

79 4554 182 4612 labore
206 4556 400 4628 deportatum,
425 4556 573 4611 triduanas
601 4555 643 4610 ibi
657 4555 767 4609 meritis
784 4555 843 4610 suis
934 4557 976 4612 11.
990 4557 1193 4625 Euerpommus
1208 4557 1351 4611 liberatur.
1368 4554 1467 4611 blatii
1479 4555 1514 4609 ub
1541 4554 1606 4609 otiis
1633 4552 1744 4608 morbis.

70 4643 189 4701 1111111111
199 4645 354 4717 condignas
381 4644 659 4715 habuitexsequias3
682 4643 750 4698 tiliis
770 4658 843 4715 quos
897 4649 980 4701 Anno
1011 4645 1166 4700 Donriuicae
1197 4643 1401 4700 incarnationis
1427 4645 1505 4708 1189,
1533 4640 1690 4697 indictione
1720 4653 1747 4709 u,

70 4730 293 4788 illicinChristo
308 4733 495 4795 adunaverat,
511 4730 546 4786 de
570 4731 670 4785 matris
691 4745 760 4801 pace
781 4731 843 4803 jam
897 4733 1034 4789 Tiamone
1073 4731 1157 4787 tertio
1201 4732 1312 4787 decimo
1346 4729 1590 4802 babenbergensis
1618 4726 1749 4784 1111111111

70 4819 166 4892 i,pro
189 4836 219 4874 se
235 4824 331 4876 autem
346 4819 463 4875 solliciti
484 4819 660 4874 incessanter
673 4818 843 4890 psallebant,
899 4821 1046 4893 episcopo,
1068 4824 1172 4892 quarto
1191 4820 1375 4890 pontificatus
1390 4819 1435 4874 sui
1457 4834 1545 4886 anno,
1565 4816 1600 4872 ad
1629 4814 1749 4869 Vincula

87 4922 157 4964 eam
183 4906 238 4962 sibi
264 4908 300 4963 ad
323 4908 426 4963 horam
448 4906 622 4961 subtractam
649 4905 711 4961 sine
741 4905 843 4962 timore
898 4908 988 4964 sancti
1003 4907 1089 4973 Petri,
1110 4923 1146 4963 ue
1161 4906 1197 4961 de
1214 4907 1364 4962 sanctitate
1386 4907 1614 4977 praememoratae
1628 4899 1748 4972 virginis

70 4994 170 5064 rionis,
198 4994 229 5051 in
257 5012 308 5067 spe
329 4999 478 5068 perpetuae
507 4994 673 5050 incessionis
703 4995 843 5065 recepisse
898 4996 1122 5068 ambigeremus,
1149 4995 1300 5067 signorum
1337 4993 1513 5064 experientia
1542 4989 1746 5045 certificatisu·

70 5083 172 5141 lebant
199 5101 206 5140 :
236 5090 328 5140 mater
352 5085 387 5140 de
411 5085 482 5139 caelo
504 5084 630 5139 tiliorum
656 5088 844 5154 prospectans
899 5085 1055 5140 mus.Nam
1075 5084 1145 5138 dum
1159 5083 1243 5139 solito
1256 5100 1335 5139 more
1363 5083 1486 5154 populus
1509 5079 1545 5134 ad
1577 5075 1748 5148 praedictum

70 5187 129 5230 nm
157 5172 312 5243 gaudebat.
344 5173 387 5228 lta
420 5172 546 5228 relatum
584 5186 696 5226 sacrum
729 5186 842 5243 corpus,
898 5175 992 5229 locum
1006 5171 1170 5227 orationum
1197 5177 1226 5228 et
1251 5171 1415 5245 vigiliarum
1442 5184 1527 5223 causa
1558 5164 1747 5232 convenisset,

70 5260 239 5326 rrestibus,
271 5261 434 5316 diademate
454 5259 560 5316 Christi
589 5259 676 5330 capiti
702 5275 844 5332 superpo·
899 5259 990 5316 adfuit
1024 5259 1142 5331 quidam
1180 5259 1373 5316 daemoniacus
1395 5256 1430 5312 de
1459 5255 1526 5310 villa
1555 5269 1622 5325 quse
1645 5251 1749 5308 dicitur

70 5368 88 5439 l)
115 5366 202 5424 111111
226 5367 273 5423 hic
297 5367 508 5423 interseruntur
532 5365 563 5421 in
584 5365 761 5422 bruxellensi
783 5366 844 5421 edi·
899 5364 1056 5436 apertione,
1072 5381 1129 5435 qua
1147 5366 1269 5422 ilenrico
1294 5361 1514 5435 precipiebatur
1539 5365 1572 5413 ut
1590 5360 1684 5415 locum
1699 5374 1748 5412 ce-

70 5462 83 5505 1,
125 5437 163 5493 de
189 5453 259 5493 voce
285 5437 392 5493 scilicet
417 5437 515 5493 audita
532 5436 643 5493 coelitus
681 5437 844 5492 intumult
900 5438 983 5492 deret
996 5435 1177 5506 Cunaguudi.
