3878 6112
365 280 605 340 nucnmonutl
624 283 721 342 Llunl
738 285 793 341 XX.
814 315 848 326 -
868 284 973 342 LIBER
991 285 1181 346 succubus.
1599 298 1652 353 θῇ

70 405 130 460 luod
154 421 212 460 non
228 409 341 476 oportet
354 404 385 460 in
405 404 513 478 bigami
528 406 636 479 nuptiis
659 424 746 479 pran-
761 411 785 464 a
804 395 917 465 CLXIII.
932 410 972 464 lie
986 409 1087 466 eadem
1099 427 1140 467 re.

72 493 228 566 shyterum.
805 496 913 552 CLXIV.
931 499 971 553 De
985 497 1086 553 eadem
1103 515 1143 554 re.

70 598 89 637 le
101 581 200 636 eadem
213 597 255 636 rs,
804 585 900 640 CLXV.
917 587 958 641 Na
969 586 1075 656 clerici,
1098 603 1210 643 necnon
1232 588 1287 643 viri
1300 589 1440 662 religiosi,
1463 597 1530 649 anta
1551 593 1652 650 horam

70 670 190 724 ieedem
206 686 247 724 ra.
839 673 953 728 tertiam
965 674 1094 729 convicia
1108 675 1216 731 ineant.

70 759 92 812 It
119 758 216 813 nullus
243 758 363 813 clericus
384 758 415 812 in
441 759 497 813 alia
521 760 633 817 civitate
659 761 751 816 suscI·
805 761 914 816 CLXVI.
929 763 969 817 lle
982 763 1165 835 presbyteris,
1180 769 1214 820 ut
1227 765 1384 837 hospitales
1397 768 1464 825 sint.

71 862 107 902 ne
120 847 363 902 commendatitiis
378 848 518 918 epistolis.
804 849 928 904 CLXVII.
942 851 982 906 lie
996 852 1096 907 eadam
1114 869 1155 908 re.

70 936 102 990 lc
116 936 218 990 eadem
233 952 274 990 re.
804 937 938 994 CLXVIII.
956 940 991 994 Ut
1004 941 1164 1010 presbyteri
1180 941 1278 1013 plebes
1293 959 1359 999 suas
1381 950 1413 1000 ut
1427 945 1583 1018 hospitales
1596 947 1654 1005 sint

83 1024 124 1079 lle
138 1025 248 1078 clericis
265 1025 401 1095 fugitiuis,
427 1040 463 1080 na
476 1026 511 1081 ab
527 1025 592 1080 aliis
605 1025 750 1098 recipian-
840 1027 1025 1083 admoneant.

804 1113 911 1170 CLXIX.
938 1117 974 1172 lit
996 1116 1067 1173 cibis
1092 1118 1273 1174 sacerdotum
1297 1136 1413 1193 semper
1443 1122 1527 1179 lectio
1556 1124 1653 1181 diviua

70 1202 91 1256 It
118 1201 265 1273 peregrini
286 1202 383 1258 clerici
409 1203 471 1257 sine
491 1203 594 1258 litteris
618 1203 662 1258 sui
686 1204 750 1276 epi·
839 1203 1000 1259 misceatur.

70 1291 287 1362 precipiantur.
803 1289 898 1345 CLXX.
917 1291 955 1345 De
970 1290 1081 1362 clericis
1095 1292 1285 1366 intemperate
1298 1294 1469 1353 viventibus.

70 1378 136 1433 erici
150 1379 181 1432 in
205 1380 297 1433 aliena
312 1378 426 1434 civitate
449 1395 507 1434 non
532 1384 678 1449 maneant,
695 1379 750 1435 nisi
807 1378 913 1434 CLXXI.
932 1380 971 1435 Ile
985 1380 1097 1436 clericis
1111 1383 1289 1438 scurrilibus.

70 1483 90 1521 is
104 1468 158 1522 Ioci
174 1484 269 1522 mores
284 1484 385 1523 eorum
400 1469 564 1540 praevideat.
805 1467 925 1522 CLXXII.
943 1469 982 1523 Ile
998 1470 1099 1524 eadem
1112 1486 1152 1524 re.

73 1557 184 1612 clericis
208 1562 237 1611 et
253 1558 400 1612 monachis
415 1558 466 1629 qui
487 1558 549 1612 siue
565 1558 666 1613 litteris
688 1558 750 1630 epi·
804 1556 938 1612 CLXXIII.
955 1557 990 1612 Ut
1004 1558 1123 1612 clericus
1135 1558 1285 1630 tidejussor
1300 1576 1358 1616 non
1373 1562 1419 1617 sit.

70 1645 76 1700 i
90 1650 239 1715 vagantur.
766 1688 787 1742 B
806 1644 936 1700 CLXXIV.
950 1646 986 1700 Ut
999 1647 1119 1701 clericus
1134 1647 1252 1702 barbam
1267 1665 1327 1704 non
1339 1650 1457 1706 nutriat.

73 1735 173 1789 eadem
189 1751 230 1789 re.
806 1731 927 1788 CLXXV.
948 1733 988 1787 IIe
1002 1733 1112 1788 clericis
1126 1750 1179 1805 per
1193 1741 1352 1790 ereaturam
1364 1738 1542 1809 Jurantibna.

95 1823 270 1894 pauperIbus
293 1827 320 1878 et
335 1823 531 1893 indigentibus
546 1823 661 1893 auxilio,
685 1839 750 1879 cum
805 1819 937 1876 CLXXVI.
960 1822 999 1876 Dc
1023 1821 1134 1876 clericis
1159 1823 1209 1894 qui
1230 1824 1443 1882 adulationihus
1464 1832 1493 1882 et
1515 1828 1653 1899 prodItio·

72 1916 168 1973 untur,
193 1910 319 1982 pacificis
334 1911 436 1965 litteris
460 1911 497 1966 sit
511 1911 749 1967 subveniendum.
840 1908 927 1965 nibus
941 1926 1041 1965 vacare
1056 1910 1320 1982 deprehenduntur.

70 1999 136 2054 ;illi
164 1999 259 2053 olcrIci
282 1999 333 2071 qui
356 1999 386 2052 in
410 1999 479 2053 alias
502 1999 662 2070 provincias
686 2016 752 2055 suos
805 1997 949 2053 CLXXVII.
978 1999 1017 2053 Ile
1043 1999 1182 2054 ordiuatis
1205 2001 1255 2072 qui
1279 2003 1372 2057 solent
1395 2008 1495 2059 contra
1517 2005 1651 2061 ecclesia·

70 2103 100 2143 ur
123 2088 262 2156 seniores,
281 2088 342 2143 sine
365 2087 489 2185 formata
508 2087 671 2144 ministrare
695 2104 752 2144 non
841 2086 911 2140 succ
939 2084 1074 2141 mandata
1100 2086 1219 2142 auribm
1250 2089 1389 2161 principis
1419 2091 1580 2148 molestiam
1609 2093 1653 2148 iu-

70 2180 153 2232 intur.
840 2174 925 2228 ferra.

70 2265 108 2320 od
133 2264 236 2320 clerico
261 2281 320 2319 non
348 2265 432 2320 liceat
460 2265 569 2320 alienas
596 2265 751 2336 possessio·
806 2262 963 2317 CLXXVIII.
982 2263 1021 2318 lic
1041 2262 1164 2334 illisqui
1185 2263 1327 2336 episcopis
1346 2266 1455 2321 suisne
1480 2269 1578 2324 eosad
1592 2284 1654 2324 am-

69 2354 173 2409 ducere
193 2359 243 2409 aut
264 2354 449 2409 saecularibus
464 2370 494 2409 se
509 2353 632 2425 negotiis
652 2354 753 2409 immi·
841 2350 963 2422 pliorem
975 2350 1114 2406 honorem
1129 2352 1160 2407 in
1174 2352 1297 2408 Ecclesia
1308 2369 1360 2409 sua
1373 2361 1572 2426 promoveant,
1589 2374 1654 2413 con·

841 2440 994 2494 tradicunt.

80 2529 176 2583 nullus
199 2527 289 2583 laicus
313 2529 512 2600 presbyterum
537 2544 621 2583 sunm
643 2528 752 2584 viIIIoa·
806 2527 933 2583 CLXXIX.
962 2528 1003 2582 Ile
1028 2527 1195 2600 presbytero
1218 2534 1295 2585 certo
1319 2530 1440 2587 crImine
1466 2532 1609 2605 deposito,
1631 2534 1656 2589 ai

70 2615 174 2688 plicare
189 2623 355 2688 praesumat.
841 2617 877 2671 de
897 2615 1057 2671 miuisterio
1080 2617 1136 2672 sibi
1157 2617 1309 2673 interdicto
1331 2619 1443 2692 aIIquid
1470 2636 1555 2692 agere
1579 2636 1657 2693 prae-

69 2706 164 2761 aitlis
184 2706 358 2778 presbyteris
378 2706 429 2778 qui
452 2711 554 2762 contra
577 2711 684 2763 statuta
708 2723 754 2761 oa·
841 2704 1006 2776 sumpserit.

73 2794 159 2848 villici
173 2795 256 2862 liunt,
273 2801 302 2849 et
316 2794 381 2848 aliis
401 2794 455 2849 sihi
471 2810 529 2850 non
544 2795 684 2850 concessis
698 2794 753 2849 Im·
806 2793 920 2848 CLXXX.
951 2794 991 2848 lie
1021 2793 1187 2866 presbytero
1215 2796 1259 2850 vel
1288 2795 1408 2852 diacono
1432 2797 1578 2867 damnato,
1605 2798 1656 2869 qui

70 2884 228 2955 rnegoliis,
246 2883 379 2955 vitiisque
396 2899 453 2938 non
468 2883 663 2938 admittendis.
841 2879 1023 2951 imperatorie
1037 2881 1156 2937 auribus
1170 2883 1308 2938 molestus
1322 2884 1472 2941 exstiteriI.

70 2972 144 3027 Nulli
168 2973 349 3041 clericorum,
373 2988 409 3026 ne
430 2971 605 3027 subdiacono
624 2970 750 3043 quidem,
768 2965 789 3022 C
807 2969 935 3025 CLXXXI.
961 2970 1002 3024 lie
1029 2968 1195 3041 presbytero
1224 2971 1274 3043 qui
1297 2972 1393 3044 pravis
1418 2973 1557 3045 exemplis
1581 2975 1657 3029 mala

70 3075 116 3115 um
131 3062 244 3116 carnale
259 3060 433 3116 conceditur.
842 3058 877 3113 da
892 3072 922 3112 sa
938 3057 1077 3129 suspicari
1092 3060 1267 3130 permiserit.

70 3165 80 3203 s
103 3149 280 3222 principibus
306 3149 357 3221 qui
379 3149 473 3204 solent
500 3165 567 3203 scos
593 3148 753 3204 sacerdotes
807 3146 947 3201 CLXXXII.
964 3146 1004 3201 De
1019 3146 1120 3202 eadem
1135 3164 1176 3203 re.

70 3237 99 3292 lis
113 3237 281 3292 ministeriis
295 3237 444 3308 deputare.
807 3235 961 3291 CLXXXIII.
987 3235 1016 3292 Si
1042 3236 1162 3291 clericus
1176 3237 1311 3293 adversus
1333 3239 1468 3294 clericum
1492 3238 1581 3294 habat
1602 3254 1656 3294 ne·

70 3325 91 3380 is
106 3325 155 3397 qui
172 3326 230 3380 Ileo
245 3325 352 3380 servire
373 3324 543 3396 disponunt,
567 3328 600 3380 ut
613 3325 648 3381 ad
664 3324 753 3380 mini·
842 3323 964 3395 gotium,
980 3326 1013 3378 ut
1026 3324 1063 3380 ad
1078 3325 1226 3380 saecularia
1241 3342 1298 3381 non
1311 3332 1440 3382 recurrat
1448 3326 1566 3398 judicia.

70 3413 275 3470 emdomorum
292 3429 350 3467 non
365 3413 510 3468 accedant.
807 3411 958 3466 CLXXXIV.
986 3412 1027 3466 De
1053 3413 1227 3485 preshyteris
1255 3415 1306 3487 qui
1331 3431 1348 3470 a
1372 3415 1505 3486 plebibus
1532 3416 1656 3472 inlame-

91 3502 116 3557 si
136 3503 220 3558 liceat
243 3502 370 3574 ailquem
394 3518 428 3557 ex
451 3501 527 3557 clero
550 3501 753 3557 conductorem
839 3498 959 3568 buntur,
975 3500 1121 3572 quomodo
1136 3502 1254 3573 purgari
1270 3503 1402 3558 debeant.

70 3607 116 3647 um
131 3591 208 3648 lieri.
807 3586 944 3642 CLXXXV.
972 3587 1001 3644 si
1027 3588 1130 3661 aliquis
1154 3606 1189 3645 ex
1218 3590 1357 3645 ordinatis
1382 3591 1417 3645 ab
1444 3591 1578 3663 episcopo
1604 3608 1657 3648 suo

70 3678 76 3733 i
99 3679 221 3752 quilibet
243 3678 393 3734 ordInatus
416 3679 492 3733 iufra
513 3693 610 3733 muros
633 3676 754 3732 civitatis
843 3675 995 3730 damnatus
1009 3676 1108 3746 fuerit,
1125 3681 1156 3731 ut
1179 3692 1238 3732 non
1253 3677 1356 3733 debeat
1377 3678 1413 3733 ab
1433 3677 1532 3750 ailquo
1555 3679 1656 3735 defen-

86 3767 165 3823 etad
187 3767 358 3823 sacrificium
373 3767 574 3840 quotidianum
593 3782 651 3821 non
666 3781 753 3820 vene·
843 3763 910 3817 sari

70 3858 126 3911 icus
139 3873 196 3911 non
211 3857 362 3912 habeatur.
807 3850 959 3908 CLXXXVI.
977 3851 1016 3906 lle
1027 3851 1197 3922 presbytero
1212 3850 1348 3922 apopulo
1363 3857 1504 3907 accusato.

70 3946 171 4000 eadem
187 3963 227 4001 re.
809 3938 977 3995 CLXXXVII.
1004 3940 1045 3994 lie
1069 3938 1177 3994 clerIcis
1200 3940 1338 3994 convictis
1355 3945 1383 3996 et
1397 3941 1543 4009 confessis,
1565 3941 1589 3995 si
1609 3941 1657 3996 in·

70 4033 101 4089 >d
116 4050 217 4089 omncs
241 4032 404 4089 sacerdotes
419 4030 533 4087 Domini
556 4035 688 4102 oporteat
703 4030 752 4086 do·
843 4031 888 4082 tra
902 4042 1011 4082 annum
1034 4044 1149 4083 causam
1172 4044 1253 4083 suam
1274 4044 1398 4100 purgare
1419 4029 1656 4102 contempserim,

70 4126 188 4177 ceteros
200 4123 344 4177 instruant
358 4126 386 4176 et
400 4119 453 4175 sibi
467 4118 632 4190 proficiant.
844 4115 924 4170 nulla
938 4132 993 4170 vor
1008 4131 1110 4171 eorum
1126 4122 1191 4187 post
1208 4117 1349 4172 audiatur.

69 4209 159 4281 iuguli
180 4209 340 4281 presbyteri
364 4208 484 4277 siugulis
508 4207 591 4263 annis
614 4223 666 4261 suo
689 4206 753 4278 epi·
773 4202 989 4305 „CLXXXVIII
1015 4205 1050 4260 lit
1064 4204 1160 4259 nullus
1175 4220 1208 4260 ex
1223 4205 1361 4260 ordInatIs
1384 4205 1458 4261 laico
1470 4205 1568 4277 jurare
1583 4221 1658 4278 pras·

70 4298 248 4353 emInisterio
262 4314 313 4353 suo
328 4298 470 4352 rollonem
486 4295 616 4351 reddant.
847 4297 950 4347 sumat.

70 4387 160 4441 omnis
172 4386 322 4459 presbyter
337 4385 391 4441 sibi
405 4384 533 4439 subditos
546 4383 632 4439 fidem
647 4382 755 4439 discere
810 4381 959 4436 CLXXXIX.
994 4379 1023 4436 Si
1051 4381 1203 4454 presbyter
1225 4386 1276 4438 aut
1302 4383 1441 4440 diaconus
1473 4384 1503 4439 in
1534 4383 1658 4440 fornica·

70 4480 130 4546 gat.
845 4469 935 4538 tione,
950 4473 999 4525 aut
1014 4470 1153 4543 perjurIo,
1175 4476 1224 4527 ant
1242 4471 1320 4527 furto
1333 4477 1433 4544 captus
1446 4472 1543 4540 fuerit,
1559 4472 1594 4528 ab
1616 4472 1658 4528 oI·

71 4563 145 4618 alam
170 4562 379 4634 professionem
393 4561 575 4633 presbyteros
589 4563 639 4615 aut
660 4559 755 4615 diaco·
846 4557 911 4613 ficio
925 4559 1125 4630 suspendatur.

75 4652 210 4722 episcopo
234 4654 364 4720 oporteat
378 4649 481 4716 iacere,
502 4649 617 4721 quando
639 4663 692 4719 per
704 4664 757 4720 pa·
811 4646 884 4702 CXC.
911 4648 951 4702 Dc
973 4646 1123 4716 ordinatis,
1139 4648 1164 4703 si
1177 4648 1281 4720 aIIquis
1304 4648 1421 4704 illorum
1444 4664 1596 4720 percussor
1610 4664 1658 4703 ex-

70 4739 289 4795 constituantur.
847 4735 959 4790 stiterit.

70 4827 117 4883 ulli
131 4827 272 4882 monacho
284 4842 343 4881 non
358 4824 510 4892 sacerdoti,
522 4825 567 4880 vel
579 4824 652 4880 laico
668 4839 758 4896 quan·
811 4823 897 4879 CXCI.
924 4824 963 4878 De
992 4821 1167 4894 presbyteris
1190 4823 1241 4895 qui
1262 4828 1380 4895 propter
1404 4839 1485 4880 suani
1508 4823 1659 4896 negligen-

70 4920 80 4970 t
92 4916 203 4971 erudito
218 4915 376 4986 praedicare
390 4914 579 4986 permittitur.
847 4913 918 4967 tlam
934 4912 1137 4983 degradantur.

70 5005 236 5075 parochiarii
258 5004 353 5059 clerici
377 5005 413 5059 ab
433 5002 574 5075 episcopis
598 5000 656 5056 suis
671 5016 758 5056 cano·
813 5000 913 5056 CXCII.
930 5000 968 5054 De
982 4999 1132 5066 ordInatis,
1146 4999 1170 5055 si
1184 4999 1290 5071 iujuste
1304 4999 1454 5071 degradati
1467 4999 1586 5057 luerint.

71 5097 131 5148 ant.
814 5088 926 5144 CXCIII.
953 5089 993 5144 Ila
1008 5088 1148 5143 ordinetis
1170 5089 1222 5161 qui
1235 5089 1402 5161 episcopum
1424 5088 1575 5162 proprium
1595 5105 1662 5145 cou-

70 5181 92 5237 d
116 5181 188 5236 nulli
213 5179 392 5235 sacerdotum
418 5193 541 5232 canonas
565 5177 652 5233 lIceat
673 5176 759 5247 Igno·
849 5181 995 5232 temnunt.

815 5264 924 5320 CXCIV.
949 5263 978 5320 Si
1002 5264 1152 5337 presbyter
1173 5271 1272 5321 contra
1287 5281 1370 5320 snum
1389 5265 1555 5339 episcopum
1578 5267 1662 5323 intla-

89 5357 262 5432 presbyteris
282 5354 505 5429 parochialibus,
531 5369 596 5408 cum
619 5367 760 5408 convene·
853 5357 896 5407 tus
911 5351 1036 5407 schisma
1050 5353 1158 5421 iecerit,
1173 5358 1204 5409 ut
1217 5353 1483 5410 anathematiaetur.

76 5464 107 5502 se
122 5447 266 5503 inebriare
279 5462 337 5501 non
351 5443 484 5500 audeant.
816 5441 912 5499 CXCV.
928 5442 969 5496 na
982 5440 1041 5497 illis
1053 5443 1104 5515 qui
1116 5442 1242 5515 aliquem
1258 5458 1294 5498 ex
1308 5442 1446 5499 ordinatis
1459 5443 1530 5500 falso
1542 5443 1663 5500 calmiue

84 5536 185 5592 eadem
199 5552 241 5594 re.
851 5527 1036 5602 appeIIarInt.
