3894 6120
670 300 907 358 aduentantis
927 297 1193 357 wouiaactaltSls
1212 297 1409 356 eviscopos.

897 599 971 640 auito
987 599 1082 640 oomni
1099 600 1197 640 lixivi.

687 769 1391 959 ausculanus

580 1029 945 1096 WOllMA'l'lllNSlS
975 1029 1211 1097 ECCLESIAE
1235 1031 1502 1100 EPlSCOPUS.

807 1354 1278 1482 PROOEMIA.

910 1585 1176 1597 *—

461 1716 709 1790 NOTITIA
756 1716 1085 1790 HISTORICA
1131 1717 1199 1789 ET
1242 1716 1623 1791 LITTERARIA.

795 1892 921 1965 (onaan,
938 1894 1038 1964 serape.
1054 1895 1144 1950 esces.
1165 1894 1200 1959 n,
1221 1894 1296 1964 aas.)

204 2179 382 2236 burchardus
405 2178 621 2233 Wormatiensis
635 2179 796 2251 episcopus,
813 2179 929 2235 nabone
946 2180 1052 2235 Ger-A
1070 2178 1147 2252 pitus
1160 2182 1315 2250 receperat.
1335 2178 1377 2233 lbi
1390 2194 1507 2250 quoque
1521 2179 1642 2250 negotiis
1656 2180 1845 2237 saecnlesibus
1856 2188 1906 2254 post

166 2284 280 2337 manus,
303 2267 396 2339 patria
418 2268 531 2332 Hessos,
559 2273 586 2321 et
611 2268 737 2338 primum
761 2266 839 2322 Lobii
866 2267 896 2322 in
917 2267 1014 2338 Belgio
1069 2272 1182 2338 tergum
1209 2267 1354 2338 projectis,
1380 2267 1448 2322 totis
1463 2267 1569 2324 viribus
1587 2268 1618 2324 iu
1633 2270 1779 2342 obsequio
1796 2271 1845 2326 liei
1858 2276 1904 2325 stu·

167 2358 337 2422 monachus,
358 2360 387 2410 et
408 2355 524 2423 olberti,
551 2354 695 2410 lobiensis
711 2355 846 2410 monachi
861 2361 889 2410 et
903 2355 1014 2411 abbatis
1069 2355 1291 2411 debat'Eodem
1317 2357 1426 2428 quippe
1449 2362 1590 2428 tempore,
1614 2357 1645 2413 in
1673 2359 1840 2415 collectorio
1861 2359 1904 2415 tls·

166 2453 266 2516 postea
281 2443 491 2502 Gemblacensis
514 2445 680 2514 discipulus,
705 2461 789 2510 euno,
806 2446 867 2512 996,
898 2444 1013 2499 Olberto
1069 2457 1179 2496 nonum
1203 2443 1233 2498 iu
1249 2445 1302 2499 hac
1321 2445 1393 2499 cella
1416 2461 1475 2500 non
1498 2447 1641 2502 modicum
1657 2448 1819 2504 laborabat.
1836 2449 1904 2514 Nam,

167 2535 304 2605 magistro
329 2533 464 2598 instante,
487 2531 637 2604 episcopus
653 2531 866 2588 wormatiensis
886 2533 1014 2587 Ecclesia
1069 2529 1187 2585 domino
1214 2531 1350 2587 Walterio
1384 2532 1512 2604 Spirensi
1538 2535 1670 2608 episcopo
1696 2536 1862 2610 adiuvante,
1884 2544 1905 2592 st

168 2625 340 2688 electusest,
369 2621 472 2692 inqua
498 2621 604 2676 resedit
630 2638 719 2693 arsque
747 2622 784 2677 ad
807 2637 917 2676 aunum
946 2623 1013 2676 1025
1070 2619 1251 2674 Brunichoue
1283 2621 1439 2692 praeposito
1468 2622 1634 2678 exhortante
1678 2628 1708 2679 et
1736 2631 1905 2697 suggerente,

167 2710 211 2765 rel
227 2712 304 2780 idib,
324 2726 382 2783 quo
397 2715 527 2764 mortuus
542 2714 593 2763 est.
611 2710 775 2781 sigebertus
790 2709 820 2764 in
835 2710 966 2767 Chronico
978 2710 1013 2764 ad
1069 2708 1189 2765 Oenones
1216 2709 1247 2765 in
1276 2726 1367 2765 uuum
1395 2727 1499 2783 corpus
1526 2713 1649 2784 collegit.
1682 2715 1749 2769 Non
1776 2730 1828 2787 pro
1859 2716 1905 2769 ulls

166 2815 275 2854 annum
292 2798 470 2864 innarenn,
486 2799 665 2852 collaborante
684 2800 815 2866 mapistro
833 2812 881 2851 sao
908 2797 1014 2853 Olberto
1068 2797 1244 2868 arrogantia,
1266 2799 1327 2867 sed,
1350 2804 1382 2855 ut
1403 2799 1466 2871 ipse
1490 2800 1569 2868 dixit,
1595 2801 1663 2873 quie
1687 2819 1833 2858 munnam
1851 2804 1905 2875 jan

166 2889 275 2953 abbate,
292 2890 352 2943 viro
374 2885 554 2955 undequaque
576 2886 742 2952 doctissimo,
767 2900 904 2955 magnum
919 2886 1033 2954 Cano<
1068 2884 1328 2958 poeniteutiumque
1350 2887 1458 2958 judicie
1480 2888 1510 2943 in
1539 2889 1702 2961 episcopato
1727 2906 1781 2946 suo
1800 2892 1904 2946 omuino
1945 2925 1947 2962 ,

166 2992 235 3031 num
260 2976 395 3030 volumen
419 2974 557 3029 edidisse:
582 2978 611 3028 et
636 2973 666 3028 in
681 2974 755 3028 libro
783 2974 1014 3042 descriptoribus
1068 2972 1327 3045 lucrantneglecta
1350 2992 1383 3030 ac
1405 2975 1635 3045 destructe3'hoe
1663 2994 1732 3033 vero
1745 2994 1849 3051 corpus
1865 2994 1904 3033 seo
1946 3001 1947 3006 ¹

166 3064 435 3132 ecelesiasticis,cap.
450 3061 1012 3129 tlt,haecdeeorelert:«burchardus,
1069 3061 1271 3117 Collectorium
1298 3063 1430 3118 distinxit
1457 3070 1486 3119 et
1510 3065 1541 3120 in
1570 3066 1672 3135 viginti
1702 3067 1793 3122 libros
1819 3067 1904 3122 distn'·

166 3151 317 3222 episcopus
333 3148 413 3204 urbis
433 3147 624 3217 wangionum
640 3163 705 3218 que
728 3147 834 3202 dicitur
847 3146 1012 3216 Wormatia,
1068 3149 1167 3204 buit.»
1183 3149 1262 3205 ldem
1277 3149 1307 3204 in
1322 3150 1489 3222 prefatione
1505 3152 1599 3225 operis
1613 3153 1657 3209 sui
1670 3157 1804 3210 testatur.
1820 3155 1903 3211 «Cum

165 3254 294 3307 mepnnm
303 3238 441 3295 Genesium
452 3237 584 3302 notamen,
596 3236 673 3306 qnod
684 3252 700 3289 a
711 3234 828 3290 nomine
843 3234 932 3307 ipsius
947 3238 1015 3292 linr-
1068 3237 1099 3291 in
1114 3253 1165 3292 sua
1177 3237 1290 3293 dioecesi
1305 3254 1430 3295 canones
1445 3248 1474 3294 et
1488 3242 1687 3312 penitentium
1704 3243 1774 3314 jura
1787 3243 1904 3309 contusa,

165 3326 285 3382 etardus
300 3325 513 3391 denominatur,
531 3324 622 3379 molto
636 3324 731 3379 studio
751 3323 921 3394 composuit,
936 3325 1013 3396 quod
1069 3324 1128 3379 imo
1151 3324 1342 3397 discrepantia
1366 3327 1485 3394 videret,
1502 3334 1533 3383 ut
1556 3333 1605 3383 aut
1629 3345 1663 3384 ex
1687 3333 1749 3385 toto
1776 3332 1905 3404 nemesis,

166 3415 337 3470 testimoniis
363 3412 495 3468 omnium
520 3411 752 3468 authenticorum
775 3412 964 3468 conciliorum
987 3419 1015 3469 et
1070 3417 1120 3468 aut
1137 3412 1217 3468 omni
1239 3429 1313 3484 pene
1337 3415 1507 3470 auctoritate
1531 3415 1675 3483 destituta,
1694 3419 1742 3473 vel
1758 3419 1905 3476 modicein

165 3503 285 3558 decretis
295 3504 491 3558 Romanorum
503 3501 673 3573 pontificum
683 3506 712 3556 et
723 3501 870 3556 sententiis
884 3503 1015 3557 omnium
1070 3500 1259 3555 ecclesiastiea
1273 3501 1424 3572 disciplina
1438 3503 1576 3559 institutis
1598 3520 1740 3576 apparere
1758 3506 1904 3577 potuerint,

166 3607 239 3662 pene
264 3589 473 3646 catholicorum
509 3592 627 3645 Petrum
665 3589 857 3655 auctorizavit,
888 3606 922 3644 ex
958 3607 1015 3662 quo
1069 3592 1171 3658 rogatu
1193 3588 1381 3644 brunichouis
1401 3591 1549 3662 praepositi
1570 3592 1697 3648 Ecclesiae
1724 3593 1905 3651 wormatien-

164 3678 257 3735 adhue
282 3677 414 3732 omnium
429 3678 616 3733 conciliorum
633 3677 745 3734 decreta
760 3677 1011 3734 auctorizentur.»
1068 3677 1108 3730 sis
1130 3677 1217 3748 coepit
1240 3693 1397 3749 congerere
1425 3684 1455 3733 et
1482 3679 1611 3751 digerere
1632 3681 1700 3752 jura
1729 3683 1905 3740 ecclesiastes

164 3767 329 3840 anuede
360 3765 466 3821 auxilio
491 3766 599 3821 Olberti
625 3767 661 3822 ad
687 3767 921 3838 compilationem
941 3767 1014 3822 hanc
1069 3765 1105 3819 ad
1134 3764 1288 3820 utilitatem
1326 3782 1385 3821 sum
1417 3767 1557 3833 Ecclesiae,
1583 3768 1618 3824 ob
1653 3770 1863 3843 negligentiam
1884 3775 1906 3826 et

163 3856 323 3911 taciendam
349 3854 379 3908 in
393 3855 522 3912 Chronico
546 3856 710 3925 scripserat,
729 3855 923 3910 confirmatio
939 3856 1013 3911 libro
1066 3852 1221 3921 inscitiam,
1246 3858 1276 3907 nl
1302 3853 1364 3925 ipse
1388 3855 1528 3926 loquitur,
1553 3856 1746 3914 secerdotum.
1773 3879 1789 3913 r
1819 3860 1905 3916 Fontes

162 3947 200 3999 lie
225 3946 405 4014 scriptoribus
434 3944 620 3998 ecclesiasticis
645 3941 675 3995 in
703 3941 828 4008 0lberto,
858 3957 919 4013 cap.
951 3945 1011 4009 lli,
1067 3947 1164 3997 eutem
1183 3947 1212 3996 et
1230 3945 1325 4012 partes
1347 3943 1392 3997 sui
1416 3944 1512 4014 operis
1536 3944 1595 4016 ipse
1609 3944 1640 4000 iu
1654 3946 1714 4003 fine
1740 3948 1904 4019 praelationis

162 4033 256 4089 verbis
270 4032 353 4087 istis:
376 4030 584 4085 «burchardus
608 4029 760 4100 episcopus
788 4030 1011 4100 Wormatiensis,
1065 4035 1233 4085 memoratae
1246 4030 1379 4085 ostendit.

163 4121 224 4191 ejus
239 4119 348 4176 Olberti
365 4118 530 4188 magisterio
553 4118 588 4172 ad
604 4118 658 4172 hoc
677 4122 839 4188 provectus,
857 4124 888 4173 ut
907 4119 948 4174 ita
966 4135 1012 4175 ec·
1102 4140 1116 4168 a
1140 4118 1303 4190 Synodalie,
1325 4117 1431 4189 inquit,
1458 4125 1611 4191 praecepta,
1646 4126 1810 4196 sanctaque
1835 4124 1905 4181 insti·

162 4207 328 4262 clesiasticae
353 4205 469 4260 utilitati
492 4206 665 4274 intenderet,
694 4207 806 4277 atejus
831 4206 937 4275 studio,
962 4224 1011 4263 ore
1065 4210 1136 4274 tute,
1151 4211 1210 4262 tam
1222 4222 1256 4262 ex
1271 4211 1437 4262 sanctorum
1461 4209 1579 4263 Petrum
1601 4212 1757 4267 sententiis
1777 4230 1864 4287 qnam
1878 4229 1904 4268 ex

162 4300 192 4349 et
213 4311 299 4349 manu
319 4291 393 4349 stne
416 4308 545 4362 mopnnm
568 4294 706 4350 Cononem
718 4294 841 4349 notamen
868 4295 903 4350 ad
928 4309 1010 4350 com·
1064 4295 1208 4350 canonicis
1223 4295 1345 4366 scriptis,
1359 4295 1490 4366 adjutore
1503 4298 1571 4365 Deo,
1592 4298 1624 4352 in
1642 4315 1737 4356 unum
1760 4302 1865 4359 lucem
1878 4316 1905 4356 ex

163 4399 281 4438 munem
296 4382 426 4437 omnium
450 4381 603 4437 utilitatem
620 4382 726 4437 ederet.
750 4382 835 4437 »Ubi
862 4381 1010 4452 atquibus
1063 4383 1242 4455 amplissimo
1257 4382 1326 4438 orbe
1342 4384 1455 4455 collegi,
1477 4400 1568 4457 eaque
1591 4390 1624 4441 at
1647 4387 1733 4457 potui
1747 4404 1811 4445 uno
1829 4388 1905 4445 veluti

162 4471 366 4526 auxiliantibus
393 4469 572 4526 burchardus
594 4471 648 4525 hoc
673 4470 793 4542 perfecit
820 4487 903 4542 opus,
927 4470 1011 4526 docet
1064 4487 1183 4542 corpora
1196 4486 1332 4536 connexa,
1348 4471 1450 4542 viginti
1473 4471 1554 4527 libris
1576 4473 1704 4530 distinxi.
1722 4496 1734 4526 ι
1752 4477 1788 4532 Et
1801 4478 1906 4551 quibus·

160 4564 262 4614 auctor
288 4574 459 4629 anonymus,
497 4559 547 4630 qui
586 4559 673 4614 vitem
711 4560 774 4629 ejus
804 4564 868 4630 post
896 4558 1008 4614 obitum
1062 4559 1129 4615 dam
1145 4559 1342 4630 interjectis:‹
1359 4560 1477 4624 Quantis
1487 4566 1582 4616 antem
1596 4562 1648 4617 hoc
1662 4563 1816 4622 laboribus
1830 4572 1905 4639 atque

161 4645 284 4717 scripsit,
312 4661 378 4700 cum
402 4645 520 4700 Decreto
550 4645 640 4717 ipsios
668 4646 774 4701 editam
798 4661 804 4698 :
832 4667 844 4694 ι
877 4646 1008 4701 Forestus
1062 4648 1167 4718 vigiliis
1189 4648 1383 4718 praestiterim,
1411 4651 1484 4704 Dens
1500 4649 1627 4720 optimus
1648 4651 1806 4723 judicabit,
1829 4670 1905 4728 quem

160 4734 231 4790 silva
258 4739 310 4800 est,
336 4733 441 4804 iuquit,
469 4734 581 4790 duobus
608 4733 779 4788 milliaribus
807 4750 824 4787 a
852 4732 1009 4789 Wormatia
1025 4731 1046 4786 C
1064 4735 1141 4807 quod
1160 4751 1214 4806 pro
1229 4741 1335 4791 nostrae
1357 4736 1491 4791 Ecclesiae
1515 4739 1680 4794 necessitate
1705 4738 1840 4812 fecerim,
1857 4757 1906 4798 non

159 4823 277 4892 distans,
305 4822 448 4878 abietibus
473 4824 634 4889 abundans,
656 4827 684 4876 et
706 4823 781 4876 hanc
799 4821 883 4892 palus
907 4820 1009 4876 limosa
1063 4823 1141 4879 latet.
1167 4824 1260 4889 Quare
1281 4824 1394 4878 etiamsi
1418 4830 1524 4879 nostrae
1547 4826 1702 4896 provinciae
1723 4828 1835 4887 limites
1855 4845 1907 4887 uon

159 4929 192 4969 ex
213 4928 270 4967 uua
284 4917 365 4985 parte
386 4911 541 4966 ambiendo
563 4908 771 4980 circumcingit,
796 4909 827 4964 in
850 4909 931 4980 cnjus
950 4925 1010 4964 me·
1063 4909 1174 4976 exierit,
1198 4910 1410 4967 nihilomnino
1434 4928 1510 4984 aegre
1533 4913 1668 4980 letemus,
1688 4917 1780 4973 modo
1805 4923 1907 4975 nosue·

157 5001 263 5059 dietate
288 5001 369 5056 collis
393 4998 605 5071 pulcherrimus
628 4997 769 5064 consistit,
794 4998 830 5053 ad
856 5013 943 5070 quem
966 4999 1008 5053 vir
1062 5013 1127 5053 rum
1144 4998 1344 5054 ministrorum
1359 5000 1493 5055 manibus
1505 5006 1623 5057 teratur.
1640 5004 1730 5059 Porro
1752 5006 1906 5079 legentibus

157 5090 209 5146 Dei
230 5106 260 5145 se
280 5087 430 5145 transferri
446 5085 602 5158 praecepit;
629 5092 658 5140 et
682 5085 751 5157 quia
773 5086 935 5141 mundanos
960 5092 1007 5141 tu·
1062 5087 1147 5142 etiam
1160 5086 1189 5142 id
1202 5103 1369 5158 persuasum
1393 5105 1453 5143 esse
1477 5090 1620 5161 cupimus,
1646 5090 1720 5147 nihil
1740 5093 1780 5148 de
1804 5093 1905 5151 meoin

157 5179 265 5235 multus
279 5177 405 5232 devium
432 5174 533 5242 uoluit,
552 5173 704 5228 arboribus
718 5173 927 5246 fruticibusque
941 5190 1006 5229 suc·
1059 5174 1114 5229 hoe
1139 5191 1226 5246 opere
1251 5175 1381 5231 additum
1397 5192 1467 5239 esse,
1484 5177 1535 5232 sed
1556 5194 1591 5233 ex
1610 5177 1714 5234 divinis
1739 5180 1906 5240 maumonii

154 5267 230 5334 cisis,
242 5266 344 5321 collem
359 5262 529 5335 explanavit.
544 5261 587 5316 lbi
600 5265 850 5335 quoqneprimum
865 5261 934 5317 lecit
944 5278 1006 5317 ora·
1059 5262 1274 5335 scripturarum
1287 5265 1300 5335 (
1315 5280 1448 5336 quanam
1476 5265 1532 5321 hoc
1558 5270 1689 5337 tempore
1717 5269 1769 5326 hic
1784 5276 1815 5327 et
1827 5285 1907 5344 supas

153 5355 273 5422 tortum,
288 5351 354 5407 dein
365 5353 428 5406 aliis
448 5349 569 5406 officinis
578 5349 713 5421 peractis,
735 5349 836 5405 cellam
858 5349 1004 5421 egregiam
1059 5350 1163 5406 divinae
1178 5350 1333 5424 Scripturas
1355 5356 1383 5407 et
1407 5354 1543 5409 canonica
1561 5355 1667 5426 scripta
1690 5355 1770 5414 dicta
1794 5359 1905 5425 luerint,

152 5439 321 5499 construxit.
338 5440 407 5495 Illuc
432 5456 462 5495 se
477 5443 542 5510 post
564 5437 684 5493 concilia
701 5438 837 5510 regiaque
859 5438 1004 5508 colloquia
1057 5438 1097 5505 id,
1112 5440 1186 5510 prola
1201 5440 1304 5495 dolor!
1324 5441 1421 5495 statim
1442 5441 1562 5512 patebit)
1587 5442 1703 5515 singula
1724 5461 1791 5503 esse
1811 5448 1907 5505 decer·

152 5535 183 5590 st
199 5532 266 5603 post
278 5542 377 5584 curam
401 5527 570 5599 synodalem
586 5527 771 5599 diversosque
800 5525 901 5583 mundi
927 5530 1000 5582 stre·
1055 5531 1115 5600 pte,
1132 5543 1166 5584 ea
1181 5543 1249 5585 sane
1264 5528 1332 5595 lide,
1357 5533 1390 5584 ut
1407 5534 1579 5604 perpetuam
1602 5533 1809 5593 auctoritatem
1829 5536 1905 5595 habi·

104 5734 135 5751 k
