3878 6112
89 261 139 312 ser
626 232 828 307 ιιιιιιιιιιι
849 246 1119 305 ιιοιιιιιιιιιιιι
1137 244 1306 303 ιιιιιιιι.
1788 244 1841 296 ιιι

88 380 165 453 quod
178 379 306 434 carinam
325 380 437 443 vocant,
452 391 517 430 cnm
534 379 643 446 septem
658 373 842 445 sequentibus
856 374 974 430 annisa
993 374 1079 428 fratre
1094 383 1144 428 tuo
1156 369 1264 427 carnali
1283 368 1362 424 idem
1385 368 1478 424 scelus
1494 370 1676 440 perpetrasti,
1693 370 1737 424 XV
1752 385 1842 424 annos

75 466 238 549 Αιιιιιιιιιιι.
990 478 1043 533 per
1057 461 1200 533 legitimas
1209 459 1295 514 ferias
1307 453 1449 529 poeniterc
1457 458 1552 513 debes.

354 551 519 608 Dedisctdio
535 551 668 621 conjuptt.
1025 550 1055 605 si
1078 566 1143 604 cum
1168 547 1294 603 masculo
1316 545 1392 601 intra
1415 561 1506 615 coras,
1535 551 1568 601 ut
1590 547 1711 618 quidam
1737 547 1841 613 solent,

122 643 251 699 Tenuisti
275 641 368 696 tilium
396 646 489 708 tuum,
519 641 563 694 vel
588 639 687 706 filiam,
713 639 756 693 vel
784 639 936 693 filiastrum
990 638 1208 694 fornicationem
1224 634 1326 701 fecisti,
1346 634 1386 689 ita
1405 634 1477 701 dico,
1499 638 1626 689 uttnum
1645 633 1729 688 virile
1749 649 1842 688 mem·

89 737 183 799 tuum,
198 732 241 787 val
268 730 417 785 filiastram
437 735 527 796 taam,
555 728 590 783 ad
614 726 872 794 confirmationem,
893 727 935 778 vel
990 726 1076 780 brnm
1100 726 1176 779 intre
1190 740 1272 780 coxas
1296 721 1413 777 alterius
1436 722 1577 790 mitteres,
1589 727 1618 776 et
1640 723 1681 776 sic
1705 722 1843 793 agitando

87 821 197 875 afonte
218 817 379 888 suscepisti,
401 822 429 872 et
448 817 513 871 ideo
535 817 589 870 hoc
613 816 702 869 fecisti
728 821 761 870 nt
786 815 936 869 discidium
976 830 1088 868 semen
1115 812 1310 875 effunderesf
1325 812 1355 867 Si
1382 811 1483 877 fecisti,
1509 811 1551 866 ιιι,
1575 811 1636 866 dies
1661 811 1694 864 in
1714 826 1793 881 pane
1816 815 1843 865 et

88 910 197 965 faceres
211 910 287 963 inter
301 913 328 961 te
344 911 373 960 et
388 920 505 960 uxorem
520 906 619 959 tuam?
634 904 662 959 Si
686 905 836 973 episcopus
859 902 938 957 aliud
992 919 1067 974 aqua
1081 902 1230 973 poeniteas.

88 995 316 1051 consiliaminde
332 995 424 1048 facere
444 993 581 1061 noluerit,
608 997 674 1045 tunc
697 991 824 1062 separari
851 991 938 1045 debes
1027 990 1128 1045 Fecisti
1160 987 1391 1052 fornicationem,
1418 991 1451 1041 ut
1479 987 1597 1058 quidam
1621 986 1717 1041 fecere
1738 986 1841 1052 solent,

89 1086 301 1148 abuxoretun,
322 1087 351 1136 ιι
371 1082 413 1136 XL
437 1081 508 1147 dias,
535 1081 613 1152 quod
630 1081 756 1135 carinam
780 1084 891 1146 vocent,
908 1078 938 1133 in
992 1079 1032 1133 ita
1051 1079 1115 1133 dico
1130 1082 1163 1132 ιιι
1188 1083 1220 1132 ιιι
1252 1077 1283 1130 ιιι
1307 1091 1426 1131 manum
1451 1081 1530 1130 tuam
1551 1080 1696 1130 veretrum
1724 1076 1842 1129 alterius

88 1188 162 1243 pane
177 1177 206 1227 et
220 1186 295 1242 aqua
310 1185 376 1224 cum
401 1173 511 1240 septem
537 1168 723 1239 sequentibus
745 1168 829 1221 annis
844 1166 938 1238 poeni-
992 1167 1143 1238 acciperes,
1159 1171 1189 1220 et
1203 1166 1276 1220 alter
1294 1168 1376 1219 tuum
1401 1163 1432 1218 in
1454 1179 1547 1231 suam,
1575 1169 1604 1217 et
1618 1163 1658 1218 sic
1678 1162 1842 1218 alternatim

87 1266 149 1316 tere
164 1259 261 1327 debes,
278 1264 469 1328 etnunquam
492 1257 578 1312 debes
594 1257 729 1311 essesine
757 1254 935 1326 poenitentia,
992 1264 1103 1311 veretra
1132 1256 1265 1310 manibus
1293 1253 1394 1309 restris
1417 1252 1641 1319 commoveritis,
1667 1256 1700 1306 ut
1725 1251 1768 1306 sic
1795 1267 1843 1323 per

89 1353 117 1403 et
131 1349 192 1403 sine
206 1364 257 1418 spe
273 1346 402 1417 conjugii
428 1345 513 1400 debes
537 1360 716 1415 permanere.
742 1345 817 1401 Uxor
842 1346 937 1397 autem
991 1346 1070 1400 illam
1089 1344 1305 1399 delectationem
1324 1335 1423 1396 semen
1438 1358 1455 1397 a
1471 1349 1498 1395 te
1511 1341 1726 1412 projiceresfsi
1741 1340 1842 1407 fecisti,

88 1440 148 1504 tua,
165 1436 187 1490 ιι
203 1453 232 1490 ιι
248 1436 394 1489 continere
412 1451 469 1489 non
485 1439 587 1504 potest,
604 1434 694 1487 nubat
708 1432 738 1486 in
752 1431 883 1486 Domino.
993 1434 1112 1504 triginta
1127 1433 1187 1488 dies
1203 1433 1317 1503 inpane
1329 1437 1444 1503 elaqua
1457 1431 1605 1502 poeniteas.

124 1524 265 1596 Accepisti
279 1523 441 1588 mulierem,
459 1526 487 1576 et
512 1521 636 1575 habuisti
657 1537 720 1574 eam
735 1520 852 1591 aliquod
869 1525 939 1572 tem·
1028 1521 1129 1577 Fecisti
1142 1521 1220 1575 solus
1245 1525 1340 1574 terum
1360 1519 1589 1584 fornicationem,
1617 1521 1651 1571 ut
1666 1516 1790 1587 quidam
1804 1517 1843 1570 fa·

89 1630 154 1685 pus,
179 1627 319 1673 mensem,
344 1616 394 1665 aut
419 1617 485 1676 tres,
513 1615 564 1662 aut
585 1613 732 1680 postremo
762 1623 881 1672 annum,
910 1611 1055 1708 ethere
1072 1610 1175 1683 solent,
1190 1609 1231 1663 ita
1245 1608 1308 1664 dico
1334 1612 1364 1661 ιιι
1383 1607 1444 1677 ipse
1471 1611 1554 1661 tuunr
1575 1605 1658 1659 virile
1680 1605 1844 1660 membrum

89 1709 159 1757 tunc
179 1701 307 1772 primum
327 1699 422 1754 dixisti
446 1702 474 1753 te
498 1714 559 1751 esse
574 1698 685 1768 frigidae
702 1704 822 1765 natura,
852 1697 892 1750 ita
906 1702 938 1750 ιιι
993 1700 1023 1754 in
1036 1715 1153 1754 manum
1172 1701 1252 1751 tuam
1266 1697 1420 1766 acciperes,
1435 1699 1465 1749 et
1478 1695 1518 1750 sic
1533 1695 1653 1750 duceres
1669 1695 1842 1766 praeputium

90 1805 148 1844 non
163 1789 304 1860 potuisses
318 1787 393 1841 coire
411 1802 475 1840 cum
491 1803 523 1840 ea
540 1802 592 1840 nec
606 1801 671 1839 cum
695 1785 750 1838 alia
762 1785 858 1855 aliqua
875 1802 881 1838 :
910 1789 938 1838 et
992 1795 1086 1854 tuum,
1101 1792 1129 1841 et
1143 1803 1231 1840 manu
1245 1785 1363 1855 propria
1378 1799 1575 1838 commoveres
1599 1789 1630 1838 ιιι
1644 1783 1686 1837 ιιι
1702 1798 1758 1853 per
1769 1782 1843 1836 dele·

90 1876 113 1931 si
129 1877 178 1930 illa
191 1892 255 1947 quae
270 1880 402 1930 uxortua
417 1891 477 1928 csse
493 1874 602 1942 debuit,
616 1873 717 1927 eadem
733 1872 858 1927 affirmat
872 1887 937 1944 quae
992 1877 1145 1931 clationem
1160 1889 1259 1929 semen
1273 1889 1291 1927 a
1305 1878 1333 1928 te
1351 1872 1524 1943 projiceres?
1538 1871 1569 1926 Si
1585 1870 1687 1938 fecisti,
1703 1871 1724 1925 ll
1745 1871 1842 1925 diesin

89 1969 120 2019 tu
136 1965 205 2020 dicis
222 1981 228 2018 :
246 1968 274 2018 et
293 1964 316 2017 si
342 1962 457 2033 probari
469 1967 564 2033 polest
587 1977 639 2032 per
662 1967 771 2016 rectum
785 1961 936 2032 judicium,
992 1980 1066 2035 pane
1081 1968 1110 2018 et
1124 1978 1197 2034 aqua
1212 1962 1360 2033 poeniteas.

89 2053 130 2109 ita
153 2068 214 2107 esse
240 2057 273 2106 ιιι
294 2052 398 2118 (ιιιιιιι,
423 2050 549 2120 separari
570 2050 698 2120 potestis,
723 2055 819 2104 tamen
841 2066 873 2103 ιιι
889 2066 936 2104 ra·
1028 2051 1128 2106 Fecisti
1140 2050 1370 2118 fornicationem,
1389 2053 1422 2103 ιιι
1436 2048 1554 2120 quidam
1579 2047 1673 2102 facero
1689 2048 1795 2115 solent,
1813 2052 1841 2102 nt

91 2143 168 2196 tione
193 2145 234 2206 ut,
251 2140 275 2194 si
298 2142 328 2193 to
352 2143 419 2210 post
442 2139 529 2193 aliam
552 2137 704 2209 acceperis,
729 2154 795 2192 reus
818 2138 937 2208 perjurii
992 2145 1023 2194 ιιι
1039 2144 1121 2193 tuum
1134 2139 1214 2192 virile
1231 2138 1394 2192 membrum
1408 2137 1439 2191 in
1453 2136 1565 2207 lignum
1586 2135 1780 2205 perforatum,
1795 2139 1842 2189 act

90 2228 265 2300 dijudiceris,
286 2233 315 2282 et
335 2227 452 2295 iterum,
476 2230 541 2298 post
563 2231 709 2297 peractam
728 2226 936 2297 poeniteutiem,
992 2226 1023 2281 in
1038 2226 1152 2298 aliquod
1168 2225 1335 2296 hujusmodi
1351 2225 1480 2279 mitteres
1496 2229 1526 2278 nt
1541 2225 1581 2278 sic
1597 2239 1650 2294 per
1664 2223 1747 2278 illam
1766 2238 1838 2277 com·

89 2319 186 2390 priora
197 2316 341 2370 connubia
356 2331 493 2369 renovare
504 2314 623 2369 dehetis.
637 2314 688 2368 llla
703 2318 797 2367 autern
814 2313 936 2383 sipi-ior,
994 2315 1152 2369 motionem
1167 2318 1194 2367 et
1214 2313 1434 2369 delectationem
1458 2330 1475 2368 a
1493 2318 1521 2366 te
1546 2327 1644 2366 semen
1669 2311 1841 2382 projiceres?

90 2410 155 2476 post
180 2420 289 2459 annum
315 2407 365 2457 aut
385 2402 548 2469 dimidium,
574 2402 609 2456 ad
632 2402 799 2472 episcopum
827 2407 877 2457 aut
902 2402 938 2457 ad
994 2403 1023 2458 si
1038 2403 1139 2469 fecisti,
1153 2402 1200 2457 xx
1213 2402 1274 2457 dies
1287 2401 1317 2456 in
1333 2418 1408 2473 pane
1421 2406 1449 2456 et
1462 2417 1537 2473 aqua
1550 2400 1699 2472 preniteas.

90 2493 153 2565 ejus
180 2492 301 2546 missum
326 2508 355 2544 se
376 2491 607 2561 proclamaverit,
636 2495 665 2544 ιι
689 2490 857 2561 dicitquod
881 2505 937 2544 non
1030 2492 1137 2547 Dedisti
1165 2493 1294 2546 osculum
1320 2490 1405 2545 alicui
1438 2490 1553 2545 feminae
1578 2504 1632 2559 per
1657 2487 1840 2543 immundum

91 2581 273 2650 cognovisses
293 2594 368 2647 eam,
390 2586 419 2633 et
442 2585 528 2650 negat
552 2580 678 2649 aliquem
705 2579 937 2633 commixtionem
993 2581 1176 2645 desiderium,
1194 2579 1274 2634 etsie
1288 2583 1315 2634 ιι
1328 2577 1474 2650 polluisti?
1488 2578 1518 2633 si
1535 2577 1635 2646 fecisti,
1658 2582 1719 2632 tres
1734 2576 1795 2631 dies
1812 2577 1841 2630 in

91 2668 167 2724 iuter
181 2685 231 2722 vos
245 2684 306 2722 esse
323 2685 330 2722 :
347 2672 379 2723 ιιι
394 2672 489 2722 antem
503 2666 629 2722 affirmas
644 2667 721 2738 quod
736 2683 809 2722 uxor
827 2672 877 2722 tua
892 2669 936 2735 sit,
954 2729 961 2743 ‚
993 2686 1068 2740 pane
1084 2674 1112 2723 et
1125 2685 1200 2739 aqua
1214 2668 1353 2739 poenitere
1369 2668 1466 2724 debes.
1485 2667 1515 2723 si
1529 2668 1605 2721 intra
1625 2665 1776 2720 ecclesiam
1790 2664 1841 2718 hoc

90 2757 143 2813 tibi
153 2757 328 2813 credendum
343 2761 394 2820 est,
410 2773 444 2810 ιο
461 2756 538 2827 quod
552 2759 643 2828 jcaput
658 2756 787 2810 mulieris
802 2772 832 2811 es
847 2773 853 2811 :
872 2757 939 2828 quia
994 2757 1162 2828 contigerat,
1176 2757 1218 2811 llll
1233 2756 1294 2811 dies
1307 2756 1337 2811 in
1349 2760 1464 2828 paueat
1477 2771 1552 2827 aqna
1564 2754 1717 2826 poeniteas.

91 2845 115 2899 si
129 2862 159 2900 se
182 2847 359 2917 proclamare
381 2845 519 2912 voluerat,
550 2861 601 2898 cur
622 2846 722 2900 tandiu
750 2845 857 2900 tacuit?
877 2847 939 2902 Cito
1030 2845 1131 2900 Fecisti
1159 2844 1378 2900 fornicationem
1404 2849 1502 2898 contra
1529 2847 1673 2907 naturam,
1695 2841 1725 2895 id
1751 2845 1793 2895 est
1812 2844 1841 2894 ιιι

92 2939 120 2988 ιι
138 2934 168 2988 in
193 2950 278 3006 parvo
301 2938 431 3004 tempore
454 2933 525 2986 scire
553 2933 657 2988 mulier
679 2933 774 3004 potuit
796 2933 819 2987 si
843 2951 939 2989 securo
956 2931 977 2985 C
995 2951 1059 2989 cum
1088 2933 1223 2988 masculis
1250 2933 1295 2987 vel
1323 2948 1390 2987 cum
1419 2931 1592 2986 animalibus
1616 2929 1722 2995 coires,
1749 2927 1778 2983 id
1801 2931 1841 2982 est

91 3023 167 3077 coire
182 3022 333 3092 potuisses,
356 3021 380 3075 si
393 3025 490 3075 antem
510 3037 540 3074 se
561 3022 658 3075 statim
677 3021 708 3074 in
727 3022 789 3092 ipsa
803 3021 939 3090 novitate,
994 3039 1060 3078 cum
1072 3038 1156 3094 equa,
1177 3037 1242 3076 cum
1262 3037 1354 3089 vacca,
1385 3021 1429 3075 vel
1445 3036 1510 3076 cum
1526 3020 1616 3087 asina,
1639 3019 1685 3073 vel
1700 3032 1768 3072 cum
1788 3016 1839 3071 alio

92 3115 160 3180 post
173 3125 302 3164 mensem
315 3113 366 3162 aut
387 3113 565 3178 postremam
591 3113 656 3179 post
671 3111 752 3176 duos,
776 3127 805 3164 sc
830 3111 863 3165 ad
877 3111 941 3181 epi·
994 3112 1095 3182 aliquo
1111 3110 1290 3165 animalifsi
1310 3109 1400 3164 semel
1418 3109 1461 3164 vel
1480 3108 1524 3164 bis
1545 3107 1638 3162 fecisti
1654 3123 1661 3161 ε
1680 3111 1710 3161 ιι
1731 3105 1756 3159 ιι
1772 3121 1838 3159 ιιι·

91 3212 212 3268 scopam
225 3197 268 3251 vel
282 3197 317 3251 ad
333 3196 396 3265 ejus
421 3195 541 3249 missurn
563 3195 791 3267 proclamaverit,
818 3198 938 3253 dicens:
994 3215 1066 3266 rem,
1086 3215 1144 3253 non
1164 3198 1300 3265 habuisti,
1325 3198 1399 3270 quod
1420 3197 1578 3268 adimplere
1594 3201 1676 3250 tuem
1691 3194 1839 3249 libidinem

91 3284 161 3338 Volo
174 3289 265 3338 mater
280 3299 352 3350 esse,
368 3283 434 3337 volo
452 3283 528 3337 filios
559 3300 717 3354 procreare,
743 3291 771 3339 ct
795 3285 861 3340 ideo
878 3303 941 3340 ma·
993 3287 1145 3360 potuisses,
1166 3285 1444 3357 quadragintadics,
1471 3287 1502 3339 ιιι
1522 3299 1595 3356 pene
1614 3288 1645 3338 ιι
1659 3299 1748 3355 aqua,
1769 3281 1839 3354 qnod

33 3373 39 3377 ’
91 3372 179 3425 ritum
205 3372 317 3443 accepi;
343 3371 392 3426 sed
422 3371 493 3442 quie
516 3371 560 3425 vir
591 3387 677 3443 quern
705 3372 802 3443 accepi
829 3373 942 3444 frigidae
993 3375 1121 3429 carinam
1135 3376 1245 3442 vocant,
1262 3387 1327 3427 cum
1342 3379 1452 3444 septem
1472 3371 1660 3444 sequentibus
1686 3370 1839 3440 annispoe·

92 3464 204 3514 naturae
219 3464 272 3526 est,
288 3475 345 3513 non
373 3465 467 3530 potest
482 3474 515 3513 ea
533 3458 625 3513 facere
646 3463 765 3530 propter
789 3476 854 3531 qum
873 3477 941 3515 eum
993 3463 1085 3518 nitere
1114 3463 1211 3529 debes,
1231 3464 1265 3523 ‚et
1287 3477 1437 3533 nunquam
1461 3461 1499 3515 ιιι
1529 3460 1590 3514 sine
1612 3455 1841 3531 poenitentia.Si

91 3547 186 3619 accepi
204 3563 211 3602 ι
228 3547 251 3602 ιι
265 3547 380 3619 probari
395 3551 487 3619 potest
501 3563 552 3617 per
567 3552 676 3602 rectum
688 3547 840 3618 judicium,
858 3564 939 3618 sepa·
994 3557 1090 3607 autern
1106 3566 1225 3605 uxorem
1240 3549 1376 3615 habuisti,
1394 3550 1493 3605 decem
1512 3564 1602 3604 annos
1623 3564 1678 3620 per
1700 3547 1840 3619 legitimas

90 3637 148 3690 rari
164 3636 293 3706 potestis,
308 3641 337 3690 et
351 3636 401 3690 illa
415 3634 545 3690 nubatin
563 3635 694 3703 Domino,
710 3636 733 3689 si
748 3637 819 3691 vult.
993 3640 1078 3695 ferias
1105 3640 1246 3711 poenitere
1271 3638 1368 3694 debes.
1398 3638 1427 3693 Si
1456 3643 1552 3693 antem
1576 3637 1607 3691 in
1639 3635 1841 3691 consuetudine

353 3725 425 3779 Item
440 3724 473 3778 dt
487 3726 678 3791 fornicatione·
993 3728 1120 3783 habuisti
1132 3728 1202 3783 illud
1221 3728 1322 3794 scelus,
1338 3727 1384 3784 XV
1408 3743 1497 3781 annos
1521 3742 1573 3797 per
1594 3725 1741 3797 legitimas
1759 3724 1840 3779 ferias

127 3812 228 3868 Fecisti
248 3811 468 3867 fornicationem
491 3828 556 3866 cum
572 3828 669 3867 sorore
685 3812 756 3867 tna?
783 3812 812 3868 si
837 3812 938 3880 fecisti,
995 3816 1133 3888 poenitere
1146 3816 1241 3871 debes.
1258 3815 1287 3871 si
1302 3816 1333 3869 in
1347 3815 1468 3886 pueritia
1482 3813 1533 3869 tihi
1555 3814 1728 3884 contigerat,
1750 3811 1840 3868 Cdier

90 3903 217 3957 Xannos
231 3916 283 3972 per
294 3900 438 3971 legitimas
451 3901 547 3967 ferias,
571 3916 661 3954 tanum
686 3917 719 3954 ex
743 3900 789 3954 his
815 3901 845 3955 in
866 3917 940 3971 pane
994 3906 1112 3975 inpane
1127 3907 1156 3958 ιι
1170 3918 1245 3975 aqna
1260 3902 1345 3956 debes
1359 3902 1509 3973 paenitere.

91 3993 120 4044 ιι
150 4004 224 4061 aqua
247 3989 397 4060 poeniteas,
422 3993 451 4043 et
473 3989 601 4061 qnandiu
629 3989 716 4056 vivas,
739 3989 939 4059 penitentiam
1029 3991 1058 4047 Si
1074 3996 1171 4046 autam
1195 4006 1293 4044 servus
1313 3993 1356 4044 est
1376 3991 1427 4061 qui
1444 3988 1627 4055 hecfecerit,
1644 3992 1673 4043 et
1694 3992 1838 4053 uxoratus,

91 4092 169 4148 agas,
186 4081 214 4132 et
229 4079 268 4131 sis
291 4077 352 4131 sine
380 4093 430 4148 spe
454 4077 590 4148 conjugii.
614 4077 699 4132 Soror
723 4082 819 4133 eutem
833 4081 894 4148 tua,
916 4078 940 4132 si
994 4084 1102 4135 etcum
1117 4078 1288 4134 animalibus
1302 4083 1410 4151 peccat,
1434 4078 1458 4133 si
1483 4094 1548 4134 cum
1564 4077 1746 4147 scopisbene
1762 4075 1838 4132 casti·

90 4167 272 4220 consentiens
295 4181 355 4219 non
375 4165 438 4230 fuit,
457 4165 626 4234 poenitentia
647 4170 770 4236 peracta,
787 4167 812 4221 si
826 4182 856 4221 ιι
869 4182 939 4222 con·
955 4207 977 4261 D
996 4173 1091 4239 gatar,
1116 4173 1174 4222 tres
1199 4164 1362 4238 annos'per
1376 4166 1518 4239 legitimas
1541 4165 1627 4221 ferias
1651 4166 1800 4238 poenitcat.
1814 4164 1840 4220 Si

90 4253 183 4308 tinere
194 4270 252 4308 non
266 4258 370 4324 potest,
383 4254 474 4306 nubat
483 4253 513 4306 in
526 4253 655 4307 Domino.
996 4261 1092 4312 autem
1108 4272 1206 4311 servus
1227 4255 1288 4309 sine
1312 4271 1400 4311 uxore
1423 4255 1483 4309 haec
1502 4254 1611 4321 fecerit,
1628 4254 1702 4309 item
1717 4253 1839 4310 verberi·

128 4342 228 4396 Fecisti
256 4340 474 4395 fornicationem
501 4356 567 4396 cum
592 4342 682 4396 amita
712 4343 756 4397 vel
785 4348 941 4399 matertera
993 4345 1223 4415 buscestigatus,
1242 4343 1314 4399 duos
1331 4360 1423 4399 annos
1446 4359 1499 4414 per
1517 4342 1663 4414 legitimas
1681 4342 1771 4399 ferias
1784 4358 1838 4415 poe·

93 4435 152 4498 tua,
172 4431 216 4484 vel
236 4445 301 4484 cnm
315 4445 402 4485 uxore
421 4429 516 4501 patrui
535 4431 577 4484 vet
598 4431 732 4485 avunculi
749 4432 813 4486 tui?
826 4432 855 4487 si
869 4432 938 4487 feci·
994 4432 1094 4488 niteat.
1109 4432 1139 4487 Si
1163 4435 1261 4486 autem
1283 4431 1349 4487 talis
1374 4437 1417 4486 est
1437 4447 1535 4486 servus
1555 4435 1587 4485 ut
1608 4431 1703 4498 gratis
1729 4431 1840 4486 verbera

91 4517 138 4587 sti,
154 4518 189 4572 de
208 4534 254 4572 ern
270 4534 358 4572 annos
368 4535 421 4589 per
434 4518 579 4589 legitimas
594 4519 679 4573 ferias
695 4519 832 4590 poenitere
842 4520 939 4589 debes,
994 4521 1054 4594 pati
1065 4537 1126 4577 non
1142 4521 1222 4589 velit,
1239 4524 1267 4576 ιι
1281 4525 1324 4576 ιιι
1348 4525 1409 4576 tam
1432 4520 1520 4591 digna
1534 4536 1672 4591 persona,
1698 4521 1742 4575 ita
1754 4519 1838 4593 poeni·

92 4619 150 4658 nnn
198 4621 232 4659 ex
248 4605 292 4658 his
307 4604 336 4659 in
351 4622 425 4676 pane
441 4612 469 4661 et
481 4623 564 4677 aqua,
578 4612 607 4662 et
621 4608 750 4679 quandiu
765 4608 853 4676 vivas,
879 4609 940 4663 sine
993 4614 1053 4665 teat
1066 4614 1098 4665 nt
1111 4610 1160 4664 ille
1171 4609 1434 4681 quiingenuusest.

90 4692 261 4764 p.·.nitentia
281 4710 341 4749 non
364 4694 412 4762 sis,
437 4698 466 4750 et
489 4695 550 4750 sine
574 4711 624 4767 spe
649 4695 748 4751 uxoria
771 4712 941 4766 permanere
1295 4700 1333 4754 De
1346 4696 1455 4754 illicitis
1467 4697 1544 4753 cibis.

91 4783 188 4850 sebas,
216 4782 272 4837 nisi
297 4783 449 4855 episcopus
482 4785 608 4857 aliquam
634 4785 861 4841 misericordiam
887 4785 940 4840 tibi
1029 4785 1186 4842 Comedistl
1210 4787 1335 4842 scabiem
1360 4785 1540 4858 corporalem
1564 4800 1617 4856 pro
1645 4783 1747 4857 aliquo
1770 4782 1839 4840 sani·

91 4872 247 4927 concedere
263 4873 394 4928 voluerit.
994 4880 1062 4943 tate,
1077 4880 1127 4930 aut
1140 4875 1239 4930 bibisti
1253 4878 1372 4947 propter
1395 4874 1568 4929 solutionem
1595 4873 1772 4929 vermiculos
1795 4870 1840 4945 qui

126 4959 228 5016 Fecisti
263 4960 483 5015 fornicationem
512 4960 586 5016 sicut
615 4961 771 5017 Sodomita
800 4962 938 5030 fecerunt,
993 4963 1119 5036 pediculi
1134 4966 1280 5029 vocantur,
1294 4961 1340 5017 vel
1354 4961 1452 5018 bibisti
1476 4960 1588 5016 urinam
1610 4960 1783 5027 humanam,
1805 4959 1840 5014 si·

91 5048 132 5103 ita
143 5053 174 5104 nt
188 5049 218 5103 in
232 5049 353 5104 masculi
366 5055 448 5120 terga
463 5054 491 5104 ιι
507 5051 536 5104 in
551 5050 711 5121 posteriore
728 5051 838 5122 virgam
860 5055 940 5105 tuam
993 5069 1027 5108 ve
1042 5056 1166 5106 stercora
1178 5050 1274 5122 eliqua
1293 5049 1440 5106 comedisti
1456 5066 1508 5122 pro
1529 5050 1653 5104 sanitate
1671 5050 1792 5123 aliqua?
1814 5045 1841 5102 Si

91 5137 272 5204 immitteres,
300 5144 329 5192 et
348 5139 389 5192 sic
409 5154 506 5193 secum
527 5139 619 5194 coires
639 5155 719 5194 more
746 5139 940 5196 Sodomiticof
994 5139 1095 5206 fecisti,
1109 5139 1153 5195 XX
1167 5138 1228 5194 dies
1242 5139 1272 5193 in
1287 5153 1361 5210 pane
1374 5143 1402 5193 et
1417 5153 1493 5209 aqua
1505 5136 1656 5208 poenitcas.

90 5223 121 5279 Si
135 5240 252 5279 uxorem
265 5225 400 5294 habuisti,
416 5230 444 5280 ιι
458 5226 547 5280 semel
564 5226 606 5280 vel
620 5226 663 5281 bis
686 5227 789 5294 fecisti,
809 5228 831 5282 x
850 5243 940 5281 annos
1029 5227 1184 5284 Comedisti
1211 5226 1373 5294 morticina,
1395 5225 1425 5282 id
1449 5231 1492 5280 est
1512 5224 1650 5280 animalia
1671 5240 1740 5296 qum
1762 5242 1779 5280 a
1801 5224 1840 5278 lu·

91 5327 144 5383 per
170 5312 311 5382 legitimas
330 5314 414 5369 ferias
437 5315 578 5385 poenitere
602 5315 696 5383 debes,
724 5331 813 5370 enirm
840 5332 873 5370 ex
896 5316 940 5370 his
994 5315 1039 5389 pis
1053 5330 1134 5371 seua
1155 5315 1274 5371 canibus
1297 5315 1535 5382 dilacerabantur,
1563 5316 1593 5368 ιι
1604 5313 1645 5367 ιιι
1665 5319 1782 5369 mortua
1800 5312 1840 5366 in·

91 5400 123 5455 in
146 5416 222 5471 pane
237 5405 266 5455 et
289 5417 373 5472 aqua.
390 5402 419 5457 Si
442 5403 473 5456 in
496 5403 701 5459 consuetudine
725 5402 862 5474 habuisti,
888 5404 939 5458 Xll
994 5408 1079 5459 venta
1091 5405 1178 5462 sunt?
1192 5404 1222 5459 Si
1233 5403 1336 5474 fecisti,
1358 5402 1459 5460 lldies
1482 5402 1514 5458 in
1534 5417 1610 5474 pane
1634 5404 1663 5456 st
1689 5417 1768 5475 aqua
1787 5413 1840 5474 pta-

91 5504 183 5545 annos
197 5504 250 5562 per
272 5489 413 5561 legitimas
437 5491 523 5546 ferias
545 5493 686 5563 penitere
709 5492 805 5548 debes.
830 5492 859 5548 Si
874 5508 939 5548 cum
995 5494 1086 5549 nitere
1100 5494 1197 5549 debes.
1302 5477 1305 5483 ¹
