3878 6112
412 254 651 313 DECRETORU!
671 256 764 314 uetat
784 257 839 315 XX.
860 287 894 297 -
914 257 1020 314 LIBER
1038 256 1200 317 TERTIUS.
1628 267 1681 321 ese

81 376 179 450 plures
200 377 339 445 dividere,
354 379 423 451 qnia
440 379 563 434 Ecclesia
578 379 684 435 Christi
705 396 778 435 uxor
795 390 818 443 Α
835 379 1042 435 subdiaconum
1064 379 1192 452 pertinet
1204 379 1321 436 calicem
1336 386 1365 436 et
1378 386 1511 453 patenam
1532 385 1568 440 ad
1591 389 1681 441 altare

70 483 90 521 1
119 466 204 521 debet
227 482 288 522 esse
312 481 371 521 non
392 473 531 537 scortum,
556 468 630 524 sicut
655 469 778 525 Calistus
833 467 935 522 Christi
949 467 1072 535 deterre,
1096 471 1126 522 et
1138 467 1230 522 levitis
1250 469 1373 536 tradere,
1390 471 1489 543 eisque
1502 472 1680 541 ministrare;

70 558 148 610 atur.
833 555 980 609 urceolum
991 569 1107 626 qnoque
1122 559 1151 608 et
1162 556 1357 627 aquamanile,
1371 561 1400 611 et
1414 560 1626 630 manutergium
1642 565 1682 614 te·

70 661 99 716 q,
120 691 155 702 „
177 662 211 717 m
224 663 565 734 musqugqmpmgss„
581 679 637 718 ,ma
654 664 779 720 Ecclesia
833 659 910 707 nare,
923 644 1069 715 episcopo,
1086 644 1253 716 presbytero
1268 645 1463 717 atlavitispro
1477 648 1682 703 lavandisante

255 737 393 787 contentus
405 737 452 788 eit.
832 732 922 786 altare
944 731 1077 786 manibus
1091 747 1187 786 coram
1202 733 1341 802 praebere.
1360 734 1403 787 Ad
1417 735 1570 789 diaconum
1592 736 1682 805 perti·

70 820 141 886 derra,
165 835 226 890 cop.
253 821 308 892 11.)
332 821 476 877 Statutum
492 826 534 877 est
549 828 580 878 ut
599 839 778 895 unaquaeqne
832 825 883 875 net
901 819 1034 874 assistere
1053 820 1260 888 sacerdotibus,
1274 826 1303 876 at
1319 822 1481 877 ministrare
1501 824 1529 878 in
1548 824 1683 878 omnibus

75 925 160 965 surim
175 909 376 980 presbyterum
400 909 514 977 habeat,
530 911 581 966 ubi
605 911 635 967 id
659 912 779 967 1111111-
833 923 898 978 qnae
924 911 1050 978 aguntur
1077 908 1107 962 in
1131 909 1317 964 sacrementis
1338 910 1453 978 Christi,
1482 911 1513 966 in
1535 912 1681 982 baptismo

70 994 204 1049 evidente
219 992 355 1065 episcopo
372 995 544 1065 permiserit.
833 995 949 1058 seilicet.
974 997 1005 1051 in
1023 995 1187 1063 chrismate,
1207 1003 1236 1052 et
1251 1002 1365 1069 patena,
1389 1003 1418 1053 et
1438 999 1536 1066 calice,
1560 1001 1681 1055 oblatio·

130 1081 196 1137 Can.
213 1082 313 1137 XLVII.
329 1113 363 1121 —
380 1082 421 1137 De
432 1083 526 1137 eadem
539 1099 579 1138 re.
833 1100 884 1138 nes
906 1100 1022 1157 quoque
1045 1084 1151 1139 inlerre
1174 1090 1202 1140 at
1219 1085 1373 1158 disponere
1391 1087 1423 1143 in
1445 1088 1542 1157 altari3
1564 1104 1682 1160 compo·

70 1171 144 1226 mcii.
169 1172 346 1237 Naunetease‘,
361 1185 421 1240 cup.
444 1172 485 1242 8.)
507 1170 678 1226 sicutenim
702 1170 780 1240 epis-
833 1187 902 1227 nere
923 1173 1010 1228 etiam
1032 1189 1162 1228 mensam
1185 1175 1298 1230 Domini
1321 1180 1409 1248 atque
1428 1177 1543 1243 vestire,
1568 1192 1682 1232 crucem

70 1275 95 1313 in
107 1257 174 1329 plus
187 1263 284 1330 potest
298 1258 404 1314 babere
419 1275 508 1330 quam
522 1275 611 1315 unam
625 1260 778 1324 civitatem,
833 1260 919 1327 ferra,
944 1266 973 1315 ct
987 1261 1146 1331 praedicare
1162 1263 1345 1334 Evangelium
1362 1269 1390 1320 et
1405 1266 1587 1337 Apostolum.
1611 1267 1680 1320 11111

73 1362 138 1401 nam
163 1362 294 1414 uxorem,
320 1347 360 1401 ita
386 1348 536 1418 presbyter
559 1364 645 1402 nnam
668 1351 781 1402 tantum
833 1348 907 1402 sicut
929 1348 1085 1404 lectoribus
1101 1351 1187 1404 Vetus
1201 1352 1428 1419 Testamentum,
1451 1353 1491 1407 ita
1515 1353 1682 1408 diaconibus

70 1451 97 1489 n.
122 1436 222 1507 ltaque
238 1436 334 1491 nullus
348 1436 498 1506 presbyter
511 1437 609 1506 plures
622 1442 781 1506 praesumat
834 1438 948 1492 Novum
973 1437 1131 1508 praedicere
1151 1443 1328 1509 preceptum
1352 1445 1404 1494 est.
1429 1442 1472 1494 Aa
1490 1442 1583 1511 ipsum
1608 1458 1681 1512 quo-

70 1523 200 1588 :cclesias,
216 1522 240 1577 si
256 1523 291 1578 de
316 1528 392 1578 statu
414 1539 466 1578 suo
485 1522 610 1594 gaudere
627 1523 777 1578 desiderat.
833 1541 890 1597 que
920 1525 1046 1595 pertinet
1077 1525 1204 1580 officinm
1232 1543 1351 1597 precum
1380 1534 1408 1582 et
1435 1529 1564 1583 recitatio
1589 1529 1682 1583 nomi·

132 1611 197 1667 Can.
213 1612 326 1667 llhlllll.
337 1642 372 1651 —
384 1614 420 1666 De
434 1611 527 1666 eodem
541 1626 578 1666 re.
834 1629 915 1668 num.
942 1615 1004 1684 lpse
1019 1619 1180 1684 praemonet
1193 1631 1277 1670 aures
1297 1616 1333 1671 ad
1350 1617 1516 1683 Dominum,
1534 1616 1595 1687 ipse
1615 1617 1682 1670 bor·

70 1701 143 1756 mail.
159 1700 300 1766 dleldensi,
316 1716 377 1770 cap.
410 1699 465 1769 10.)
480 1700 509 1755 Si
530 1699 595 1771 quis
618 1699 654 1755 de
678 1698 778 1754 ordine
799 1671 914 1756 Β11111
931 1718 1024 1768 orare,
1051 1701 1112 1780 ipse
1136 1703 1251 1769 clamat,
1275 1709 1304 1756 ct
1320 1704 1381 1774 ipse
1405 1720 1505 1775 pacem
1520 1704 1682 1759 unnrrntiat.

70 1788 101 1843 ili
128 1793 295 1858 contemptu
322 1789 443 1842 minoris
473 1788 603 1843 Ecclesiae
630 1788 779 1843 ambitiose
834 1791 876 1845 Ad
903 1790 1101 1862 presbyterum
1126 1791 1251 1862 pertinet
1269 1796 1482 1847 sacramentum
1502 1791 1630 1862 corporis
1656 1796 1684 1846 ct

70 1875 165 1931 >head
189 1876 332 1946 potiorem
353 1875 531 1947 aspiravcrit,
554 1877 689 1930 canonica
712 1891 780 1946 erga
834 1878 984 1949 sanguinis
1000 1879 1115 1933 Domini
1130 1879 1161 1933 in
1184 1879 1268 1933 altari
1291 1879 1341 1935 Dei
1353 1880 1504 1946 conticere,
1527 1885 1556 1935 et
1576 1880 1683 1935 oratio·

70 1963 140 2019 nitio
150 1968 344 2030 conservetur,
353 1961 408 2017 boc
419 1968 461 2017 ast
474 1968 515 2028 ut,
531 1963 660 2035 utrisque
673 1968 778 2018 careat.
835 1982 902 2021 nem
918 1966 1022 2032 dicere,
1044 1972 1073 2021 et
1093 1966 1264 2022 benedicere
1284 1966 1358 2021 dona
1373 1967 1434 2022 Dei.
1459 1967 1502 2022 ad
1518 1967 1684 2038 episcopum

141 2051 205 2106 Cea.
224 2051 313 2107 itttx.
328 2051 516 2106 —Deendem
531 2067 569 2106 re.
834 2054 962 2126 pertinet
986 2053 1171 2109 basilicarum
1194 2055 1380 2120 consecratio,
1409 2055 1507 2109 unctio
1533 2056 1631 2110 altaris
1656 2061 1684 2111 et

70 2157 120 2196 cer.
140 2141 234 2198 calist.
247 2156 338 2211 popa,
360 2157 420 2210 cop.
441 2139 635 2208 4101111111
650 2139 779 2195 sicutal·
835 2142 975 2198 confectio
993 2142 1164 2198 chrismatis.
1185 2144 1249 2213 lpse
1265 2144 1403 2212 praedicta
1415 2143 1510 2198 olllcia
1525 2149 1554 2199 et
1568 2144 1684 2200 ordines

70 2246 129 2296 xor,
153 2245 206 2284 nec
229 2229 386 2285 adulterari
407 2230 566 2301 abaliquo,
591 2229 635 2283 rel
656 2229 781 2299 judicari
835 2228 1039 2284 ecclesiasticos
1066 2229 1221 2296 distribuit,
1243 2229 1305 2301 ipse
1329 2245 1423 2284 sacras
1446 2229 1572 2301 virgines
1595 2230 1683 2286 bene-

70 2316 120 2385 rei,
136 2316 191 2371 nisi
214 2318 364 2389 aproprio
379 2317 440 2371 viro
459 2333 493 2371 eo
507 2317 621 2371 vivente
637 2317 780 2387 permitti·
836 2318 926 2385 dicet;
952 2321 981 2372 et
1005 2316 1075 2372 dum
1098 2317 1243 2389 praecessit
1272 2317 1472 2390 unusquisque
1495 2318 1527 2371 in
1551 2318 1682 2390 singulis,

77 2421 129 2461 nec
142 2422 214 2460 uxor
229 2405 365 2477 episcopi,
383 2406 427 2460 vel
442 2405 611 2478 presbyteri,
629 2421 694 2476 quae
719 2405 780 2476 ejus
834 2406 882 2462 hic
906 2410 1004 2461 1111111
1029 2412 1073 2461 est
1107 2405 1317 2476 praeordinator
1345 2406 1377 2460 in
1405 2405 1524 2461 cunctis.
1555 2405 1589 2461 lii
1618 2412 1686 2462 sunt

78 2496 121 2549 iel
145 2494 279 2566 parochia
303 2495 504 2549 indubitanter
535 2494 717 2565 intelligitur,
746 2511 780 2549 eo
836 2495 952 2550 ordines
989 2510 1021 2549 ac
1063 2494 1225 2549 ministeria
1258 2495 1439 2558 clericorum,
1484 2510 1548 2566 quae
1586 2499 1685 2551 tamen

89 2582 124 2638 ab
147 2584 237 2638 altero
254 2582 407 2653 dijudicari
430 2583 474 2637 val
497 2582 622 2652 disponi,
646 2586 696 2637 aut
718 2584 780 2653 ejus
835 2582 1005 2638 auctoritate
1027 2581 1185 2653 pontificali
1209 2583 1239 2637 iu
1263 2582 1458 2638 archidiaconi
1479 2599 1547 2638 cura
1569 2589 1598 2638 et
1622 2585 1683 2656 pri·

70 2685 88 2725 u
119 2669 176 2724 frui
205 2670 390 2741 permittitur.
422 2670 502 2726 Unde
537 2669 577 2724 ait
606 2671 778 2741 Apostolus:
836 2670 956 2738 micarii,
985 2686 1018 2725 ac
1043 2670 1181 2726 thesaurii
1206 2671 1399 2727 sollicitudine
1428 2670 1607 2727 dividuntur.
1630 2675 1684 2728 hr-

70 2764 96 2814 ta
109 2764 153 2814 est
167 2775 240 2813 uxor
262 2758 331 2830 legi,
346 2758 485 2831 quamdin
500 2757 543 2811 vir
563 2759 626 2826 ejus
639 2757 709 2811 virit
724 2772 731 2811 :
747 2773 780 2811 eo
836 2759 1019 2814 cbidiaconns
1041 2759 1118 2813 enim
1135 2758 1259 2831 imperat
1280 2759 1465 2814 subdiaconis
1481 2764 1510 2814 et
1523 2759 1625 2829 levitis,
1650 2761 1684 2816 ad

70 2853 161 2914 uncte,
176 2849 269 2903 soluta
290 2850 333 2901 est
355 2863 372 2901 a
394 2848 457 2918 lege
476 2845 539 2899 viri.
556 2866 570 2894 »
594 2844 731 2900 Similiter
753 2849 782 2899 et
836 2863 923 2919 quern
943 2847 998 2901 ista
1020 2846 1180 2902 ministeria
1198 2847 1352 2917 pertinent.
1378 2846 1526 2902 Ordinatio
1547 2848 1685 2903 vestiendi

93 2953 158 3009 quae
174 2952 247 2991 uxor
261 2936 414 2991 sacerdotis
437 2934 551 3001 dicitur,
568 2950 602 2988 eo
621 2933 734 2988 virente
754 2932 781 2987 ei
797 2944 818 3001 c
836 2937 927 2991 altare
953 2935 990 2990 ed
1012 2934 1122 3004 levitas,
1139 2951 1209 2989 cura
1226 2934 1347 3003 incensi,
1363 2939 1393 2989 et
1410 2935 1543 2991 sacrificii
1557 2952 1685 2992 necessa·

70 3030 122 3081 est.
141 3026 179 3080 Eo
203 3041 270 3080 rero
293 3025 427 3080 deiuncto
446 3023 535 3078 nubat
548 3022 579 3077 in
593 3022 729 3090 Domino,
749 3026 783 3076 ut
835 3024 879 3079 ria
902 3021 1065 3077 sollicitudo
1091 3022 1157 3095 quis
1182 3022 1334 3078 levitarum
1352 3023 1523 3094 Apostolum
1546 3026 1685 3079 11111111-

70 3113 232 3170 derbensi
254 3114 333 3168 enim
354 3128 388 3167 eo
408 3112 520 3166 vivente
537 3110 620 3165 alteri
640 3107 780 3180 nupserit,
836 3112 944 3185 getium
968 3111 1056 3182 legat,
1078 3110 1144 3183 quis
1161 3127 1261 3182 preces
1285 3111 1369 3177 dicat,
1396 3126 1447 3166 seu
1472 3113 1685 3183 responsorium

77 3202 261 3275 judicabitur.
835 3200 866 3256 in
881 3199 1036 3256 Dominicis
1051 3199 1152 3255 diebus
1165 3204 1216 3253 aut
1236 3199 1454 3255 solemnitatum
1468 3200 1611 3268 decantet,
1627 3202 1686 3261 sol·

120 3291 186 3348 Can.
206 3292 233 3345 L.
250 3321 284 3331 -
297 3293 334 3344 De
346 3288 488 3344 ordinibus
500 3289 596 3343 sarria
835 3289 953 3344 licitudo
971 3303 1088 3360 quoqne
1104 3286 1345 3359 parochianorum
1365 3292 1394 3342 et
1408 3287 1564 3355 ordinatio,
1577 3294 1606 3344 et
1621 3289 1683 3359 jur·

70 3381 164 3451 1111111
186 3378 307 3447 Isidori.)
331 3377 453 3432 Domino
476 3380 585 3442 sancto,
611 3373 780 3445 meritisque
836 3377 893 3449 gia,
918 3377 954 3432 ad
969 3378 1031 3447 ejus
1053 3377 1202 3446 pertinent
1230 3392 1340 3431 curam.
1356 3376 1562 3446 Praeparandas
1580 3376 1685 3432 dicece-

70 3469 119 3524 stri
142 3467 294 3523 lantfredo
310 3466 455 3537 episcopo,
478 3465 605 3519 isidorus
619 3463 781 3533 episcopus.
836 3481 919 3519 sanas
932 3464 1064 3519 basilicae
1086 3464 1146 3535 ipse
1167 3464 1297 3535 suggerit
1319 3464 1468 3519 sacerdoti.
1484 3465 1545 3535 lpse
1565 3465 1687 3536 inquirit

92 3555 251 3610 sanctitatis
275 3559 332 3608 tuae
348 3552 461 3619 litteris,
487 3551 601 3621 gavisus
623 3565 688 3604 sum
703 3548 782 3620 quod
835 3551 986 3622 parochias
1007 3567 1073 3606 curn
1095 3550 1225 3621 Jussione
1240 3550 1377 3621 episcopi,
1394 3555 1422 3605 et
1435 3556 1616 3618 ornamenta,
1640 3552 1685 3608 vel

77 3645 199 3699 salutem
214 3648 293 3697 tuam
308 3657 408 3696 aarum
424 3640 517 3696 relatu
531 3638 663 3710 cognovi.
683 3638 722 3692 De
737 3636 782 3691 bis
836 3654 881 3693 res
920 3637 1102 3693 basilicarum
1129 3637 1383 3708 parochianarum,
1411 3642 1491 3708 gesta
1517 3638 1684 3695 libertatum

70 3746 111 3786 nae
124 3731 355 3803 insequentibus
375 3726 647 3798 insinuaraeloquii
666 3725 782 3779 tniser-
836 3725 1090 3781 ecclesiasticarum
1128 3724 1262 3795 episcopo
1296 3725 1373 3778 idam
1405 3725 1503 3789 refert,
1536 3726 1684 3782 collectam

70 3819 118 3886 uit,
135 3821 302 3890 gratiasago
317 3819 386 3884 Deo,
403 3817 479 3889 qnod
493 3812 784 3870 sollicitudinemoill-
837 3814 989 3886 pecuniam
1013 3815 1048 3869 da
1073 3813 1277 3868 communione
1292 3813 1353 3882 ipse
1372 3813 1484 3884 accipit,
1499 3818 1527 3868 et
1551 3814 1684 3887 episeopo

70 3908 149 3963 >ralis
163 3908 215 3963 tibi
230 3907 383 3977 impendis,
397 3905 579 3978 qualiterque
595 3900 784 3958 ecclesiastica
838 3903 940 3969 defert,
955 3907 985 3957 at
998 3901 1109 3957 clericis
1123 3905 1220 3972 partes
1235 3902 1369 3972 proprias
1381 3900 1460 3956 idem
1473 3901 1629 3958 distribuit.

70 3997 219 4052 rdineutur
232 3996 383 4069 perquiris.
399 3997 432 4050 Et
441 3992 614 4049 licetomuia
624 3989 784 4062 prudentiae
1188 4046 1206 4057 „
1389 4046 1395 4059 ,
1480 4048 1486 4058 ,
1546 4046 1552 4059 ,
1638 4047 1644 4058 ,

70 4086 228 4157 [cognitu
255 4083 435 4156 mmm
457 4083 559 4137 affectu
582 4081 709 4136 fraterno
738 4093 785 4133 mo
856 4045 920 4101 Can.
939 4044 1029 4099 l.l.-
1044 4044 1666 4107 1111111111.11111111111111111111111.

70 4190 125 4239 ‚ex
146 4180 228 4246 parte
242 4191 299 4246 qna
321 4174 414 4240 valeo,
430 4170 579 4243 expediam
596 4186 602 4224 :
620 4172 648 4222 et
662 4168 697 4222 de
719 4183 784 4222 om·
875 4151 931 4223 (uo
963 4152 1057 4206 00'202'1·
1086 4151 1295 4220 Adrippimb
1320 4165 1381 4247 0111)·
1409 4150 1450 4219 5·)
1480 4150 1518 4205 ⁰0
1542 4151 1685 4220 Esssslflifiss

70 4263 168 4319 alogias,
193 4263 339 4333 gradihus,
368 4260 438 4333 quid
461 4260 495 4313 ud
511 4256 671 4330 quemlibet
691 4254 784 4326 perti.
801 4224 822 4279 D
841 4255 891 4295 sen
905 4239 1011 4294 sanctis
1025 4238 1136 4293 noviter
1149 4238 1210 4292 sine
1226 4241 1394 4292 anctorrtate
1409 4236 1542 4306 inventis,
1558 4238 1614 4293 nisi
1628 4239 1688 4310 epi·

70 4368 170 4424 oqnar.
194 4352 237 4406 Ad
253 4351 432 4406 Psalmistam
455 4348 580 4419 pertinet
602 4344 728 4399 cilicium
744 4360 787 4398 ca-
841 4342 926 4398 50010
961 4326 1112 4397 Pffihssssles
1144 4324 1454 4424 1¹¹·0111'11sst3ffi201io
1481 4329 1533 4393 0³²,
1558 4326 1687 4424 'minime

70 4440 156 4495 licere
172 4439 280 4506 landes,
304 4436 495 4509 responsoria,
514 4437 543 4489 et
558 4432 699 4505 quidquid
720 4447 786 4502 per.
841 4419 1025 4513 venerentur,
1046 4414 1132 4511 'salva
1155 4416 1242 4510 atram
1263 4412 1298 4467 de
1320 4413 1375 4468 boc
1392 4417 1422 4467 et
1435 4412 1472 4468 de
1486 4415 1620 4472 omnibus
1642 4416 1689 4472 Ec-

70 4567 71 4579 .
95 4529 230 4585 cantandi
254 4527 398 4599 peritiam.
424 4525 468 4580 Ad
487 4523 639 4578 ostiarium
661 4535 787 4593 nemque
841 4504 1287 4558 ⁰¹e⁵¹¹⁸⁰⁸¹1011¹⁰³³1¹0t⁰r¹l⁸12·

70 4623 88 4673 it
101 4620 194 4673 claves
208 4616 348 4681 Ecclesiae,
366 4619 398 4670 ut
412 4612 526 4669 claudat
542 4615 572 4666 at
586 4609 787 4681 aperiattem·
842 4608 909 4664 Cur.
933 4608 991 4662 hll.
1014 4637 1049 4647 -
1073 4608 1298 4689 11111111111111ι
1323 4605 1449 4689 Ecclesia
1471 4623 1597 4665 mausum
1618 4611 1689 4666 iate.

70 4707 101 4772 ei,
116 4712 145 4762 et
167 4706 266 4761 omnia
279 4721 344 4777 quae
359 4709 427 4757 snut
440 4701 528 4763 intus,
546 4703 682 4770 extraque
698 4701 789 4752 custo
1066 4691 1146 4744 prum
1160 4677 1258 4731 habeat
1272 4691 1331 4732 ³²¹³&
1346 4682 1466 4732 servitte·

70 4797 139 4852 leles
162 4795 293 4866 recipiat,
321 4790 581 4848 excommunicatos
608 4793 638 4844 et
658 4786 789 4842 infideles
879 4784 939 4857 (Da
966 4783 1064 4839 1111111.
1088 4783 1280 4844 womarcien„
1306 4797 1368 4852 cop.
1395 4782 1450 4854 18.)
1479 4782 1625 4840 Sancitem
1647 4791 1691 4841 ast

842 4877 877 4929 nt
896 4871 1050 4942 unicuique
1069 4868 1199 4925 Ecclesiae
1212 4884 1287 4923 unns
1310 4885 1426 4924 mansus
1449 4870 1561 4941 integer
1583 4873 1705 4945 absque¹

70 4976 183 5026 ctorem
198 4970 324 5042 pertinet
334 4967 472 5023 lectiones
487 4964 688 5037 pronuntiare,
708 4966 738 5018 et
757 4977 791 5016 ea
844 4960 904 5015 ullo
932 4957 1047 5013 servitio
1074 4957 1256 5024 attribuatur,
1281 4961 1310 5012 et
1331 4956 1492 5028 presbyteri
1511 4957 1541 5012 in
1562 4958 1603 5014 eis
1621 4976 1690 5015 con·

70 5061 179 5131 epheta
203 5056 387 5113 vaticinarint
408 5055 524 5127 populis
545 5051 712 5124 praedicare.
745 5048 790 5103 Ad
845 5047 935 5114 stitui,
959 5062 1018 5102 non
1033 5045 1068 5102 de
1087 5045 1215 5115 decimis,
1236 5061 1331 5118 nequa
1346 5045 1382 5101 da
1410 5044 1605 5102 oblationibus
1624 5048 1693 5105 fide·

70 5164 113 5203 am
134 5148 261 5219 pertinet
272 5145 443 5201 exorcismos
467 5140 636 5197 memoriter
657 5137 790 5199 retinere,
846 5136 928 5204 lium,
954 5150 1013 5189 non
1039 5134 1074 5189 de
1101 5133 1245 5201 domibus,
1268 5150 1362 5205 neque
1384 5133 1420 5189 da
1442 5133 1524 5189 atriis
1538 5135 1581 5189 val
1600 5135 1694 5193 bortis

70 5252 106 5291 ua
127 5252 215 5308 super
234 5249 445 5306 energumenos
469 5237 497 5285 et
520 5228 742 5284 catechumenos
762 5226 793 5280 in
844 5225 924 5296 juxta
943 5223 1096 5279 Ecclesiam
1118 5222 1229 5293 positis,
1244 5238 1338 5293 neque
1354 5221 1388 5276 de
1402 5223 1571 5295 praescripto
1594 5241 1694 5282 manso

70 5324 134 5379 indo
150 5323 310 5394 imponere.
332 5321 375 5376 Ad
394 5319 558 5391 acolythum
576 5316 702 5387 pertinet
718 5330 793 5386 prae·
847 5311 965 5384 aliquod
992 5311 1141 5367 servitium
1179 5310 1285 5366 iaciant
1314 5313 1420 5382 praeter
1455 5311 1694 5383 ecclesiasticum

70 5413 295 5469 luminariorum
310 5411 341 5464 in
359 5408 494 5463 sacrario.
511 5407 575 5476 lpse
595 5418 710 5459 cereum
725 5417 794 5474 por·
848 5406 877 5457 et
890 5400 915 5455 si
926 5398 1037 5472 aliquid
1055 5399 1180 5471 amplius
1197 5398 1361 5468 habuerint,
1376 5398 1443 5455 inde
1456 5399 1619 5458 senioribus
1636 5404 1696 5458 suis

70 5506 220 5575 teuggesta
229 5515 283 5572 pre
294 5492 736 5567 eucharistiaealicispreparat.
750 5490 795 5546 Ad
849 5488 981 5546 debitum
991 5488 1140 5544 semitium
1153 5487 1333 5560 impendant.

125 5608 267 5676 Parnon.
292 5606 382 5674 CXL.
1500 5599 1542 5659 22
