3878 6112
105 266 156 325 tte
599 300 601 305 ¹
937 273 1034 331 ACTA.
1813 280 1863 337 ltu

102 390 301 459 Bumberaensi
331 390 498 448 absterritus
519 396 567 447 est.
592 392 787 449 Eclmduntur
822 411 905 465 porro
940 396 1076 450 miracula
1117 411 1135 449 a
1176 394 1249 451 dicto
1271 410 1331 465 cap.
1365 398 1394 450 el
1427 397 1465 452 ad
1490 400 1532 463 54,
1562 403 1593 454 ut
1619 415 1733 458 numero
1771 419 1859 474 sris,

101 478 219 532 paemen
246 466 366 533 primax
389 471 454 518 ante
479 467 710 520 canonizationem
730 469 873 534 conlipisse
896 467 1046 522 uidentur:
1071 481 1137 521 nans
1168 470 1255 536 capiti
1280 469 1310 521 ll
1342 470 1495 537 praefinitur
1519 470 1563 524 liic
1587 474 1701 528 titulus:
1725 495 1737 524 ι
1764 477 1860 530 Proa-

100 537 187 589 asiune
219 536 249 588 in
272 535 406 589 miracula
426 551 485 604 puae
510 538 540 589 in
566 541 728 591 tractatione
754 538 782 593 S.
821 538 937 592 Henrici
963 540 1036 608 lmp.
1062 542 1177 607 patrata
1198 543 1261 592 suist
1277 559 1287 604 ,·
1301 561 1315 589 n
1344 543 1497 595 translatas
1522 547 1613 596 aulem
1632 545 1692 612 ejus
1719 546 1771 599 reli
1792 548 1861 601 uias

100 621 178 659 nemo
207 605 318 665 dicerit,
352 613 499 676 utinquam
534 621 642 661 sacrem
675 623 772 678 corpus
799 625 813 662 e
839 614 914 664 terra
947 608 1067 664 leuatum
1095 611 1191 677 suerit,
1228 609 1300 677 quod
1327 624 1413 678 supra
1433 609 1487 681 §3
1515 612 1647 668 accidisse
1687 619 1729 669 ort
1784 618 1861 671 imus

99 691 173 729 anno
204 678 283 730 llll.
307 677 368 732 Non
393 679 489 743 tonora
508 679 712 733 translationem
741 678 772 733 S.
810 679 923 733 Henrici
953 682 1036 734 etiarn
1070 681 1159 748 accipi
1191 694 1280 748 posse,
1303 685 1334 734 ut
1359 683 1494 736 miracula
1520 687 1582 751 quis
1617 686 1695 750 facta
1719 690 1799 754 putet
1831 701 1864 742 eo

100 755 286 816 temporeque
308 761 416 800 sacrum
430 747 490 816 ejus
518 763 615 816 corpus
636 764 670 802 ea
694 749 750 802 loco
775 749 824 803 ubi
851 756 963 804 mortem
989 751 1103 815 obierat,
1131 750 1309 819 flamberqarn
1329 753 1501 817 referretur:
1532 769 1625 808 omum
1643 757 1862 812 circumstantiae

99 820 141 870 ita
169 818 328 886 murentur,
351 822 382 871 ut
415 819 605 885 restrinoendu
633 819 779 873 uideantur
807 819 843 874 ad
867 821 1073 874 translationem
1104 821 1226 889 aliquant
1252 822 1432 890 reliquiarum
1457 825 1563 889 facturn
1587 831 1648 894 post
1674 825 1773 881 Sanan
1803 843 1860 882 aa·

98 889 310 943 contentionem.
347 889 443 943 Visam
480 889 595 958 matilde
622 893 662 944 eet
697 895 782 944 totum
818 892 1011 946 miraculorum
1047 891 1200 954 historiam,
1236 891 1273 946 ad
1309 907 1432 946 normam
1471 899 1610 960 nostrum,
1649 897 1690 950 ila
1717 896 1861 964 diuidere,

98 966 129 1011 ut
158 957 248 1012 wem
270 959 322 1012 iila
349 963 445 1028 priora
468 961 633 1014 constituant
654 967 762 1029 partem
788 965 920 1030 prienam,
954 962 1063 1030 reliqua
1099 968 1206 1032 partem
1235 963 1349 1017 atteram
1378 979 1384 1016 :
1413 978 1498 1032 eaque
1531 981 1566 1020 ee
1592 966 1674 1022 Surio
1701 966 1857 1023 describere

98 1031 208 1083 omissis
223 1029 405 1083 lirelsere'onis
418 1031 540 1098 capitum
554 1029 746 1086 divisionibus.
759 1032 800 1087 Sit
816 1031 913 1102 itaque

232 1217 767 1325 MIRACULORUM
815 1218 865 1323 S.
916 1218 1214 1322 HENRICI
1259 1219 1441 1324 PARS
1486 1222 1730 1326 PRIMA.

134 1449 159 1499 l.
197 1448 282 1500 Auno
311 1445 465 1501 iiominicse
489 1445 694 1501 iucarnationis
720 1462 804 1514 usxv,
821 1446 856 1501 ab
875 1447 986 1503 Urbeli
1006 1446 1079 1501 bene
1098 1449 1224 1518 coeptum
1247 1451 1298 1514 ost,
1323 1447 1531 1516 confirmando,
1560 1464 1675 1521 semper
1697 1452 1801 1510 exinde
1823 1454 1860 1510 ad

96 1533 215 1588 condita
230 1533 862 1607 millesimoseptingentesimoseptuagesimo
872 1541 951 1591 sexto
1006 1534 1128 1589 meliora
1142 1534 1280 1605 proserit.

97 1622 267 1677 chunradus
288 1638 321 1677 ex
336 1622 417 1693 regni
432 1623 608 1695 primoribus
624 1640 707 1681 unus.
734 1625 783 1680 sed
798 1640 950 1696 regnoan·
1041 1625 1068 1677 2.
1083 1622 1138 1678 Sed
1158 1624 1219 1694 jam
1238 1639 1314 1678 nune
1338 1623 1373 1678 ad
1399 1623 1546 1690 miracula,
1568 1640 1633 1697 qnia
1655 1631 1722 1696 post
1747 1627 1859 1684 felicem

95 1717 141 1764 tea
158 1726 212 1781 per
239 1710 427 1765 rebellionem
451 1713 595 1777 adversus,
613 1713 796 1784 Principibus
822 1729 875 1785 pro
888 1713 951 1784 ejus
1005 1709 1244 1766 iliiustransitum
1265 1711 1415 1778 Dominus,
1440 1713 1474 1767 ad
1495 1713 1667 1768 declaranda
1688 1715 1858 1771 maritorum

95 1798 236 1853 electione
248 1799 487 1867 discordantibus,
516 1800 642 1857 Aribone
658 1806 754 1856 aulem
781 1802 950 1874 lioguniiuo
1005 1798 1083 1854 iilius
1098 1799 1231 1870 insignia,
1247 1799 1322 1854 eirca
1332 1800 1450 1871 gloriosi
1465 1801 1594 1872 corporis
1604 1802 1666 1873 ejas
1680 1804 1859 1874 sepulturam

94 1886 327 1958 archiepiscopo,
348 1892 375 1941 el
389 1887 553 1943 Eberhardo
582 1890 809 1961 babenbergensi
826 1890 950 1945 Presuia
1005 1893 1142 1959 operatus
1153 1893 1204 1956 est,
1220 1888 1369 1943 veniamus
1383 1906 1390 1956 ;
1405 1905 1497 1961 pauca
1515 1906 1550 1944 ex
1564 1890 1610 1944 his
1624 1891 1661 1946 ad
1676 1898 1858 1962 posterorum

95 1976 150 2030 sibi
163 1975 336 2042 faventibus,
351 1976 534 2048 {octogesimo
557 1977 658 2048 quinto
672 1979 735 2033 loco
757 1980 793 2034 ab
821 1981 949 2050 Augusto
1004 1976 1137 2031 notitiam
1165 1977 1389 2044 uensferenles;
1410 1994 1475 2050 quae
1500 1983 1549 2032 aut
1573 1979 1667 2033 veraci
1680 1983 1731 2034 eut
1744 1979 1859 2036 indubi-

95 2080 219 2135 regnum
242 2064 368 2136 suscepit
392 2068 421 2119 el
441 2065 525 2119 annis
551 2082 585 2120 nr
611 2067 750 2138 regnarit.
775 2067 950 2124 sublimatus
1003 2068 1062 2119 tata
1079 2066 1220 2135 majorum
1236 2066 1376 2121 relatione
1402 2066 1437 2120 ad
1457 2082 1510 2120 nos
1536 2066 1630 2120 delata
1645 2069 1723 2135 sunt,
1738 2072 1790 2124 aui
1803 2069 1860 2141 ipsi

95 2160 193 2207 autem
214 2155 244 2208 in
259 2153 342 2224 regni
363 2153 439 2221 sede,
455 2152 576 2209 oonsilio
605 2155 748 2210 lirunonis
761 2155 950 2226 singonensis
1004 2152 1149 2208 modernis
1162 2153 1342 2224 temporibus
1360 2158 1439 2225 gesta
1461 2153 1654 2225 probavimus,
1680 2159 1709 2208 et
1725 2155 1857 2213 vidimus.

95 2242 239 2313 Episcopi,
254 2241 350 2296 fratris
365 2241 488 2296 iieinrioi
502 2241 693 2313 imperatoris,
711 2242 762 2314 qui
778 2258 902 2313 semper,
919 2246 950 2296 ot
1003 2238 1103 2294 liulier
1116 2240 1247 2311 quaedam
1277 2244 1421 2294 contracta
1444 2240 1473 2294 in
1498 2240 1560 2312 ipsa
1581 2240 1693 2295 civitate
1714 2243 1858 2313 monebat,

94 2346 183 2400 supra
203 2330 312 2384 dictum
334 2334 386 2393 est,
415 2329 544 2384 felicibus
572 2330 634 2401 ejus
656 2331 804 2386 invidebat
827 2329 947 2400 actibus,
1004 2327 1248 2397 adeoincurrata,
1272 2334 1303 2383 ut
1330 2328 1365 2383 ad
1394 2327 1585 2399 gradiendum
1602 2329 1858 2401 originalialenus

94 2419 362 2490 Bahenbergensem
373 2419 568 2491 episcopatum
584 2419 775 2474 meditabatur
789 2419 948 2486 destruere,
1003 2415 1153 2487 potuisset,
1169 2416 1217 2471 sed
1242 2420 1368 2488 reptaret
1393 2417 1489 2488 potius
1514 2417 1647 2471 manibus
1672 2434 1760 2490 quam
1775 2420 1858 2490 pedi·

92 2507 166 2572 Quia
181 2508 259 2562 idem
277 2509 370 2563 Bruno
385 2509 540 2580 Episcopus
562 2508 696 2580 promisit
714 2508 822 2580 reginas
842 2507 949 2576 Gisila,
1004 2504 1059 2559 bus
1078 2504 1248 2562 ambularet.
1279 2505 1349 2559 iiuie
1371 2504 1547 2560 orationibus
1563 2505 1729 2577 frequentor
1747 2506 1886 2576 iocum,

93 2595 195 2649 omnia
217 2596 327 2666 predia
354 2596 528 2651 hereditario
552 2598 619 2668 jure
649 2597 683 2651 ad
706 2613 736 2650 se
764 2596 948 2668 pertinentia,
1004 2593 1084 2647 henli
1114 2592 1251 2648 divinitus
1274 2593 1447 2665 inspiratum
1486 2597 1537 2660 est,
1565 2599 1597 2649 ut
1620 2595 1656 2650 ad
1686 2597 1856 2651 memoriam

91 2683 153 2738 filio
167 2685 231 2754 ejus
246 2683 377 2738 iieinrico
391 2685 568 2739 contradere.
587 2684 985 2780 Locusigilocfettampusss
1006 2679 1163 2735 beatissimi
1186 2681 1239 2736 riri
1269 2682 1426 2748 accederet,
1457 2687 1543 2753 alque
1570 2682 1776 2754 omnipotentis
1807 2684 1858 2740 liei

92 2772 246 2827 conventui
262 2773 406 2839 statuitur,
428 2772 479 2827 ubi
502 2773 563 2826 heac
585 2789 631 2827 res
654 2772 689 2826 ad
718 2773 827 2827 exitum
842 2772 947 2844 perdo·
1005 2768 1230 2823 misericordiam
1257 2769 1392 2824 obnixius
1420 2770 1598 2841 imploraret.
1627 2771 1735 2826 Accidit
1760 2777 1857 2827 aulem

91 2861 179 2915 citur.
204 2862 292 2917 Nocte
316 2876 394 2928 vero,
420 2877 485 2933 qua
510 2861 587 2916 diem
610 2866 804 2932 praecesserat,
828 2861 858 2915 in
891 2877 948 2933 qua
1002 2860 1035 2912 ut
1052 2857 1113 2912 dies
1141 2857 1352 2912 anniversarios
1380 2858 1491 2930 praefati
1517 2858 1608 2913 Patris
1627 2859 1741 2915 Domini
1767 2859 1857 2914 nostri

91 2950 156 3005 lroec
167 2949 333 3005 ventilando
358 2953 449 3015 erant,
472 2948 653 3004 Eberhardus
672 2950 822 3020 episeopus
836 2949 872 3004 ad
884 2953 948 3005 ten·
1002 2961 1128 3017 congrua
1171 2945 1371 3001 observatione
1407 2945 1546 3001 celebrari
1586 2946 1713 3002 deberet.
1742 2947 1854 3018 Populo

91 3038 199 3093 lorium
222 3037 352 3109 praedicti
376 3037 519 3091 Baunonia
551 3037 625 3091 clam
663 3037 791 3103 accessit,
817 3035 947 3106 lectoque
1002 3050 1081 3105 ergo,
1099 3034 1285 3098 moresolito,
1308 3035 1343 3089 ad
1365 3034 1514 3089 ecclesiam
1542 3034 1718 3103 confluente,
1733 3037 1853 3091 etoleno

92 3127 154 3196 ejus
169 3126 307 3192 assidens,
334 3128 423 3180 multa
447 3126 606 3197 superbae
626 3141 656 3179 re
683 3123 838 3188 monendo,
861 3124 946 3179 obse·
1002 3122 1112 3193 vigilios
1140 3122 1316 3194 vespertinas
1338 3122 1512 3187 celebrante,
1542 3123 1647 3178 mulier
1674 3139 1791 3195 quoque
1816 3124 1857 3178 iia

92 3215 211 3277 orando,
241 3215 408 3269 memoriam
437 3214 533 3292 fratris
559 3214 657 3268 antimo
682 3213 853 3268 inculcando
880 3228 947 3267 cum
1001 3211 1148 3266 incursata
1172 3211 1500 3273 etcontracieadranil,
1517 3217 1546 3266 at
1571 3213 1658 3283 plena
1673 3213 1729 3267 lide
1746 3228 1780 3267 ac
1801 3212 1856 3267 de-

93 3304 196 3359 eodem
216 3303 354 3358 sollicitus
385 3302 540 3375 epitonia
565 3319 633 3356 vero
652 3303 713 3373 jam
743 3305 833 3357 mulla
856 3302 947 3356 noetis
1002 3300 1116 3354 votione
1146 3314 1237 3370 usque
1257 3299 1293 3354 nd
1332 3299 1423 3354 iocum
1456 3299 1579 3370 sepulcri
1602 3299 1730 3368 accessit,
1756 3300 1855 3356 dicens

93 3393 321 3448 horalransaeta
338 3397 503 3456 monuerat,
532 3396 561 3446 at
575 3392 745 3463 Episcopum
773 3406 826 3462 pro
841 3390 946 3446 auditis
1000 3402 1066 3443 eum
1090 3387 1250 3458 Propheta:
1276 3387 1348 3443 Vola
1371 3403 1435 3442 mea
1455 3387 1577 3443 Domino
1600 3388 1718 3444 reddam
1739 3388 1769 3444 in
1784 3406 1855 3445 con·

95 3482 278 3536 sollicitatum
299 3496 417 3535 minoas
436 3485 628 3552 oppresserat,
648 3481 726 3535 risus
747 3484 791 3535 est
816 3479 843 3534 ei
858 3480 946 3535 frater
1000 3484 1098 3552 spectu
1117 3482 1212 3536 omnis
1241 3482 1342 3553 populi
1360 3482 1432 3553 ejus,
1456 3482 1488 3537 in
1508 3483 1588 3537 atriis
1606 3483 1707 3539 domus
1727 3484 1853 3539 Domini.

96 3582 161 3626 suus
177 3570 339 3641 imperator
360 3569 592 3625 iieinricnslscto
606 3585 658 3624 suo
685 3569 808 3637 adstare,
829 3568 944 3623 faciem·
1000 3571 1108 3625 ibidem
1143 3586 1212 3642 ergo
1240 3575 1410 3642 pernoctans
1447 3571 1479 3626 in
1509 3572 1649 3634 oratione,
1687 3573 1853 3628 universum

96 3674 149 3728 que
177 3672 259 3713 suam
287 3656 376 3711 barba
401 3672 435 3711 ex
462 3672 521 3711 una
540 3661 620 3726 parte
645 3656 771 3727 depilata
799 3659 943 3727 turpatam
999 3658 1225 3728 qoodhabebal,
1247 3659 1275 3713 id
1298 3663 1341 3713 est
1367 3674 1416 3713 cor
1439 3660 1594 3714 contrilum
1617 3669 1646 3715 et
1667 3660 1852 3716 humiliatum

97 3747 246 3818 objectare.
261 3745 334 3801 Cum
349 3760 435 3817 super
448 3744 501 3799 bac
516 3760 547 3799 ra
560 3745 674 3816 stupido
689 3750 718 3799 at
731 3743 895 3810 admiranti,
911 3760 944 3798 ac
1000 3747 1122 3801 Domino
1137 3746 1252 3813 obtulit,
1274 3752 1302 3800 ot
1329 3747 1359 3801 in
1387 3746 1443 3801 lide
1468 3747 1574 3802 Christi
1593 3748 1727 3819 lacrymis
1749 3749 1854 3820 rigavit

97 3836 157 3906 quis
186 3838 246 3889 um
267 3833 435 3890 temerarios
473 3849 559 3888 ausus
583 3834 612 3888 in
648 3849 716 3889 eum
744 3837 942 3904 presumeret,
998 3834 1086 3904 pedes
1101 3835 1172 3904 ejus,
1197 3839 1225 3888 et
1251 3834 1360 3905 capillis
1380 3833 1481 3904 capitis
1503 3835 1548 3888 sui
1570 3835 1709 3906 tergebat,
1734 3842 1764 3891 et
1796 3852 1852 3891 nn·

96 3922 283 3994 interroganti
309 3940 316 3978 ι
351 3924 403 3989 Τιι,
430 3922 481 3992 ait,
510 3922 572 3976 hec
600 3921 692 3978 fecisti
718 3938 725 3976 ι
750 3921 801 3993 qui
832 3937 890 3990 me,
913 3925 943 3975 ot
998 3921 1257 3993 guentoungebat.
1274 3921 1456 3993 litquoniam
1480 3921 1693 3977 multomvalel
1715 3923 1852 3995 depreca-

96 4019 205 4068 sanctos
220 4012 282 4079 Dei,
296 4028 369 4084 qnos
380 4012 465 4066 rebus
479 4010 550 4066 mihi
569 4027 585 4065 a
601 4011 657 4065 lieo
680 4010 821 4065 concessis
835 4009 941 4077 couvi,
957 4018 977 4073 c
998 4009 1038 4064 tio
1045 4008 1118 4080 justi
1133 4008 1257 4074 assidua,
1271 4024 1336 4062 cam
1351 4007 1493 4063 indefessa
1513 4024 1603 4079 usque
1618 4010 1648 4064 in
1662 4010 1852 4066 diemtaiibus

95 4101 252 4174 despoliare
273 4099 449 4173 disposuisti.
478 4102 550 4157 Care
571 4100 631 4170 jam
649 4099 766 4154 alumne
790 4100 944 4171 superbae
999 4097 1144 4153 sacrificiis
1168 4097 1338 4164 insisteret,
1362 4097 1437 4151 cirea
1452 4097 1552 4152 horam
1565 4097 1622 4153 diei
1638 4098 1753 4154 tertiam
1776 4100 1852 4155 inter

94 4190 263 4253 temeritate,
290 4206 326 4244 ne
353 4189 466 4261 incepta
489 4188 552 4243 luas
580 4192 684 4259 ma'gna
712 4186 886 4242 infelicitate.
900 4187 943 4242 nd
998 4187 1060 4257 ipsa
1086 4185 1235 4240 iiissarum
1257 4184 1405 4252 solemnia,
1433 4184 1502 4239 dam
1526 4185 1557 4240 in
1573 4187 1792 4242 secundallissn
1804 4188 1853 4243 lii·

93 4277 151 4333 baec
174 4278 225 4333 ille
246 4276 472 4348 expergefactus,
495 4291 528 4329 ac
555 4275 590 4330 de
618 4274 727 4329 risione
752 4289 810 4329 non
839 4289 942 4345 parum
999 4272 1083 4328 leiuia
1104 4273 1226 4341 canitur,
1248 4274 1321 4328 Laus
1349 4274 1399 4328 liei
1419 4273 1451 4328 in
1470 4272 1646 4342 hominibus,
1670 4274 1733 4345 ipso
1756 4277 1852 4348 operis

92 4366 270 4437 perterritus,
286 4365 482 4419 membrorum
500 4379 616 4435 quoque
643 4363 762 4417 horrore
790 4364 942 4417 actimora
997 4363 1099 4416 ellectu
1124 4361 1309 4434 adimpletur.
1334 4361 1434 4417 Subito
1460 4363 1549 4429 anim,
1577 4364 1851 4432 cernentibusenn·

92 4471 149 4510 non
163 4455 267 4510 ieviter
281 4457 468 4508 esteltaclns.
490 4451 571 4506 Mane
588 4452 783 4517 autemfacto,
803 4467 868 4507 cum
892 4451 941 4507 diu
996 4450 1048 4504 ctis
1063 4448 1114 4522 qni
1133 4449 1261 4517 aderaut,
1287 4448 1393 4504 mulier
1420 4449 1502 4520 quasi
1529 4450 1560 4504 in
1589 4451 1690 4506 ecstasi
1710 4452 1783 4507 lacta
1797 4458 1849 4520 est,

90 4546 270 4615 exspectatus
295 4540 332 4596 ad
360 4545 533 4597 conventum
563 4555 715 4612 procerum
743 4556 800 4595 non
821 4540 941 4607 reniret,
996 4536 1140 4593 acdeinde
1154 4537 1261 4591 sensim
1284 4536 1373 4605 neeri,
1399 4536 1450 4607 qui
1474 4537 1664 4608 diriguerant,
1680 4539 1810 4610 dissolri,
1823 4546 1851 4594 al

90 4633 190 4703 regina
202 4648 256 4703 pro
285 4630 344 4685 filio
358 4629 477 4699 solicita,
494 4629 604 4684 nuntiis
618 4629 723 4697 missis,
738 4628 941 4698 obnixeroga-
997 4624 1128 4680 universa
1153 4625 1281 4695 corporis
1303 4624 1433 4680 membra
1468 4625 1671 4697 concrepantia
1702 4631 1852 4698 coeperant

88 4721 148 4785 bat,
172 4725 207 4775 ut
230 4719 385 4775 adveniens
421 4718 561 4790 promissa
592 4718 749 4789 perliceret.
792 4716 843 4771 iiie
876 4732 942 4772 vero
996 4712 1110 4768 extendi
1126 4730 1178 4781 ;ac
1208 4713 1248 4767 sic
1275 4713 1377 4768 ordine
1400 4729 1452 4767 suo
1470 4718 1528 4768 tola
1555 4714 1698 4770 incurvati
1720 4715 1850 4786 corporis

90 4808 251 4863 affirmabat
281 4824 310 4862 se
333 4811 414 4863 lanta
454 4806 621 4862 infirmitate
640 4805 763 4878 gravari,
785 4811 816 4860 ul
839 4820 891 4859 nee
906 4804 941 4860 da
995 4801 1160 4857 deformitas
1171 4801 1292 4856 insuam
1311 4801 1554 4871 pulchritudinem
1569 4803 1724 4857 refocillata
1738 4806 1791 4868 est,
1820 4808 1850 4857 at

88 4897 164 4951 lecto
177 4912 305 4967 surgere,
328 4912 380 4950 nec
394 4895 497 4967 pedem
526 4900 623 4966 posset
645 4909 791 4966 quoquam
814 4908 939 4947 morere.
995 4889 1259 4956 muliererecta,et
1280 4904 1365 4944 usum
1390 4888 1568 4952 ambulandi,
1583 4888 1735 4960 etreliqua
1750 4903 1848 4942 mem·

88 4985 162 5040 cis·
175 4990 325 5055 rogaretur
339 4989 371 5040 nt
384 5000 413 5039 se
441 4985 470 5040 in
493 4983 565 5039 lecto
580 4982 617 5037 ad
641 4987 812 5037 conventam
836 4981 941 5054 depor-
994 4977 1111 5032 brorum
1130 4977 1225 5031 officia
1250 4976 1414 5032 cumomni
1442 4976 1606 5047 integritate
1636 4977 1785 5046 reciperet.
1816 4975 1849 5031 fd

89 5075 144 5129 tari
169 5079 328 5146 putaretur,
358 5089 415 5146 quo
437 5073 481 5128 rei
497 5072 537 5127 sic
564 5071 717 5143 promissio
742 5072 939 5142 perficeretur,
994 5072 1091 5121 autem
1115 5065 1272 5120 certissima
1304 5065 1361 5120 fide
1393 5065 1541 5135 cognitum
1569 5066 1622 5128 est,
1658 5062 1848 5118 referentibus

87 5163 209 5218 omnino
228 5163 381 5231 abdicavit,
405 5177 492 5233 seque
514 5161 545 5216 in
567 5161 656 5216 Deum
673 5164 702 5215 et
728 5160 847 5214 Sanctos
878 5159 940 5228 aJus
993 5153 1062 5209 boni
1077 5152 1233 5208 testimonii
1257 5153 1402 5220 fratribus,
1429 5152 1480 5224 qui
1499 5154 1655 5222 presentes
1674 5151 1741 5207 huic
1764 5152 1849 5206 mira·

87 5267 231 5324 peccasse,
247 5251 338 5307 libera
350 5250 464 5306 landem
487 5265 554 5304 voce
569 5248 764 5320 proclamavit.
781 5247 826 5303 Sic
840 5246 938 5319 itaque
994 5249 1059 5303 culo
1073 5264 1103 5303 se
1116 5247 1278 5303 interfuisse
1293 5252 1324 5302 el
1335 5247 1440 5301 vidisse
1455 5244 1551 5300 metati
1565 5249 1641 5300 sunl.

87 5341 185 5394 divina
201 5341 292 5411 pietas
307 5339 476 5411 permerito
490 5339 597 5393 famula
616 5337 671 5403 sui,
685 5353 721 5392 ne
741 5352 892 5408 spequam
908 5336 937 5390 in
1040 5339 1065 5391 ³.
1089 5337 1185 5408 Neque
1220 5338 1273 5391 hoe
1313 5333 1518 5405 negligendum
1544 5339 1594 5387 out
1632 5333 1746 5390 silentio
1771 5350 1847 5405 pree-

87 5444 118 5482 se
132 5428 231 5499 posuit
242 5428 434 5495 fraudaretur,
455 5427 553 5483 omnin
565 5427 614 5482 illa
639 5441 734 5498 pravae
749 5423 939 5497 conspiratio-
992 5424 1165 5480 tereundum
1181 5424 1303 5489 videtur,
1320 5423 1397 5494 quod
1424 5421 1583 5495 antiquitas
1610 5424 1736 5490 tradidit,
1752 5428 1782 5478 ot
1796 5438 1846 5477 ve·

88 5517 135 5572 nis
156 5517 388 5573 machinamenta
413 5517 574 5589 repressit:
598 5515 706 5588 itaque,
738 5514 813 5587 quod
842 5512 878 5567 ab
904 5529 939 5568 eo
993 5513 1082 5569 ridica
1104 5513 1243 5568 relatione
1270 5511 1427 5565 multorum
1447 5511 1593 5565 memoria
1617 5509 1846 5567 commendarit.
