3878 6112
672 496 769 553 ΑΝΝΟ
788 494 912 552 ὓΟΙΙΝΙ
932 494 1037 552 mlv

70 735 756 969 §ANCTUS
854 734 1683 961 HENRICUS

557 1014 845 1160 lMl³ERATOR
883 1079 1161 1160 AUGUSTUS.

777 1284 973 1296 ...-—.--

334 1443 426 1544 DE
461 1441 511 1544 S.
549 1438 870 1544 HENRICO
906 1436 1377 1542 IMPERATORE

652 1686 820 1732 BAHBERGAE
842 1686 873 1730 ln
897 1685 1055 1731 annuntiis

172 1895 990 2028 COMMENTARIUS
1057 1895 1556 2025 PRAEVIUS.
1653 2046 1668 2052 w

551 2137 642 2207 (Apud
659 2136 800 2205 bolland,
812 2135 881 2191 lulli
895 2140 965 2191 tom.
980 2134 1031 2202 lll,
1044 2134 1090 2190 die
1107 2136 1164 2203 ll.)

122 2429 135 2489 3'
153 2426 178 2475 l.
195 2423 291 2475 Sancti
305 2436 398 2488 penus,
410 2437 503 2475 nomen
518 2425 544 2474 et
556 2422 713 2488 agnomina.
844 2423 866 2474 Α
921 2421 948 2473 t.
967 2417 1031 2473 ilaec
1044 2417 1119 2471 inter
1131 2417 1258 2488 primum
1281 2418 1405 2473 occurrit
1419 2418 1513 2473 Sancti
1526 2418 1616 2490 ipsius
1632 2434 1734 2489 genus,

70 2509 243 2581 ipiscopatos
259 2509 475 2579 bambergensis
490 2509 582 2579 elogia
596 2509 693 2579 paucis
706 2506 756 2562 secl
772 2524 829 2562 non
884 2505 982 2577 stirps,
999 2509 1080 2575 origo
1095 2521 1145 2559 seu
1160 2505 1323 2570 remilinus
1338 2506 1519 2576 qrsadnbinm
1535 2506 1606 2562 mibi
1623 2508 1735 2563 nullum

70 2606 158 2653 anter
182 2597 317 2653 delibavit
343 2599 449 2667 Gaspar
482 2597 654 2665 llruschius3
679 2597 748 2651 urbs
767 2597 830 2668 ipsa
884 2593 1034 2648 subortum
1051 2593 1161 2655 luisset,
1177 2599 1243 2664 post
1269 2593 1340 2648 lecta
1370 2599 1429 2649 tem
1455 2595 1535 2649 varia
1562 2597 1734 2667 scriptorum

70 2687 139 2741 emel
156 2687 185 2740 in
209 2687 284 2740 Actis
299 2686 404 2740 nostris
432 2686 576 2756 descripte
597 2691 650 2748 est,
667 2690 788 2756 patrono
803 2689 830 2737 et
884 2697 1044 2736 eoaevorum
1059 2681 1233 2743 testimonia,
1253 2681 1311 2736 nisi
1333 2688 1429 2736 noster
1444 2683 1592 2738 llattbaeus
1607 2684 1736 2741 liadems

70 2781 132 2830 tore
159 2775 289 2829 Ecclesiae
307 2791 366 2829 suae
381 2775 509 2846 gaudens
523 2775 551 2829 S.
583 2775 716 2842 ilenrico,
731 2789 828 2844 quem,
884 2770 914 2824 iu
929 2786 980 2825 sua
995 2772 1115 2826 bacerna
1140 2768 1330 2837 sancta,tom.
1356 2772 1378 2836 1,
1403 2773 1510 2843 pagiua
1534 2774 1595 2839 toa,
1621 2774 1657 2829 ad
1674 2791 1735 2831 rem

70 2880 124 2919 um
148 2880 266 2917 suorum
286 2864 372 2919 decus
398 2868 426 2916 et
440 2863 573 2933 gloriam.
596 2863 650 2916 hoc
677 2861 830 2932 uelputins
885 2861 970 2930 paulu
991 2859 1149 2914 accuratius
1177 2859 1399 2915 examinandam
1425 2861 1621 2932 compulisset.
1640 2863 1734 2919 Relel·

71 2952 150 3008 denti
188 2953 243 3017 die,
280 2953 353 3007 coelo
385 2952 544 3007 transmisit
573 2951 736 3018 Germania,
768 2950 831 3021 eius
884 2948 943 3002 lere
970 2948 1035 3004 istic
1060 2954 1179 3019 conatur
1202 2949 1331 3005 liederus
1359 2950 1547 3020 receptiorem
1569 2951 1597 3006 S.
1622 2951 1737 3007 ilenrici

70 3041 104 3095 ris
139 3042 247 3111 Regem
286 3040 386 3094 ordine
425 3042 594 3107 seecundum,
624 3041 829 3110 Imperatorem
885 3037 1135 3109 progeniemque
1155 3054 1188 3093 ex
1217 3038 1366 3093 communi
1384 3054 1450 3093 cum
1477 3039 1604 3095 Ottuuel
1629 3039 1736 3111 stipite,

70 3128 201 3199 primum,
225 3144 311 3200 quem
336 3134 433 3183 tamen
459 3129 652 3184 communiori
667 3129 831 3200 acceptioue
886 3141 989 3197 nempe
1018 3126 1139 3181 ilenrico
1166 3130 1294 3197 auctura,
1323 3128 1512 3195 descenderit,
1535 3129 1625 3198 gradu
1652 3130 1738 3185 tertio

70 3233 134 3272 cum
160 3218 184 3272 ll
213 3218 432 3288 appellabimus,
457 3218 549 3272 virum
577 3217 685 3288 insigni
714 3232 831 3288 prorsus
885 3214 1141 3286 consanguinitatis
1170 3230 1222 3287 per
1252 3215 1324 3270 duos
1352 3216 1496 3285 ilenricos,
1515 3219 1638 3273 alterum
1656 3218 1737 3274 Otto·

73 3306 305 3373 mouiaclarum,
336 3306 543 3375 virginitatem
569 3305 704 3377 conjugio
721 3310 831 3360 serrata
885 3304 931 3358 nis
954 3303 1052 3374 magni
1077 3302 1206 3370 fratrem,
1224 3303 1347 3358 alterum
1376 3304 1490 3360 Ottouis
1505 3307 1531 3361 ll
1557 3305 1735 3372 fratruelem,

70 3409 134 3460 em,
149 3394 339 3448 beneficentia
353 3394 382 3447 in
401 3394 551 3448 Ecclesiam
563 3395 636 3448 nulli
652 3394 829 3458 secundnm;
885 3389 982 3445 Ottoni
996 3391 1032 3445 lll
1062 3390 1204 3445 decessori
1230 3407 1282 3445 suo
1305 3391 1489 3461 coniunctus,
1515 3394 1598 3464 cujus
1615 3395 1737 3466 proinde

76 3483 225 3553 perpetuis
243 3484 305 3552 ejus
327 3484 412 3537 etiem
441 3482 585 3537 intestinis
608 3482 752 3537 bellisbic
773 3496 831 3535 nou
885 3478 971 3534 arbor
1002 3478 1187 3551 genealogica
1223 3480 1317 3551 primo
1355 3481 1451 3536 stetim
1491 3481 1594 3538 intuitu
1624 3499 1738 3556 perspe-

70 3571 230 3642 us,quibus
253 3576 312 3625 toto
336 3573 419 3642 regui
442 3577 471 3625 et
499 3571 613 3642 imperii
642 3571 831 3641 suitempore
885 3566 1012 3622 ctissime
1037 3567 1085 3624 sit.
1116 3567 1232 3623 tineam
1265 3569 1350 3623 aliem
1383 3570 1424 3626 ibi
1450 3571 1578 3626 liederus
1606 3573 1738 3644 manenti

84 3675 101 3713 a
127 3659 266 3729 proximis
287 3664 317 3712 et
344 3660 397 3716 sibi
425 3659 649 3714 obstrictissimis
672 3659 867 3757 exagitatusB
886 3672 952 3728 pag.
976 3657 1027 3710 toi
1041 3656 1198 3722 substituit,
1224 3673 1258 3711 ex
1287 3658 1449 3714 llofmanuo
1475 3667 1633 3731 acceptam,
1657 3662 1738 3734 quasi

72 3747 232 3802 Germaniae
261 3748 398 3802 interiora
421 3748 555 3803 adversus
582 3748 704 3803 rebelles
718 3747 833 3818 egregie
889 3760 923 3800 ex
937 3761 971 3799 ee
995 3745 1132 3816 probetur
1159 3745 1188 3800 S.
1209 3746 1356 3812 ilenricus,
1388 3763 1445 3801 nou
1471 3747 1553 3816 Saxo,
1578 3750 1627 3805 sed
1654 3749 1739 3805 Boius

70 3852 100 3902 rs,
128 3842 264 3890 externos
301 3853 368 3890 reru
399 3836 494 3891 hostes
532 3837 639 3903 slavos,
681 3837 831 3893 Bohemos.
888 3847 994 3903 geuene
1012 3832 1110 3901 luisse,
1139 3833 1215 3903 quod
1240 3838 1337 3888 mmeu
1362 3841 1449 3904 neget
1478 3837 1656 3891 llolmanuus
1677 3838 1738 3909 ipse

70 3940 106 3977 ‚os
131 3924 259 3995 aliosque
285 3924 397 3977 invictis
430 3924 517 3978 armis
542 3922 832 3994 insecutns;quique
887 3921 918 3976 iu
941 3935 1052 3993 nupera
1080 3920 1216 3990 Ludiwigi
1244 3921 1381 3988 editione,
1416 3924 1469 3978 cul.
1507 3927 1548 3986 56,
1579 3924 1657 3980 bisce
1679 3943 1739 3981 rer·

70 4011 181 4082 iposltes
217 4012 340 4066 maxime
374 4013 494 4082 Europae
519 4017 615 4083 partes
642 4011 776 4082 Apuliam
805 4015 834 4064 et
887 4009 932 4064 bis
963 4007 1069 4063 tabulae
1097 4025 1156 4063 sirac
1188 4009 1344 4081 praemissis
1371 4028 1378 4065 ι
1413 4032 1425 4061 ι
1457 4013 1496 4066 Eo
1533 4013 1571 4079 (S.
1608 4015 1737 4083 ilenrico)

70 4096 144 4153 triam
172 4097 300 4152 victricia
323 4097 405 4168 sigua
432 4097 618 4152 circumtulit.
640 4098 686 4162 Ee,
703 4097 832 4167 iuquam,
887 4097 949 4152 sine
981 4096 1054 4152 virili
1084 4097 1172 4169 stirpe
1205 4098 1368 4170 absumpto,
1398 4100 1583 4170 imperatoria
1614 4103 1739 4174 dignitas

70 4204 83 4243 x
114 4188 243 4259 prolesso
285 4186 464 4242 eruderanda
489 4203 545 4241 non
585 4185 772 4256 suscepimus,
799 4184 834 4237 iis
888 4187 1023 4256 degente
1052 4185 1192 4241 Saxonice
1219 4187 1332 4242 ilenrici
1360 4189 1486 4259 Aucupis
1515 4189 1629 4260 excidit,
1652 4197 1680 4246 et
1703 4192 1739 4247 ed

70 4276 282 4331 imumintenti
308 4292 373 4347 qun
388 4276 422 4330 ad
439 4275 599 4345 singulares
624 4275 686 4345 ejus
704 4274 834 4339 virtutes,
890 4274 1010 4329 Francos
1039 4274 1197 4330 orientales
1227 4276 1381 4330 transiit.»
1403 4276 1625 4351 Qualiscumque
1652 4280 1741 4352 igitur

70 4364 146 4419 Uauo
161 4369 189 4418 et
202 4380 268 4419 vere
282 4369 380 4419 sancto
400 4364 531 4435 principe
561 4364 672 4434 dignes,
697 4361 836 4417 miracula
888 4363 926 4416 sit
950 4361 1099 4438 obscurior
1129 4361 1178 4417 illa
1205 4362 1358 4418 lioimanni
1384 4364 1517 4421 tabulae
1546 4367 1649 4422 Rederi
1677 4368 1740 4439 opi·

70 4452 153 4518 ltum,
179 4456 241 4507 tota
255 4452 401 4508 catholica
421 4452 544 4507 Ecclesia
570 4451 672 4505 merito
693 4464 835 4522 propaga·
889 4449 977 4505 niune
1002 4449 1098 4521 ipsum
1129 4449 1263 4505 recedere
1291 4451 1474 4506 manifestum
1499 4458 1568 4508 est:
1591 4453 1741 4510 clariorem

76 4542 218 4610 pertinere
234 4541 416 4595 censebimus
432 4557 439 4607 ;
456 4556 504 4594 eos
526 4539 669 4611 praecipua
683 4539 837 4609 scriptores
889 4552 1044 4609 agnoscere
1072 4541 1195 4607 oportet,
1236 4554 1324 4609 quam
1353 4539 1414 4610 ipse
1447 4539 1553 4596 trustra
1578 4541 1739 4614 impugnat,

70 4628 187 4700 uri‚qui
203 4630 263 4699 ejus
272 4645 324 4699 pro
340 4629 396 4683 tide
412 4635 440 4683 et
464 4629 604 4700 religione
618 4628 730 4683 fortiter
744 4633 836 4700 gesta,
890 4624 987 4682 inutili
1013 4641 1096 4697 eque
1123 4631 1228 4681 conatu
1263 4627 1342 4682 varia
1374 4628 1499 4698 iusignia
1524 4630 1680 4699 adducens,
1707 4648 1742 4687 ex

73 4717 215 4771 beonnam
231 4718 260 4771 iu
272 4717 451 4772 exstruendis
479 4717 732 4788 restaurandisque
747 4718 835 4772 eccle·
890 4713 996 4784 quibus
1008 4713 1037 4768 io
1051 4713 1167 4768 demum
1183 4713 1342 4782 coniicitur,
1360 4717 1437 4788 quod
1466 4715 1497 4772 in
1518 4719 1742 4775 controversiam

79 4810 236 4877 ceteraque
260 4806 436 4861 intemerata
471 4806 629 4862 sanctitatis
666 4813 838 4878 argumenta
891 4817 948 4856 nou
962 4801 1041 4857 venit
1054 4801 1082 4857 S.
1100 4802 1254 4858 ilenricum
1269 4803 1395 4859 Bucariae
1417 4805 1519 4861 ducem
1536 4805 1633 4860 tuisse.

72 4893 128 4947 cuti
144 4899 220 4948 sumt.
234 4898 328 4966 lltqne
343 4896 404 4950 baec
432 4896 575 4966 praecipua
589 4899 675 4950 amnt
689 4895 836 4952 tractatio·
927 4892 952 4946 3.
969 4889 1139 4945 Praedictum
1149 4890 1290 4958 tabulam,
1313 4892 1347 4947 ab
1372 4892 1530 4948 lloimeunu
1560 4892 1623 4947 istic
1637 4908 1742 4965 propo-

70 4978 133 5048 uJ'us
149 4978 263 5049 praeviae
282 4983 461 5048 argumenta,
488 4979 529 5033 sic
544 4985 642 5034 tamen
656 4995 672 5033 a
685 4978 768 5034 nobis
783 4980 838 5035 boc
853 4976 874 5032 C
892 4977 990 5044 sitam,
1014 4983 1068 5032 eta
1085 4978 1197 5034 lladero
1217 4979 1402 5053 descriptam,
1429 4978 1578 5052 operosius
1603 4979 1743 5038 discutere

70 5066 231 5133 ordinanda,
254 5070 288 5120 nt
311 5067 381 5122 nihil
407 5067 542 5122 omissuri
569 5069 659 5122 simus
685 5084 743 5139 quo
760 5072 838 5123 lotus
876 5082 945 5122 nec
959 5065 1046 5121 studii
1057 5082 1109 5121 uec
1121 5083 1216 5138 operae
1240 5067 1366 5140 pretium
1396 5072 1463 5134 est;
1484 5067 1552 5121 satis
1574 5067 1630 5123 erit
1644 5086 1743 5141 super·

85 5169 184 5209 cursus
210 5155 346 5210 illustrari
374 5156 474 5226 possit,
505 5157 534 5211 id
562 5155 639 5228 quod
669 5172 685 5210 a
722 5157 837 5211 nemine
891 5160 1139 5227 queeevatcrum
1164 5155 1330 5210 testimonia
1357 5153 1529 5224 proterreio
1554 5156 1743 5227 medium‚ex

72 5259 126 5298 uus
153 5246 313 5314 praestitum
339 5261 409 5309 esse,
442 5250 508 5300 ntut
530 5245 628 5299 mirati
659 5244 717 5298 sint
741 5242 836 5312 rnulti,
891 5241 1156 5315 quibusevidenter
1171 5247 1267 5315 pateat
1289 5243 1317 5298 S.
1348 5242 1462 5297 ilenrici
1481 5258 1547 5299 cnm
1576 5247 1679 5302 0ttoue
1707 5247 1743 5302 lll

70 5338 176 5386 rcerte
212 5334 367 5403 implexam
401 5349 496 5388 rerum
524 5332 624 5388 silvam
652 5331 837 5402 complanare
890 5330 1124 5402 consanguinitas
1138 5335 1197 5386 tam
1219 5330 1393 5403 propinqua.
1412 5335 1444 5386 ut
1458 5337 1487 5387 et
1510 5333 1605 5404 ipsum
1620 5350 1654 5388 ex
1665 5335 1744 5390 Otto·

70 5424 142 5474 test.
162 5419 216 5474 Sed
244 5420 291 5474 hic
320 5421 401 5492 prius
426 5420 610 5492 exsequenda
636 5423 704 5474 sunt
727 5417 835 5489 quain
891 5419 934 5473 uis
960 5417 1058 5489 magui
1083 5433 1189 5489 genere
1208 5417 1296 5473 luisse
1324 5422 1467 5488 oporteat,
1486 5421 1568 5493 cnjus
1596 5422 1638 5476 rei
1662 5422 1743 5479 testis

70 5508 297 5582 proposuimus.
890 5506 1117 5579 synchronus,et
1131 5504 1210 5562 oruni
1233 5503 1401 5578 exceptione
1420 5508 1513 5580 major
1541 5512 1583 5565 eat
1607 5509 1742 5568 Adelbol·

168 5613 309 5680 Pnrnor..
337 5614 425 5681 CXL.
734 5624 739 5631 '
1575 5623 1582 5679 Ι
