3878 6112
92 266 160 321 tosa
492 265 667 324 repatuit
685 267 731 323 ab
749 266 1004 324 Buacnsttnttrt.
1024 297 1058 309 -
1077 268 1234 325 sternte
1253 264 1431 324 CANONUll.
1780 272 1849 325 1⁰84

87 393 117 450 si
132 392 197 464 quis
209 397 301 448 semet
322 392 522 465 perjuraverit,
537 396 567 448 et
593 393 769 448 aliossciens
786 392 815 448 in
836 393 934 464 perjn-
953 395 1071 459 Ameo;
1102 408 1155 447 nec
1189 391 1350 463 perjurabis
1373 406 1479 446 nomen
1514 392 1755 448 Dominilleitui
1774 410 1852 464 :ego

88 481 166 537 rium
179 481 302 551 duxerit,
319 482 353 537 to
375 482 437 537 dies
465 482 585 554 inpane
614 487 642 536 et
666 498 750 553 aqua,
779 486 808 537 et
830 489 940 554 septem
997 481 1261 538 hominusltalum
1277 484 1385 548 tamem
1413 480 1491 552 quod
1518 479 1661 535 iacturum
1692 498 1722 536 so
1756 497 1851 537 secra·

89 574 244 642 sequentes
258 586 349 626 annos
364 570 511 642 poenitent,
535 574 563 624 et
587 586 736 642 nunquam
763 570 825 626 sine
851 572 941 644 poeni·
993 569 1269 636 montodevoverat‚
1300 568 1420 624 omnino
1448 584 1508 623 non
1535 568 1638 636 iaciet3
1664 570 1734 641 quia
1762 570 1850 626 stulta

89 659 181 715 tentia
197 658 243 714 sit.
259 660 291 714 Et
310 659 369 727 elii,
387 659 411 713 si
426 658 533 713 conscii
551 659 674 728 inerant,
702 659 836 716 similiter
852 662 940 732 poeni·
995 663 1061 714 rota
1075 658 1323 731 suntlrangende.

89 749 178 803 teant.
196 747 244 803 Sin
258 752 355 802 autem
376 746 495 817 singuli,
516 751 548 802 ut
568 747 729 819 perjurium
755 764 812 804 oon
839 754 940 821 sponte
1030 749 1067 816 (S.
1080 746 1222 818 Isidorus.)
1248 747 1328 812 Quod
1344 747 1418 801 Dens
1449 745 1488 799 ita
1511 744 1615 800 haheat
1636 747 1847 816 juramentum,

91 835 289 902 commissum,
311 835 479 906 poeniteant.
993 840 1026 891 ut
1036 836 1095 898 ille,
1111 836 1157 890 cni
1168 836 1285 907 juratur
1300 849 1307 890 ι
1322 835 1498 906 Quacunque
1510 833 1581 904 {arte
1608 835 1765 890 verborum
1784 837 1846 907 quis

122 926 180 996 'llic
194 926 314 979 Decretis
332 926 376 979 Pii
389 939 477 995 popa,
505 924 619 997 copi.)
648 924 676 980 si
704 925 770 997 quis
790 926 940 981 adomino
991 925 1078 996 juret,
1098 926 1171 980 Deus
1196 928 1304 992 tamen,
1335 923 1385 994 qni
1417 922 1599 978 conscientias
1627 924 1709 978 testis
1733 930 1790 991 est,
1810 927 1845 979 ita

91 1017 314 1076 snocoactusse
332 1013 471 1085 perjurat,
498 1013 615 1086 utrique
644 1020 712 1069 sunt
740 1015 859 1087 perjuri.
886 1015 940 1080 Qui
993 1014 1046 1069 hoc
1062 1013 1172 1085 accipit,
1187 1012 1260 1068 sicut
1275 1013 1324 1067 ille
1343 1011 1390 1067 cei
1405 1011 1540 1083 juratur;
1569 1011 1723 1083 dupliciter
1749 1019 1845 1068 autem

91 1101 256 1173 compulsus
271 1118 288 1155 a
302 1102 418 1157 domino
434 1103 564 1175 perjurat
578 1119 608 1157 se
622 1103 723 1172 sciens,
740 1103 858 1176 utrique
873 1110 941 1159 sunt
994 1117 1060 1156 reus
1074 1102 1138 1168 erit,
1156 1101 1224 1173 quia
1239 1106 1268 1156 ot
1283 1100 1334 1156 bet
1348 1116 1456 1156 nomen
1476 1100 1507 1154 in
1534 1117 1640 1155 venum
1668 1102 1803 1171 assumit,
1820 1110 1847 1157 et

91 1189 213 1263 perjuri,
228 1195 258 1245 et
276 1190 425 1260 dominns,
440 1197 469 1247 et
480 1191 562 1246 miles
579 1209 585 1247 :
611 1191 758 1260 dominus,
780 1193 849 1265 quia
864 1209 938 1265 prae·
993 1191 1160 1263 proximum
1175 1188 1240 1244 dolo
1257 1189 1341 1259 capit.

90 1279 179 1350 cepit;
214 1279 307 1347 miles,
335 1279 403 1351 qnia
427 1280 578 1335 dominum
608 1282 673 1353 plns
705 1297 791 1353 qoam
813 1282 940 1336 animam
1030 1279 1199 1352 (Enconcil.
1224 1279 1382 1348 Aureliae,
1411 1293 1470 1348 cop.
1504 1278 1556 1347 to.)
1580 1277 1638 1332 Nisi
1668 1294 1722 1348 pro
1754 1294 1843 1349 pace:

91 1368 199 1424 dilexit.
213 1368 242 1424 Si
256 1368 329 1423 liber
342 1373 394 1438 est,
411 1370 446 1424 to
469 1369 529 1425 dies
554 1369 583 1423 in
608 1386 682 1441 pane
704 1374 733 1424 et
750 1386 825 1444 aqua
848 1370 938 1443 poeni·
995 1369 1027 1422 Et
1040 1369 1093 1424 hoc
1120 1371 1218 1423 sancta
1245 1366 1370 1440 synodus
1396 1366 1530 1435 decrevit,
1564 1367 1618 1420 nisi
1642 1383 1695 1437 pro
1723 1384 1794 1439 pace
1810 1369 1846 1421 fe·

90 1461 512 1529 teat,et7sequentesannos.
536 1458 565 1513 si
591 1462 755 1526 servnsest,
786 1464 843 1513 tres
873 1475 941 1532 qna·
993 1457 1103 1525 cienda,
1121 1461 1154 1512 ut
1181 1472 1281 1511 omues
1302 1454 1400 1510 fideles
1424 1455 1518 1526 jejuni
1533 1454 1569 1509 ad
1590 1461 1774 1511 sacramenta
1801 1472 1844 1509 ac·

91 1545 268 1617 dragesimas
283 1545 464 1616 etlegitimas
479 1546 564 1602 ferias
579 1547 725 1617 poeniteat.
994 1546 1107 1601 cedant.

127 1630 182 1703 (Ec
199 1634 319 1688 Decretis
334 1634 434 1689 Soteris
453 1633 551 1703 popa.)
576 1634 615 1688 De
639 1633 761 1688 incautis
787 1634 939 1704 juramen·
959 1675 980 1732 B
1031 1635 1084 1707 (Ee-
1099 1633 1192 1690 concil.
1208 1633 1369 1701 Aureliae„
1387 1648 1447 1702 cop.
1464 1631 1504 1704 t.)
1520 1630 1690 1687 Jnramenta
1720 1631 1775 1687 lilii
1800 1639 1847 1688 ant

92 1721 131 1777 tis
145 1736 204 1775 non
220 1721 403 1776 observandis
421 1736 427 1775 :
442 1721 471 1776 si
486 1721 594 1793 aliquid
623 1721 695 1777 forte
717 1739 770 1776 nos
798 1723 940 1779 incautius
995 1723 1063 1779 titiae
1093 1721 1237 1778 nesciente
1266 1717 1357 1792 pa‘tre,
1386 1725 1414 1775 et
1446 1724 1511 1775 vota
1538 1719 1672 1775 monachi
1700 1721 1846 1777 nesciente

89 1809 202 1880 jurasse
218 1808 381 1880 contigerit,
401 1811 477 1881 quod
493 1810 684 1880 observatum,
698 1811 827 1883 pejorem
842 1817 942 1884 vergat
995 1814 1108 1879 abbate,
1122 1816 1150 1866 et
1161 1812 1326 1882 juramenta
1340 1808 1433 1879 pueri,
1450 1809 1530 1864 irrita
1545 1814 1620 1864 saint.

92 1896 123 1952 in
138 1898 244 1953 exitum
263 1897 366 1966 :illud,
380 1898 498 1953 consilio
514 1897 673 1953 salubriore
694 1897 863 1954 mutandum
888 1916 940 1954 no·
1031 1903 1070 1957 De
1087 1899 1174 1955 irritis
1186 1897 1390 1971 ssjurameutis:
1419 1898 1454 1952 Ut
1479 1897 1563 1968 pueri
1580 1902 1647 1976 ante
1669 1897 1845 1969 quatuorde-

93 1986 230 2053 verimus,
261 2003 293 2041 ae
319 1987 411 2058 magis
446 1987 568 2042 instante
595 1988 762 2043 necessitate
791 1989 939 2060 perjuran-
995 1988 1051 2043 cim
1066 2004 1156 2043 annos
1167 2003 1224 2042 non
1238 1991 1376 2058 cogantur
1387 1985 1495 2057 jurare.
1514 1985 1568 2051 Qui
1584 1987 1729 2057 acceperit
1760 1987 1845 2041 sacri·

92 2075 163 2131 dum
176 2074 259 2129 nobis
274 2091 361 2146 quam
377 2080 487 2130 servato
499 2075 674 2148 juramento,
690 2077 721 2131 in
735 2077 815 2133 aliud
830 2078 939 2134 crimen
995 2073 1169 2143 liciumpost
1192 2072 1288 2127 cibum
1317 2075 1366 2126 aot
1393 2076 1458 2141 post
1486 2071 1613 2142 aliquam
1645 2071 1846 2142 parvissimam

91 2162 185 2233 majus
204 2162 422 2217 divertendum.'
995 2160 1236 2233 degustationem,
1253 2160 1308 2214 nisi
1324 2175 1376 2230 pro
1391 2159 1516 2213 viatico:
1531 2160 1616 2231 pneri
1634 2164 1695 2214 tres
1710 2160 1775 2215 dies
1789 2176 1845 2214 me·

128 2249 167 2322 (S.
184 2251 309 2307 Ambros.
325 2254 355 2306 io
368 2252 415 2306 tlh.
434 2269 465 2307 ιιι
482 2253 523 2306 De
541 2252 629 2324 offic.)
649 2255 688 2309 lle
713 2254 837 2309 eodem:
859 2255 940 2327 Saepe
991 2250 1070 2321 jores
1086 2255 1111 2316 7,
1126 2248 1222 2304 elerici
1241 2250 1286 2313 ⁶20,
1302 2249 1363 2303 dies
1382 2247 1550 2318 poeniteant.

92 2339 223 2411 plerique
236 2339 436 2412 constringunt
451 2356 480 2395 se
505 2341 696 2413 jurisjurandi
722 2342 877 2416 religione;
900 2349 938 2414 et,
1028 2339 1091 2410 (Ee
1106 2338 1204 2392 decret.
1218 2337 1334 2394 Cornelii
1347 2352 1436 2406 popa,
1450 2339 1538 2406 capite
1552 2339 1591 2402 5.)
1606 2336 1635 2392 Si
1661 2336 1729 2407 quis
1751 2337 1846 2408 ldede·

92 2441 158 2481 curn
173 2426 228 2496 ipsi
243 2429 437 2500 cognoverint,
454 2430 683 2501 promittendum
707 2448 766 2487 non
788 2432 876 2487 tuisse
899 2448 941 2487 sa·
994 2425 1031 2481 rit
1045 2428 1086 2481 vel
1102 2425 1244 2497 acceperit
1253 2424 1488 2479 communionem
1503 2424 1538 2478 de
1556 2440 1641 2478 mann
1663 2425 1804 2489 haretici,
1820 2431 1848 2480 et

94 2515 233 2570 crementi
245 2520 342 2571 umen
368 2518 611 2589 contemplatione
638 2520 742 2575 faciant
771 2521 849 2591 quod
876 2538 941 2593 spo·
994 2517 1084 2570 nescit
1098 2515 1173 2587 qued
1185 2514 1326 2569 catholica
1344 2513 1466 2568 Ecclesia
1483 2514 1664 2580 contradicit,
1676 2521 1780 2584 postea
1794 2516 1848 2582 Tin·

93 2603 362 2675 panderunt;sieot
385 2607 420 2662 de
446 2607 658 2678 llerodesupra
688 2608 863 2681 scripsimus,
890 2609 940 2681 qui
993 2605 1136 2676 telligens‚
1150 2602 1414 2672 annumiutegrum
1429 2601 1575 2671 paeniteat.
1591 2601 1620 2657 Si
1634 2607 1733 2657 autem
1750 2603 1846 2658 scitet

94 2692 233 2747 saltatrici
245 2693 398 2765 praemium
413 2695 692 2767 turpiterpromisit‚
713 2697 868 2753 crudeliter
883 2699 939 2752 sol·
994 2693 1162 2764 neglexerit,
1180 2695 1322 2763 etpostea
1337 2689 1535 2761 poenitentiam
1561 2691 1661 2761 egerit,
1689 2694 1724 2747 to
1756 2708 1849 2746 annos

93 2780 153 2835 vit:
169 2784 263 2852 torpe,
281 2781 358 2853 quod
375 2799 498 2854 regnum
512 2800 565 2856 pro
576 2785 728 2841 saltatione
744 2786 938 2857 promittitui·;
995 2782 1140 2855 poeniteat.
1157 2781 1213 2837 Alii
1224 2781 1356 2851 judicant
1370 2782 1396 2846 t,
1413 2783 1441 2833 et
1456 2778 1612 2832 hirmanlus
1626 2782 1643 2833 5
1659 2795 1765 2833 annos.
1788 2781 1849 2846 (Ec

93 2870 221 2936 crudele,
237 2871 314 2941 quod
332 2887 410 2926 mors
423 2874 574 2944 prophete.
597 2890 650 2945 pro
667 2874 857 2947 iurisiurandi
876 2875 940 2929 reli·
997 2873 1101 2926 Decret.
1119 2871 1287 2939 Eutychiani
1300 2883 1389 2937 popa,
1401 2869 1490 2937 capite
1505 2866 1544 2938 t.)
1569 2867 1598 2922 st
1619 2869 1685 2939 quis
1706 2869 1848 2939 permise-

93 2959 180 3030 gione
204 2959 337 3014 donatur.
366 2960 477 3025 Quanto
506 2961 684 3018 tolerabilius
707 2967 784 3019 esset
808 2964 942 3034 taleper·
959 2959 979 3015 G
996 2959 1032 3013 rit
1059 2959 1225 3013 haereticum
1252 2957 1368 3012 missam
1392 2971 1472 3009 suam
1501 2956 1646 3011 celebrare
1669 2956 1700 3011 in
1729 2956 1848 3011 ecclesia

88 3047 200 3119 iuriam
217 3052 406 3103 sacramento.
421 3050 455 3103 Et
471 3054 535 3120 post
549 3065 663 3120 pauca:
683 3052 745 3106 lton
771 3052 859 3123 igitur
877 3069 942 3106 om·
996 3048 1134 3104 catholica
1149 3053 1178 3103 et
1191 3047 1292 3114 nescit,
1317 3044 1427 3100 tocies
1443 3043 1595 3114 poeniteat3
1620 3044 1654 3114 si,
1684 3061 1740 3117 pro
1776 3062 1847 3100 reve

97 3133 147 3188 nia
161 3135 448 3205 promissasolvenda
459 3141 535 3191 sunt.
995 3138 1087 3192 realia
1101 3137 1173 3209 ejus,
1191 3148 1299 3191 annum
1311 3135 1456 3205 integrum
1472 3132 1624 3203 poeniteat:
1654 3135 1677 3188 si
1696 3151 1753 3205 pro
1768 3135 1845 3189 dern-

131 3222 313 3291 (Escoocilto
329 3224 511 3294 Niceroeosi.)
532 3225 572 3279 De
591 3241 648 3279 non
672 3226 818 3281 servandis
841 3227 942 3282 inceu·
996 3225 1111 3279 natione
1125 3224 1255 3280 Ecclesiae
1279 3222 1427 3278 catholicoe
1451 3226 1478 3275 et
1501 3224 1713 3278 consuetudine
1745 3224 1845 3277 Roma·

94 3309 131 3363 tis
139 3309 333 3380 juramentis:
360 3310 497 3366 Diltinitio
521 3311 646 3379 incauta,
674 3313 859 3370 laudabiliter
885 3316 942 3370 sot·
995 3328 1111 3369 nerum.
1127 3314 1294 3386 projiciatur
1309 3312 1344 3367 ah
1357 3309 1478 3365 Ecclesia
1492 3309 1567 3365 sicut
1587 3312 1754 3378 haereticus,
1779 3310 1842 3376 nisi,

93 3397 203 3467 venda;
218 3413 270 3453 nec
285 3403 328 3454 est
348 3400 557 3471 prevaricatio,
578 3402 628 3457 sed
647 3403 818 3458 temeritatis
843 3420 941 3459 emen·
994 3400 1098 3455 habeat
1108 3400 1317 3473 poenitentiam.
1334 3399 1364 3454 st
1384 3399 1533 3453 recesserit
1546 3399 1582 3455 ab
1605 3399 1730 3455 Ecclesia
1751 3400 1843 3454 catho-

97 3485 185 3542 detio.
995 3489 1049 3544 lica
1063 3489 1092 3544 in
1108 3489 1361 3560 congregationem
1373 3487 1583 3548 hereticorum.
1600 3495 1628 3543 et
1644 3488 1717 3544 aiios
1728 3503 1842 3559 persna-

129 3575 186 3646 (Ec
201 3578 316 3644 Gregor.
329 3593 414 3649 popo,
431 3581 461 3634 ie
473 3581 531 3636 suis
550 3579 724 3652 llorotites.)
751 3580 831 3646 Quod
853 3581 943 3636 satius
996 3578 1075 3642 serit,
1091 3579 1191 3650 p'ostea
1205 3577 1405 3649 penitentiam
1415 3575 1517 3646 egerit,
1536 3580 1672 3632 thaneos
1698 3577 1842 3648 poeniteat,

93 3664 131 3719 sit
163 3666 312 3737 perJuxare
339 3682 427 3738 quarn
447 3667 579 3739 juratum
605 3669 683 3724 netas
713 3668 844 3740 implere,
875 3686 941 3726 cum
995 3669 1114 3724 aannos
1139 3673 1219 3723 extra
1243 3667 1404 3737 ecclesiam,
1420 3673 1448 3721 et
1474 3665 1490 3717 ti
1526 3666 1601 3720 inter
1630 3665 1792 3731 audientes,
1816 3667 1843 3717 et

94 3754 267 3810 mensinter
285 3754 400 3811 minora
419 3762 448 3811 et
474 3758 597 3813 maxima
625 3762 741 3830 peccata
769 3760 941 3832 constringi·
995 3756 1066 3811 duos
1082 3756 1176 3811 adhue
1190 3760 1270 3811 extra
1281 3757 1525 3812 communionem.
1543 3757 1581 3810 lle
1597 3754 1652 3822 his,
1676 3754 1708 3808 in
1740 3766 1841 3807 canone

94 3846 162 3898 tur:
180 3842 202 3897 si
220 3843 450 3899 omninonullus
466 3845 528 3900 sine
543 3851 658 3917 peccato
683 3846 823 3902 evadendi
848 3849 942 3904 aditus
994 3844 1108 3913 dicitur,
1133 3850 1165 3900 ut
1192 3843 1303 3900 decimo
1327 3861 1403 3901 anno
1426 3843 1661 3901 communionem
1691 3843 1755 3896 sine
1770 3841 1841 3895 obla·

94 3934 184 4004 petet,
201 3932 314 3988 minora
328 3949 443 4003 semper
457 3934 614 4006 eligantur;
640 3935 814 4008 quiaetqui
844 3953 941 3992 muro·
993 3933 1071 3988 tione
1091 3933 1241 4004 recipiant.
1266 3929 1295 3988 si
1320 3933 1484 4006 episeopus,
1516 3937 1565 3987 eut
1590 3930 1678 3985 abhas
1706 3928 1841 3984 monacho

96 4037 160 4076 rum
176 4022 297 4091 ambitu,
318 4038 354 4077 ne
376 4023 478 4094 fngiat,
501 4024 651 4090 clauditur,
672 4025 713 4080 ibi
739 4041 769 4080 se
790 4025 819 4079 in
842 4025 941 4097 lugam
995 4039 1046 4078 suo
1058 4023 1142 4094 jubet
1162 4029 1190 4077 et
1207 4039 1260 4094 pro
1286 4022 1429 4078 hereticis
1457 4022 1580 4078 mortuis
1608 4020 1713 4074 missas
1744 4019 1838 4080 tacere,

95 4108 265 4181 precipitat,
282 4110 332 4165 ubi
345 4110 459 4166 brevior
473 4127 574 4167 murus
588 4113 744 4169 invenitur.
994 4127 1053 4168 non
1068 4112 1135 4167 licet
1163 4116 1192 4166 et
1218 4127 1278 4166 non
1301 4112 1417 4182 expedit
1432 4112 1548 4167 obedire
1563 4110 1613 4165 eis.
1632 4109 1663 4164 si
1677 4108 1841 4179 presbytero

130 4197 169 4269 (S.
187 4199 337 4271 Isidorus.)
354 4201 393 4255 De
421 4201 519 4255 eadem
530 4217 581 4256 re:
613 4203 676 4257 Non
702 4207 746 4257 est
769 4219 940 4258 conservan·
961 4199 1345 4294 1,etintigerttubimissam
1365 4199 1533 4266 cantaverit,
1557 4203 1586 4253 et
1604 4197 1678 4251 alius
1708 4196 1843 4250 recitave-

95 4285 165 4341 dum
181 4293 404 4357 sacramentum,
424 4306 481 4361 quo
496 4290 604 4346 malurn
624 4290 737 4348 incaute
752 4291 940 4362 promittitur.
998 4290 1037 4345 rit
1047 4288 1165 4344 nomina
1180 4294 1373 4356 mortuorum,
1388 4288 1452 4343 etsi
1467 4287 1554 4343 simul
1568 4285 1765 4341 nominaverit
1789 4283 1843 4338 he·

95 4374 198 4440 Veluti,
223 4375 247 4429 si
280 4376 433 4447 quisquam
462 4378 598 4433 adulteras
626 4384 796 4450 perpetuam
824 4396 942 4435 cumea
997 4378 1098 4433 reticos
1114 4393 1177 4432 cum
1194 4376 1349 4442 catholicis,
1367 4377 1390 4431 si
1416 4381 1481 4448 post
1514 4375 1632 4431 missam
1661 4371 1841 4433 intellexerit,

94 4462 286 4534 permanendi
298 4463 385 4519 lidem
405 4464 583 4536 polliceatur.
606 4467 791 4523 Tolerabihns
807 4473 850 4524 est
864 4469 942 4524 enirn
997 4465 1206 4522 hebdomadam
1225 4465 1372 4535 poeniteat.
1388 4465 1418 4521 si
1444 4467 1633 4536 exsequenter
1657 4462 1770 4529 lecerit,
1795 4474 1842 4513 an·

95 4566 154 4607 non
188 4550 310 4622 implere
338 4559 559 4623 sacramentum,
595 4571 682 4627 quam
715 4573 883 4626 permanere
912 4557 943 4612 in
997 4554 1222 4625 numintegrum
1239 4553 1506 4625 poenileat.Siqois
1524 4555 1686 4623 promorle
1722 4545 1844 4604 haretici

94 4640 187 4711 stupri
201 4639 322 4712 flagitio.
998 4642 1115 4698 missam
1131 4641 1315 4711 ordinaverit,
1335 4646 1364 4697 et
1386 4655 1439 4712 pro
1463 4640 1603 4712 religione
1623 4653 1675 4692 sua
1704 4638 1768 4708 ejus
1782 4636 1844 4690 reli·

131 4728 211 4798 (Item
226 4729 352 4786 lsidores
371 4731 402 4785 io
425 4732 542 4787 sentent.
569 4731 650 4802 seis.)
677 4732 772 4786 ltem:
801 4732 835 4786 tn
858 4731 942 4786 malis
997 4731 1079 4804 quiae
1094 4730 1134 4786 ibi
1153 4731 1288 4798 tenuerit,
1313 4736 1342 4786 et
1363 4731 1453 4785 nescit
1481 4726 1672 4784 differentiam
1702 4724 1843 4781 catholica

94 4816 245 4889 promissis
273 4819 402 4874 rescinde
432 4819 529 4875 tidem.
554 4820 587 4875 ln
614 4819 690 4892 turpi
717 4825 781 4875 voto
808 4836 884 4888 cave,
913 4825 944 4876 ut
997 4820 1075 4886 lidei,
1092 4825 1121 4874 et
1140 4823 1238 4890 postea
1251 4819 1425 4873 intellexerit
1439 4818 1555 4889 penitus
1570 4832 1635 4888 qnae
1650 4815 1755 4886 egerit,
1785 4811 1843 4866 reli·

95 4903 254 4974 decretum,
270 4907 348 4978 quod
375 4907 491 4962 incaute
511 4908 622 4976 vovisti,
655 4925 712 4963 non
736 4908 831 4964 iacias.
849 4909 942 4982 lmpia
997 4906 1316 4979 quiesibidebetigne
1341 4921 1479 4974 cremare,
1507 4909 1667 4959 stannum
1698 4901 1843 4974 poeniteat.

95 4997 138 5048 est
153 4995 306 5065 promissio
322 5012 387 5067 ques
402 4996 507 5051 scelere
520 4995 705 5067 adimpletur.
997 4996 1026 5052 st
1041 5001 1137 5051 autem
1152 4996 1204 5049 scit
1229 4999 1258 5049 et
1276 4993 1446 5064 neglexerit,
1470 4992 1586 5063 penitus
1609 4995 1785 5055 commotos,
1814 4988 1843 5042 to

131 5081 185 5153 (Ee
200 5086 311 5140 concilio
328 5085 476 5158 Toletano.)
497 5085 614 5140 Necesse
635 5090 678 5140 est
691 5090 723 5141 ut
746 5087 820 5141 male
840 5086 942 5157 jurans
997 5101 1088 5141 annos
1103 5084 1248 5156 poeniteat.
1266 5083 1294 5138 Si
1311 5083 1407 5154 quise
1435 5081 1491 5137 lide
1521 5080 1662 5137 catholice
1687 5076 1844 5133 discesserit

96 5168 215 5241 dignam
230 5173 430 5244 poenitentiam
445 5179 522 5244 agat,
538 5189 572 5228 eo
587 5173 662 5244 qood
680 5189 787 5229 nomen
802 5175 853 5229 Dei
873 5190 942 5229 con·
997 5174 1058 5229 sine
1074 5174 1132 5228 ulla
1147 5171 1326 5234 necessitate,
1350 5175 1449 5241 postea
1473 5186 1506 5226 ex
1538 5175 1598 5224 toto
1628 5169 1728 5222 animo
1755 5165 1842 5238 poeni-

94 5261 139 5312 tra
165 5267 339 5332 preceptum
378 5263 440 5333 ejus
466 5263 496 5316 in
525 5277 630 5316 vanum
652 5262 790 5334 sumpsit3
817 5263 885 5334 quia
912 5263 942 5317 in
997 5263 1117 5317 tentiam
1133 5261 1424 5332 acceperit,3annos
1439 5263 1518 5313 extra
1533 5255 1680 5311 ecelesiam
1701 5256 1777 5310 inter
1796 5268 1843 5307 au·

94 5347 629 5424 ExodoscriptumestzNeqoeenim
650 5351 794 5407 insontem
824 5352 944 5408 babebit
997 5350 1117 5415 dientes,
1143 5350 1225 5421 juxte
1250 5348 1396 5403 Nicaenum
1421 5345 1617 5412 concilium,7
1647 5343 1842 5399 annosinec·

95 5437 314 5495 nominassem
329 5441 381 5512 qui
411 5441 597 5513 assumpserit
626 5456 732 5496 nomen
760 5440 810 5496 Dei
838 5440 882 5495 sui
911 5441 942 5497 in
997 5438 1179 5495 clasiisioter
1204 5439 1390 5509 paenitentes,
1417 5442 1446 5491 et
1470 5438 1487 5492 2
1516 5449 1608 5489 annos
1633 5432 1730 5488 adhuc
1768 5434 1842 5487 extra

93 5542 216 5597 vanum
232 5528 306 5585 etin
329 5527 454 5586 beritho
470 5530 553 5586 :Non
575 5529 736 5603 perjurabis
764 5529 795 5586 in
823 5529 942 5585 nomine
996 5527 1232 5584 communionem
1249 5526 1399 5598 peniteat.
