3878 6112
92 257 146 310 989
499 256 737 315 uacuaroauu
757 259 851 315 LIBRI
869 260 923 316 xx.
944 289 979 300 —-
997 260 1100 315 trena
1124 258 1278 316 nectutis
1295 258 1423 318 NONUS.
1791 266 1844 320 990

91 381 273 453 resurgendi,
298 369 460 437 dum‘dicis
487 381 523 437 de
548 383 601 438 boc
624 398 748 438 canones
770 384 896 439 diversos
912 385 978 441 ted
996 398 1071 437 nunc
1086 399 1190 454 corpus
1203 382 1316 453 indigni
1331 383 1474 450 sedemus,
1490 383 1602 455 lapsum
1616 400 1677 440 esse
1696 386 1844 458 cognosci-

91 469 206 541 legisse,
245 469 428 541 diuersasque
461 471 625 540 sententias,
663 472 731 526 alias
760 471 940 541 resurgendi
998 487 1071 526 mars.
1096 471 1151 527 Sed
1182 477 1247 542 post
1269 472 1448 543 negationem
1475 472 1646 544 poenitentia
1672 480 1768 529 secuta
1791 478 1843 543 est,

90 559 360 630 aliusnequaquam
384 575 476 630 posse.
506 560 644 614 Namnos
666 560 870 631 generalitate
891 559 942 615 Ni·
997 565 1101 632 etpost
1124 560 1324 632 poentientiam
1345 560 1542 616 misericordia
1565 561 1646 616 data:
1675 562 1743 633 quta
1761 562 1843 617 illum

90 661 171 700 crena
183 646 292 716 synodo
308 645 487 717 incipientes,
501 648 575 702 hanc
600 664 665 702 cum
682 647 799 719 reliquis
818 655 943 719 quatuor
998 644 1032 699 ab
1047 647 1209 715 apostolatu
1231 661 1291 699 non
1312 645 1425 715 dejecit,
1451 661 1536 717 quem
1562 651 1628 700 ante
1651 645 1779 716 seipsum
1795 662 1845 702 ue·

90 750 277 789 veneramur:
294 735 361 805 quia
383 735 474 807 ipsum
500 741 662 808 sequentes,
685 742 796 792 caterae
822 738 852 791 in
873 752 942 791 cun·
998 748 1065 804 gare
1082 733 1223 806 praedirit.
1244 733 1306 788 Tibi
1321 734 1393 799 baeo,
1408 733 1449 788 lili
1471 733 1647 800 charissime,
1661 734 1747 802 dicta,
1763 734 1846 791 suffi-

91 824 143 878 ctis
168 823 316 877 sententiis
336 825 486 879 unanimes
501 825 684 879 concordant.
697 825 757 879 >Nos
779 842 847 897 ergo
867 841 943 896 prae·

91 912 224 967 cedentes
240 913 335 967 Patres
358 913 521 984 sequimur:
539 913 607 985 quia
618 919 743 982 ,auctore
759 915 818 968 Deo
834 928 944 969 asacra

92 1000 224 1055 doctriua
242 1002 358 1056 illorum
375 1018 432 1056 non
454 1003 658 1058 discordamus.
680 1008 704 1058 Α
729 1003 821 1074 capite
846 1004 943 1074 itaque

91 1089 275 1160 incipIentes,
307 1106 395 1161 usque
428 1091 458 1145 iu
490 1097 625 1162 quartum
653 1092 751 1146 aitaris
780 1092 943 1146 ministrum

91 1177 166 1232 hauc
180 1177 301 1232 formam
327 1180 495 1234 servandam
523 1181 737 1250 cognoscImus:
752 1185 784 1235 ut
803 1180 872 1250 quia
885 1179 944 1234 mi-

93 1281 196 1320 norem
221 1267 312 1335 major
336 1267 481 1336 praecedit,
498 1268 571 1322 sicut
589 1268 698 1323 bonore
720 1272 763 1323 est
781 1268 883 1339 major,
904 1267 945 1321 ita

92 1353 132 1406 sit
146 1352 177 1406 iu
191 1352 322 1420 crImine,
342 1359 370 1407 et
384 1369 470 1425 quern
486 1355 579 1426 major
593 1355 722 1426 sequitur
742 1353 835 1424 culpa,
852 1353 945 1424 major

999 821 1084 890 ciant,
1101 822 1226 876 utillum
1243 838 1328 892 quem
1352 821 1493 892 conspicis
1519 822 1622 876 delicta
1646 822 1716 878 iletu
1738 822 1844 890 delere,

998 910 1028 965 iu
1048 916 1201 981 conspectu
1219 910 1377 965 DIvIniiatIs
1401 927 1459 965 non
1486 909 1598 964 dubites
1619 911 1845 967 misericordiam

999 999 1153 1071 consequi:
1172 997 1368 1069 quianullum
1393 1002 1556 1069 peccantem
1578 1014 1724 1053 reversum
1751 999 1846 1070 despi·
1923 983 1930 998 ⁴

999 1088 1046 1153 cit,
1073 1088 1124 1159 qui
1151 1092 1314 1158 peccatores
1337 1087 1477 1157 sanguine
1510 1103 1561 1139 suo
1588 1087 1729 1141 redImere
1755 1087 1844 1142 venit.

999 1178 1071 1232 Hinc
1090 1176 1176 1230 etiarn
1199 1181 1228 1230 et
1251 1175 1351 1231 beatus
1364 1175 1542 1246 Augustinus
1556 1175 1590 1229 ad
1610 1177 1726 1230 Petrum
1749 1175 1845 1230 diaco·

1000 1280 1069 1320 num
1089 1265 1123 1319 de
1138 1265 1195 1319 tide
1209 1265 1345 1331 scribens,
1368 1265 1423 1319 ait:
1440 1264 1525 1318 Omni
1538 1264 1651 1318 homiui
1667 1263 1697 1318 iu
1713 1264 1765 1318 hac
1789 1264 1848 1318 vita

1000 1370 1060 1408 esse
1076 1358 1168 1425 potest
1181 1353 1260 1412 utilis
1276 1353 1455 1424 paenitentia,
1475 1369 1562 1424 quarn
1581 1368 1755 1423 quocunque
1770 1357 1846 1406 tem-

998 1458 1070 1508 pore
1091 1442 1178 1496 homo
1193 1442 1293 1512 egerIt,
1309 1440 1468 1512 quamlibet
1481 1441 1607 1512 imquus,
1624 1440 1783 1512 quamlibet
1796 1456 1847 1495 an·

1000 1546 1097 1595 nosus,
1122 1530 1146 1583 si
1169 1535 1229 1584 toto
1252 1529 1336 1586 corde
1360 1531 1573 1584 renunciaverit
1596 1530 1718 1601 peccatis
1742 1532 1847 1599 prsete-

93 1442 120 1495 ei
133 1440 296 1512 implicetur
318 1442 459 1497 vindicta:
485 1448 514 1497 et
527 1444 567 1497 sic
585 1448 685 1512 postea
701 1442 869 1514 punitentia
883 1457 943 1495 cre·

95 1530 181 1585 datur
205 1546 264 1584 esse
288 1530 442 1586 fructuosa.
472 1532 546 1597 Quid
571 1533 648 1586 cuim
677 1532 793 1603 prodest
817 1530 944 1585 triticum

94 1619 279 1674 seminarent
293 1619 416 1674 fructum
428 1620 506 1675 illius
516 1636 576 1674 non
590 1620 744 1691 colligere?
756 1621 814 1675 Aut
825 1618 944 1673 domum
960 1663 980 1717 Β
1001 1617 1072 1684 ritis,
1084 1621 1112 1672 et
1126 1633 1179 1688 pro
1197 1618 1238 1672 cis
1257 1618 1287 1672 in
1301 1623 1453 1689 conspectu
1475 1618 1534 1685 Dei,
1555 1635 1613 1672 non
1634 1618 1727 1673 solum
1741 1633 1847 1689 corpo-

94 1712 272 1773 construere,
293 1713 321 1762 et
342 1725 399 1764 non
414 1709 472 1763 illic
485 1710 624 1765 habitare.
647 1711 713 1764 Post
734 1709 852 1780 diguam
866 1707 944 1762 enim
1000 1707 1048 1775 ris,
1065 1707 1113 1761 sed
1136 1707 1221 1762 etiam
1247 1706 1340 1760 cordis
1354 1707 1493 1777 lacrymas
1517 1707 1633 1772 fuderit,
1662 1707 1847 1761 etmalorum

94 1795 329 1863 satisfactionem,
355 1797 499 1852 credimus
525 1814 607 1868 posse
629 1797 723 1852 redIrs
739 1798 775 1852 ad
790 1799 942 1852 honorem:
1000 1812 1122 1867 operum
1145 1795 1369 1851 maculasbonis
1397 1796 1532 1866 operibus
1557 1795 1667 1850 diluere
1695 1793 1848 1855 curaverit,

92 1884 235 1954 Propheta
252 1886 377 1940 dicente:
406 1887 542 1957 Nunquid
565 1887 615 1956 qui
646 1886 721 1940 cadit
748 1902 806 1940 non
831 1883 946 1953 adjiciet
1001 1884 1132 1938 omnium
1147 1889 1327 1956 peccatorum
1340 1884 1552 1955 indulgentiam
1568 1900 1634 1938 mox
1648 1883 1773 1938 babebit.
1792 1884 1849 1938 Iioc

93 1978 128 2026 ut
156 1973 306 2042 resurgat?
322 1978 350 2027 et
379 1975 429 2045 qui
456 1990 572 2028 aversus
600 1979 653 2041 est,
681 1990 740 2029 uon
766 1972 945 2027 revertetur?
1000 1972 1077 2026 euim
1093 1973 1176 2027 nobis
1204 1972 1342 2027 Dominus
1369 1972 1538 2043 prophetico
1553 1971 1697 2043 promittit
1721 1971 1848 2043 eloquio,

92 2059 174 2114 Idem
189 2067 218 2115 et
247 2061 387 2130 peccatori
413 2062 466 2116 ait:
483 2065 514 2118 ln
537 2078 708 2134 quacunque
729 2062 774 2117 die
792 2077 945 2115 conversus
1000 2061 1112 2116 dicens:
1141 2060 1169 2116 si
1185 2076 1337 2116 conversus
1365 2059 1464 2124 fueris,
1490 2065 1518 2114 et
1541 2060 1727 2131 ingemuerIs,
1753 2060 1849 2114 salvus

90 2146 283 2219 ingemueris,
300 2152 474 2204 tuncsatvus
494 2150 559 2205 eris.
587 2152 666 2206 Unde
684 2150 943 2207 etPsaImistaait:
1001 2149 1065 2204 eris.
1081 2150 1114 2204 Et
1129 2150 1186 2204 alio
1207 2150 1271 2203 loco
1285 2147 1403 2203 dicitur:
1428 2148 1489 2210 FiII,
1517 2147 1849 2219 peccasti;.ueadjicias

89 2236 150 2291 Cor
179 2237 320 2291 mundum
348 2253 412 2292 crea
439 2238 469 2293 in
497 2255 543 2292 me
569 2240 652 2306 Deus,
682 2239 814 2310 spiritum
834 2242 946 2293 rectum
1000 2238 1116 2305 iterum,
1128 2239 1177 2293 sed
1190 2243 1220 2292 et
1234 2238 1270 2294 de
1285 2236 1438 2309 praeteritis
1454 2237 1620 2307 deprecare,
1638 2242 1670 2290 nt
1683 2235 1735 2291 tibi
1751 2235 1848 2291 dimIt·

90 2322 201 2378 innova
223 2325 254 2378 in
273 2324 428 2380 visceribus
452 2327 533 2382 meis.
563 2329 604 2382 Ns
627 2328 761 2398 projicies
783 2326 946 2381 meaiacie
1000 2331 1108 2382 tantm.
1134 2327 1287 2399 Nunquam
1308 2324 1437 2397 peccanti
1457 2331 1531 2380 esset
1545 2324 1653 2379 indicta
1667 2340 1719 2394 pro
1749 2339 1851 2395 pecca·

91 2416 201 2482 tua„et
224 2413 359 2483 spirltum
380 2420 509 2469 sanctum
540 2419 623 2470 tuum
652 2433 689 2471 ne
710 2415 822 2472 auferas
848 2432 865 2469 a
887 2431 943 2470 me.
1001 2416 1037 2471 tis
1058 2417 1229 2486 deprecatio,
1244 2415 1268 2470 si
1281 2413 1447 2485 deprecanti
1465 2430 1524 2468 non
1547 2412 1763 2469 essetremissio
1778 2429 1849 2467 con·

93 2500 169 2554 Dum
195 2501 273 2555 euim
298 2502 381 2571 petiit
407 2519 443 2557 ue
468 2520 484 2557 a
507 2506 564 2559 Deo
588 2504 779 2575 projiceretur
794 2520 846 2574 pro
872 2503 945 2574 lapsi
1000 2504 1136 2559 cedenda.
1152 2505 1208 2561 Sed
1231 2505 1318 2559 etiam
1345 2502 1514 2574 poenitentia
1528 2503 1670 2574 peccatori
1699 2507 1850 2573 tuncpro·

91 2588 188 2659 culpa,
203 2589 328 2644 alienam
337 2590 444 2662 quippe
460 2607 507 2646 rex
522 2592 606 2647 sImul
623 2583 651 2648 et
665 2592 804 2664 propheta
816 2592 945 2662 rapuisse
1000 2592 1072 2660 dest,
1098 2593 1121 2646 si
1142 2609 1206 2647 eam
1230 2593 1261 2646 in
1282 2593 1406 2646 Ecclesia
1428 2592 1567 2645 catholica
1592 2596 1684 2662 gerat,
1706 2590 1753 2646 cui
1775 2591 1849 2645 Deus

92 2691 124 2729 se
141 2692 259 2732 uxorem
282 2679 464 2734 tremefactus
490 2682 612 2751 expavit,
641 2682 782 2753 propheta
800 2681 945 2736 indIcante
1000 2681 1031 2736 in
1058 2698 1180 2754 persona
1194 2681 1271 2736 beati
1296 2680 1373 2736 Petri
1400 2679 1518 2751 ligandi,
1544 2680 1731 2751 solvendique
1746 2677 1850 2734 tribuit

92 2763 236 2834 IiagitIum
262 2782 357 2832 suum,
378 2769 578 2838 paenitentiam
593 2771 687 2840 {egens
704 2769 825 2825 addida:
846 2769 946 2824 Iledde
1000 2775 1183 2842 potestatem,
1212 2770 1325 2824 diceus:
1352 2768 1595 2840 QumaIIIgaveris
1618 2783 1704 2840 super
1729 2770 1848 2833 terram,
1910 2767 1912 2771 ’

92 2851 309 2908 mihitaetitiam
325 2855 569 2923 satutaristui,et
587 2858 690 2929 spIritu
715 2858 942 2929 prinpralicon·
1000 2860 1227 2928 eruntligataet
1250 2857 1382 2913 incoeIIs.
1410 2858 1444 2910 Et
1457 2873 1638 2929 «quaecunque
1667 2855 1786 2911 solveris
1800 2870 1847 2909 su·

91 2937 178 2993 firma
202 2956 256 2995 me.
281 2941 310 2997 Si
330 2942 407 2996 enim
432 2943 492 3014 ipse
519 2944 637 3016 diguam
663 2946 721 3000 Deo
746 2944 946 3016 poeniteutiam
963 2941 983 2997 C
1001 2955 1183 3019 parternum,
1210 2953 1296 3002 erunt
1319 2947 1412 3002 soluta
1426 2949 1455 2999 et
1469 2946 1499 3001 in
1514 2947 1600 3002 coelis.
1621 2947 1653 3002 In
1678 2959 1849 3018 quacunque

90 3042 152 3081 non
166 3027 289 3096 iecisset,
305 3046 489 3102 nequaquam
504 3032 566 3088 aIIIs
580 3033 758 3104 predicaret.
779 3033 827 3089 Ait
850 3033 942 3087 enim:

92 3115 207 3169 Docebo
219 3116 334 3188 iniquos
345 3119 403 3172 rras
413 3123 484 3181 tuas.
500 3125 530 3173 et
544 3119 626 3190 impii
643 3120 676 3175 ad
686 3124 713 3174 te
729 3125 941 3175 convertentur.

91 3204 167 3258 Dum
182 3205 260 3259 enim
284 3211 400 3276 peccata
428 3223 480 3261 sua
492 3209 639 3281 prospexit
655 3209 795 3280 propbeta
808 3210 946 3264 mundata

89 3307 145 3362 per
157 3293 369 3363 paenitentiam,
385 3311 443 3349 non
453 3296 595 3352 dubitavit
608 3298 791 3369 praedicando
806 3298 945 3370 castigare

90 3379 200 3435 aliena:
220 3387 249 3436 et
263 3382 303 3436 sic
325 3383 497 3439 sacrificium
511 3385 546 3439 de
567 3386 661 3456 seipso
689 3386 792 3441 offerre
807 3387 866 3441 Deo
886 3392 945 3441 stu·

90 3468 156 3523 duit
179 3486 244 3524 cum
268 3471 394 3526 dicebat:
422 3472 599 3528 Sacrificium
625 3477 682 3530 Deo
702 3474 819 3545 spiritus
838 3474 945 3528 contri·

89 3556 218 3614 bulatus.
238 3559 280 3614 Ad
297 3560 357 3614 baec
371 3561 426 3616 ista
440 3560 618 3618 srrlticerent:
642 3564 691 3618 sed
709 3563 803 3617 omnis
832 3567 945 3617 senten·

89 3646 132 3700 tis
141 3661 198 3717 quo
210 3647 274 3716 plus
288 3664 375 3702 sacrm
389 3648 544 3720 ScrIpturae
556 3650 727 3705 testimoniis
749 3650 944 3718 confirmatur,

88 3733 204 3789 facilius
218 3734 352 3791 creditur.
370 3739 409 3792 De
435 3738 490 3792 hoc
505 3739 582 3793 enirn
607 3740 750 3811 propheta
769 3739 855 3794 dicit:
874 3739 945 3793 Noto

90 3828 214 3878 mortem
239 3825 405 3895 peccatoris,
430 3827 480 3881 sed
502 3831 533 3882 ut
556 3832 738 3883 convertatur
752 3831 781 3883 et
795 3828 881 3882 vivat.
907 3829 946 3883 De

999 3036 1088 3106 igitur
1099 3038 1186 3091 homo
1201 3040 1284 3091 aetate
1300 3051 1397 3090 veram
1419 3040 1603 3108 peccatorum
1622 3048 1740 3088 snorum
1756 3030 1849 3103 preni-

999 3125 1118 3179 teutiam
1142 3125 1243 3194 egerit,
1273 3130 1302 3181 et
1334 3128 1421 3182 vitam
1448 3143 1541 3192 suam,
1569 3126 1626 3180 Deo
1655 3120 1848 3188 illumiuante,

999 3213 1164 3278 correxerit,
1175 3229 1234 3268 non
1249 3213 1409 3285 privabitur
1424 3213 1611 3285 Indulgentiae
1627 3225 1763 3279 munere:
1781 3207 1850 3280 quia

1000 3303 1084 3368 Deus,
1107 3301 1180 3356 sicut
1200 3318 1253 3373 per
1279 3291 1449 3377 prophe'tam
1468 3304 1545 3368 dIcit,
1563 3317 1622 3355 non
1648 3299 1708 3353 vult
1727 3301 1849 3352 mortem

1000 3389 1159 3456 morientis,
1191 3395 1331 3461 qnantum
1348 3396 1379 3447 ut
1404 3396 1599 3446 revertatura
1625 3388 1670 3441 via
1692 3401 1744 3439 sua
1763 3384 1850 3452 mela,

1000 3481 1029 3531 st
1042 3477 1117 3531 vivat
1130 3478 1226 3532 anima
1250 3480 1321 3550 ejus.
1348 3480 1551 3534 Verumtamen
1577 3476 1674 3530 nullus
1696 3472 1849 3527 hominum

999 3563 1085 3619 debet
1107 3564 1159 3619 sub
1184 3580 1234 3634 spe
1258 3566 1461 3622 misericordiae
1479 3566 1537 3632 Dei,
1552 3564 1582 3618 in
1597 3563 1656 3617 suis
1676 3559 1783 3615 diutius
1809 3575 1852 3613 re·

1000 3668 1116 3707 manere
1141 3653 1273 3723 peccatis,
1293 3670 1359 3709 cum
1382 3655 1469 3709 etiam
1485 3655 1514 3708 in
1542 3652 1604 3722 ipso
1622 3663 1741 3719 corpore
1762 3663 1849 3702 neruo

999 3740 1316 3812 vetitsubspeiuturae
1331 3743 1428 3798 salutis
1457 3741 1565 3797 diutius
1593 3740 1741 3810 aegroture.
1768 3736 1850 3791 Tales

1000 3829 1076 3883 enim
1092 3829 1143 3901 qui
1169 3830 1204 3885 ab
1225 3830 1426 3904 Iniquitatibus
1452 3830 1510 3884 suis
1530 3828 1662 3884 recedere
1686 3825 1848 3897 negligunt,

88 3911 145 3965 hoc
176 3914 360 3983 peccantibus
394 3915 509 3969 dicitur:
541 3917 674 3972 Peccator
710 3917 741 3972 In
773 3931 945 3989 quacunque
1000 3917 1144 3973 etsibide
1165 3920 1221 3974 Deo
1237 3918 1447 3991 indulgentiam
1471 3917 1686 3989 repromittunt,
1713 3927 1850 3969 nonnun-

89 3998 137 4053 die
148 4016 301 4056 conversus
328 4002 513 4074 ingemuerit,
528 4021 628 4060 omnes
646 4004 812 4077 iniquitates
835 4006 896 4077 ejus
914 4005 945 4060 in
1000 4021 1087 4077 quam
1102 4007 1142 4061 ita
1154 4008 1368 4077 praeveniuntur
1383 4009 1534 4079 repentino
1556 4006 1607 4062 Dei
1621 4005 1727 4069 furore,
1749 4007 1780 4057 nt
1797 4016 1851 4056 nec

89 4086 266 4143 obIIviouem
281 4091 444 4147 uaduntur.
469 4091 498 4147 Si
528 4092 606 4147 enim
634 4094 808 4164 Redemptor
838 4098 943 4161 noster,
999 4096 1194 4150 conversionis
1208 4102 1332 4168 tempus,
1347 4113 1400 4153 nec
1420 4096 1593 4152 beneficium
1608 4092 1786 4150 remissionis
1800 4091 1847 4145 in·

89 4175 141 4247 qui
155 4183 317 4246 peccatores
346 4181 540 4250 nonperdere
560 4182 608 4236 sed
630 4181 787 4252 justificare
811 4182 944 4252 venit,in
965 4184 1126 4274 Dveniant.
1157 4185 1222 4240 Ideo
1249 4202 1486 4258 unumquemque
1502 4197 1631 4240 nostrum
1660 4187 1756 4236 sancta
1777 4178 1850 4235 Scri·

89 4264 235 4321 oblivione
250 4269 945 4343 peccantiumdetictareIInquit,quishomInnm
1000 4277 1084 4344 ptura
1116 4272 1241 4345 benigne
1274 4281 1447 4346 premonet,
1485 4275 1596 4329 diceus:
1626 4274 1665 4326 Ne
1694 4267 1850 4324 tardaveris

88 4354 309 4410 condemnanda
339 4362 475 4425 reservet,
511 4375 576 4415 cum
608 4360 762 4431 Apostolus
797 4360 886 4416 dicat:
916 4360 945 4414 Si
1000 4359 1125 4415 converti
1138 4361 1174 4417 ad
1187 4362 1353 4432 Dominum,
1366 4367 1394 4418 et
1405 4380 1441 4419 ne
1464 4363 1577 4418 ditiores
1591 4362 1626 4416 de
1642 4359 1687 4415 die
1702 4357 1732 4413 in
1755 4356 1847 4411 diem:

89 4442 325 4513 Deusjustiiicat,
345 4445 410 4517 quis
424 4451 468 4502 est
490 4447 540 4518 qui
560 4449 752 4503 condemnet?
771 4449 811 4504 Ad
836 4448 944 4503 iontem
999 4448 1094 4503 subito
1110 4449 1188 4504 enim
1204 4451 1300 4507 vemet
1321 4452 1363 4507 ira
1385 4453 1457 4523 ejus,
1481 4457 1510 4506 et
1523 4452 1553 4506 iu
1568 4456 1698 4521 tempore
1718 4445 1849 4502 vindictae

89 4530 296 4589 misericordiae
323 4540 513 4602 recurrentes,
544 4538 740 4608 Evangelicam
767 4537 945 4608 proferamus
1000 4537 1197 4608 disperdetis.
1213 4539 1286 4594 Dicit
1309 4541 1510 4595 etiambeatus
1538 4538 1641 4595 David:
1660 4535 1747 4591 liudis
1757 4535 1781 4588 si
1795 4550 1849 4588 vo·

89 4619 274 4674 sententiam.
291 4622 424 4678 Gaudebo
447 4625 522 4694 plus,
537 4624 642 4697 iuquit,
665 4641 752 4697 snper
771 4641 945 4696 unopecca·
999 4641 1061 4681 cem
1090 4627 1325 4697 ejusandIeritis,
1352 4629 1440 4684 notite
1464 4629 1606 4683 obdurare
1632 4625 1717 4679 corde
1745 4626 1847 4676 vestra.

88 4712 153 4762 tore
168 4709 367 4779 poenitentiam
383 4719 496 4783 agente,
513 4730 600 4785 quarn
621 4731 708 4785 snper
723 4715 880 4785 nonaginta
896 4729 946 4768 no·
999 4714 1053 4770 Cui
1076 4715 1176 4770 beatus
1203 4732 1320 4788 quoquc
1347 4716 1451 4771 Paulus
1480 4715 1634 4770 concordat
1662 4711 1707 4766 his
1733 4708 1847 4764 verbis:

88 4811 155 4851 vern
168 4797 254 4866 justis
268 4799 318 4870 qui
329 4815 389 4854 non
398 4800 528 4869 indigent
542 4803 718 4873 poeuiieutIa.
736 4804 770 4858 Et
787 4818 867 4857 orem
882 4818 946 4873 per·

88 4883 192 4947 ditum,
208 4887 366 4957 nonagima
381 4904 483 4943 norem
497 4906 557 4944 uon
576 4891 739 4946 errantibus
757 4891 874 4958 relictis,
890 4891 943 4946 bu·

89 4988 171 5028 mero
185 4974 222 5029 ad
236 4975 309 5029 ovile
330 4977 493 5047 reportavit.
510 4979 539 5034 si
562 4979 621 5033 ovis
645 4996 744 5034 errans
763 4985 828 5051 post
843 4981 942 5035 inven-

88 5062 210 5127 tionem,
231 5063 266 5117 ad
289 5064 363 5121 ovile
388 5066 508 5120 humero
536 5072 709 5138 reportatur,
729 5083 780 5122 cur
803 5069 856 5123 iste
880 5072 945 5139 post

89 5150 290 5219 poenitentiam
320 5154 355 5208 ad
383 5155 513 5209 Ecclesia
532 5155 725 5210 ministerium
746 5172 805 5212 nou
826 5172 944 5212 revoce-

88 5241 158 5294 tur?
171 5239 244 5304 Quid
264 5245 307 5297 est
321 5257 389 5313 ergo
405 5243 519 5313 gravius
543 5245 658 5299 carnale
679 5245 815 5300 delictum
838 5245 942 5300 admit·

999 4804 1108 4872 Videte,
1135 4804 1246 4869 fratres,
1273 4821 1308 4859 ne
1336 4804 1408 4859 forte
1436 4805 1472 4859 sit
1498 4804 1527 4857 in
1546 4803 1641 4875 aliquo
1662 4808 1849 4852 vestrumcor

998 4893 1106 4947 malum
1123 4892 1332 4947 incredulitatis
1347 4892 1512 4948 discedendi
1528 4910 1542 4946 a
1560 4893 1616 4946 Deo
1636 4889 1711 4952 vivo,
1728 4885 1777 4940 sed
1798 4887 1847 4941 ad·

998 4980 1154 5035 hortamini
1169 4981 1356 5052 vosmetipsos
1377 4997 1429 5050 per
1442 4981 1570 5052 singulos
1592 4979 1663 5043 dies,
1687 4977 1777 5031 donec
1792 4973 1848 5028 bo-

999 5070 1045 5124 die
1068 5069 1299 5140 cognominatur,
1316 5072 1420 5124 utnon
1436 5069 1593 5125 obduretur
1621 5070 1685 5138 quis
1707 5081 1739 5120 ex
1767 5065 1849 5120 vobis

998 5157 1109 5212 fallacia
1126 5158 1243 5228 peccati.
1267 5157 1414 5214 Obdurato
1438 5159 1528 5230 igitur
1550 5157 1618 5211 vivit
1631 5158 1727 5225 corde,
1743 5159 1793 5231 qui
1817 5175 1847 5212 se

999 5263 1056 5300 non
1070 5247 1221 5312 convertit,
1242 5247 1397 5319 desperans
1408 5248 1443 5302 de
1458 5245 1636 5317 indulgentia
1652 5251 1844 5316 peccatorum,

88 5327 481 5398 teresiuequononmulti,
504 5332 650 5403 sedpauci
672 5333 870 5402 inveniuntur,
894 5339 943 5390 aut
997 5335 1056 5389 sive
1079 5335 1130 5406 qui
1159 5335 1199 5389 sic
1225 5335 1449 5391 misericordiam
1484 5335 1532 5390 Dei
1560 5340 1666 5405 sperat,
1699 5335 1846 5407 usquein

89 5416 141 5470 Dei
164 5416 265 5472 Filium
288 5418 415 5475 timendo
436 5422 567 5491 negare?
584 5422 616 5476 In
636 5437 693 5493 quo
707 5428 824 5493 peccato
846 5423 941 5492 ipsum
998 5423 1084 5477 tinem
1110 5423 1174 5477 viter
1199 5423 1356 5494 praesentis,
1373 5424 1402 5476 iu
1420 5439 1535 5477 suorum
1552 5421 1704 5477 criminum
1728 5439 1845 5492 perrer-

88 5502 206 5560 beatum
227 5507 388 5579 principem
415 5510 612 5580 apostolorum
643 5512 770 5578 Petrum,
797 5511 833 5566 ad
861 5512 943 5582 cuins
997 5512 1079 5566 sitate
1104 5516 1260 5567 remaneat.
1292 5511 1413 5566 Proinde
1438 5510 1592 5583 dtligentes
1615 5509 1843 5593 misericordiam
