3878 6112
86 262 134 315 in
179 232 182 236 ’
424 253 435 272 ‘
625 253 829 312 eunonium
849 251 1115 308 woantciansis
1134 248 1302 307 rurscam.
1783 252 1843 313 ,ne

87 384 163 457 quod
178 380 424 452 magnadistantia
436 383 478 434 est
488 378 563 434 inter
576 379 736 450 legitimam
761 377 973 449 principem,A
992 374 1142 446 episcopos
1156 378 1218 428 tota
1232 372 1321 427 animi
1336 372 1441 428 virtute
1457 373 1588 445 diligere,
1599 377 1633 428 ut
1649 374 1748 428 oculos
1764 389 1843 440 suos,

87 477 116 526 et
129 470 298 524 seditiosum
321 475 474 540 tyrannum
493 468 592 523 :iuter
615 484 682 522 eum
706 469 755 540 qui
771 467 936 522 subvertere

86 557 190 614 nititur
204 557 373 612 Christianae
386 557 463 626 pacis
481 555 727 628 tranquillitatem,
746 561 774 611 et
788 555 870 609 illum
888 551 939 625 qui

88 645 176 703 armis
190 651 287 700 contra
301 644 482 716 iniquitatem
494 651 583 699 certat
593 644 746 701 defendere
756 643 934 716 aequitatem.

89 753 153 809 Car.
169 752 260 807 XXIV.
274 782 308 790 —
324 753 365 806 De
378 752 436 806 iltis
448 756 496 820 qui
509 751 542 805 de
556 751 778 806 homicidiorum
795 751 937 819 infamati,

406 824 433 877 si
450 825 618 889 necaverint.

125 913 180 983 (Ec
199 914 310 967 concilio
333 915 478 977 Toronen,
507 912 595 981 cupite
620 911 657 978 2.)
688 909 740 965 Ubi
757 908 938 964 manifestari

88 1006 184 1072 potest
206 999 364 1072 quemlibet
378 997 528 1052 hominem
554 1004 733 1069 perpetrasse
748 996 938 1051 homicidium

89 1090 246 1146 secundum
261 1088 429 1143 canonicam
454 1089 663 1155 auctoritatem,
679 1086 855 1156 condignum
877 1099 938 1155 poe-

90 1177 218 1234 nitentiee
231 1176 374 1248 judicium
388 1176 429 1231 illi
445 1175 604 1245 ingeratur.
619 1175 647 1230 Si
663 1180 759 1230 autem
779 1171 938 1228 manifestis

88 1266 202 1321 indiciis
224 1267 282 1319 nou
310 1270 404 1335 potest
421 1264 537 1335 probari
565 1270 634 1318 cunt
657 1262 832 1318 homicidam
865 1276 937 1326 esse,

87 1370 140 1408 nec
151 1354 212 1424 ipse
226 1353 287 1406 vult
305 1352 446 1418 confiteri,
463 1351 668 1422 omnipotentis
684 1351 733 1408 llei
753 1350 863 1421 judicio
891 1348 937 1403 cui

89 1441 187 1494 omnia
206 1440 315 1495 occulta
328 1440 478 1494 manifesta
492 1445 568 1504 suut,
594 1444 778 1493 reservetur:
795 1437 822 1492 ei
840 1445 937 1491 tamen

88 1529 231 1584 indicetur
250 1527 395 1598 publices
420 1527 599 1598 presbytero,
629 1529 707 1598 quod
734 1529 937 1581 communione

89 1617 277 1671 ecclesiastica
288 1616 424 1686 indiguus
435 1616 481 1682 sit,
498 1621 525 1670 et
544 1632 576 1669 ea
598 1631 694 1670 carere
712 1615 823 1680 debeat,
848 1615 938 1667 donec

89 1710 285 1775 perpetratum
313 1704 421 1758 crimen
447 1704 629 1770 cantitentur,
654 1709 682 1758 et
708 1720 759 1775 per
788 1704 938 1758 contessio-

90 1809 167 1859 nem,
184 1799 212 1847 et
226 1808 278 1863 per
301 1792 502 1862 paenitentiam
517 1792 700 1863 condignam,
728 1792 762 1847 ab
777 1791 830 1846 hoc
841 1792 937 1847 crimi-

89 1897 126 1936 ne
136 1897 165 1934 se
181 1882 326 1935 absolvere
341 1885 439 1934 certet.

93 1970 156 2026 Car.
169 1970 244 2024 XXV.
266 1999 301 2009 —
317 1971 353 2023 De
381 1971 491 2034 insano,
506 1971 532 2023 si
545 1968 719 2023 homicidium
731 1971 942 2038 perpetraverit·

126 2058 296 2128 (Eaeeodem,
323 2059 411 2125 capite
433 2058 471 2125 7.)
501 2057 612 2126 siquis
639 2056 786 2110 insaniens
812 2057 939 2128 aliquem

90 2147 235 2210 occiderit,
265 2145 288 2197 si
312 2144 347 2199 ad
370 2160 469 2198 senam
496 2150 623 2198 mentem
645 2145 818 2215 pervenerit,
848 2145 939 2200 levior

90 2231 117 2285 ei
143 2229 313 2300 poenitentia
339 2228 515 2300 imponenda
539 2235 595 2290 est,
622 2244 709 2299 quem
735 2229 762 2284 ei
790 2229 841 2300 qui
870 2245 939 2285 sana

89 2323 185 2374 mente
198 2320 254 2372 tale
266 2317 336 2389 quid
352 2317 537 2372 commiserit.
554 2317 605 2372 Cui
625 2318 755 2388 quamvis
771 2318 940 2389 paenitentia

90 2407 127 2462 sit
150 2407 337 2477 imponenda,
360 2407 427 2478 quia
446 2405 600 2460 infirmitas
621 2422 707 2461 causa
721 2406 832 2476 peccati
853 2405 941 2460 tuisse

90 2496 237 2551 eraditur:
260 2501 372 2549 tautum
391 2499 487 2549 tamen
511 2495 613 2560 lenior,
634 2511 721 2565 quam
746 2495 773 2549 ei
787 2495 838 2567 qui
851 2510 939 2550 sanus

92 2584 216 2656 aliquem
232 2583 377 2655 occiderit,
402 2587 542 2654 quantum
555 2582 632 2637 iuter
645 2599 747 2639 senum
763 2588 791 2638 et
803 2584 938 2639 insanum

92 2678 120 2728 et
146 2672 344 2728 irrationabile
372 2688 388 2726 a
415 2670 580 2726 rationabili
607 2676 722 2727 constat
748 2688 810 2727 esse
840 2672 940 2727 discri-

92 2763 187 2816 minis.

96 2851 161 2907 Car.
191 2851 278 2906 XXVI.
304 2881 339 2890 —
359 2853 395 2905 lie
419 2850 477 2904 iltis
488 2852 545 2973 'goi
556 2851 694 2974 toeneficio
708 2850 856 2905 homicidio
870 2865 941 2904 com-

454 2936 492 2974 me
517 2935 576 2975 un.

128 3014 182 3079 (lle
210 3009 323 3065 concilio
359 3009 494 3074 Etibcrit,
523 3010 612 3077 cupite
640 3007 680 3078 ὅ.)
720 3008 749 3064 Si
779 3009 845 3081 quis
872 3025 939 3064 vero

90 3097 229 3153 veneficio
244 3096 418 3151 interfecerit
435 3097 567 3164 alterum,
588 3112 622 3151 eo
638 3097 715 3167 quod
736 3096 797 3152 siue
821 3097 941 3152 idolola-

91 3187 148 3243 tria
162 3186 299 3257 perticere
327 3185 418 3239 scelus
432 3199 492 3237 nou
507 3184 613 3254 potuit,
630 3184 686 3239 uisi
700 3185 731 3240 iu
745 3185 803 3239 tine
836 3185 941 3256 imper·

93 3273 222 3328 tiendum
233 3289 290 3326 non
305 3288 366 3326 esse
381 3271 424 3325 illi
435 3271 679 3327 communionem.

94 3381 159 3435 Car.
172 3379 274 3436 XXVll.
289 3409 325 3420 —
339 3382 377 3434 De
388 3379 435 3433 tito
447 3393 496 3447 per
510 3378 588 3447 cujus
613 3379 773 3435 deletionem
785 3381 887 3450 aliquis
902 3383 943 3436 in·

394 3452 522 3518 terfectus
540 3452 639 3516 fuerit.

129 3539 192 3606 (Ee
216 3537 316 3604 roden,
335 3541 424 3616 capite
455 3538 494 3607 t.)
521 3538 637 3592 Delator
661 3537 685 3592 si
714 3537 779 3609 quis
804 3539 944 3595 exstiterit

93 3627 195 3694 tidelis,
211 3631 240 3680 et
253 3641 306 3696 per
321 3625 494 3680 delationem
509 3626 571 3696 ejus
587 3625 691 3697 aliquis
703 3625 832 3681 fidelium
857 3628 944 3683 tuerit

93 3716 276 3787 praescriptus
290 3714 334 3769 vel
357 3714 532 3780 interiectus,
549 3714 658 3784 placuit
681 3730 815 3770 eumnon
829 3715 886 3771 uisi
913 3716 942 3771 in

993 465 1042 534 qui
1058 464 1132 518 oculi
1146 468 1212 517 sunt
1227 462 1354 528 illorum,
1368 477 1469 516 eorum
1489 463 1641 532 preceptis
1654 464 1685 517 iu
1709 461 1846 516 omnibns

993 553 1119 619 obedire,
1133 550 1256 606 etiamsi
1270 550 1326 620 ipsi
1342 549 1436 612 aliter,
1451 550 1528 621 qnod
1552 550 1635 610 absit,
1651 556 1738 620 agant
1755 567 1844 620 quam

993 641 1110 695 deceat:
1127 655 1269 694 memores
1283 638 1389 693 seilicet
1420 639 1498 693 illius
1527 638 1664 693 dominici
1686 640 1846 710 praecepti:

993 745 1058 800 qnae
1083 729 1193 793 dicunt,
1217 727 1325 782 facite:
1365 743 1430 798 quae
1467 733 1565 781 autem
1594 727 1712 795 iaciunt,
1751 728 1848 782 iacere

994 818 1093 873 notite.

995 908 1060 964 cae.
1076 907 1166 964 XXIX.
1181 937 1216 947 -
1232 905 1310 972 Quod
1338 904 1478 960 homicide
1504 905 1539 959 ab
1566 906 1749 960 ecclesiastica
1773 921 1848 960 com·

1216 979 1341 1031 munione
1355 979 1410 1031 sint
1427 976 1612 1031 submovendi.

1028 1068 1083 1138 (lia
1097 1068 1209 1122 concilio
1220 1067 1368 1135 Aprilem,
1384 1066 1541 1137 capitote.)
1558 1066 1655 1135 ltaque
1679 1065 1850 1119 censuimus

992 1154 1150 1209 homicidas
1179 1173 1194 1209 a
1222 1153 1425 1209 communione
1446 1153 1634 1207 ecclesiastica
1676 1153 1851 1207 submoven-

993 1244 1055 1310 dos,
1071 1243 1127 1297 nisi
1141 1243 1319 1315 poenitentia
1337 1241 1542 1312 satisfactione,
1570 1242 1695 1296 admissa
1723 1242 1850 1296 crimina

995 1331 1141 1386 diluerint.

1204 1420 1269 1476 Cer.
1285 1420 1357 1474 XXX.
1372 1449 1407 1459 -
1427 1420 1468 1474 De
1481 1419 1573 1474 eodem
1591 1434 1630 1473 re.

1029 1509 1085 1577 (Eu
1099 1509 1210 1563 concilio
1227 1509 1368 1570 Terrorem,
1398 1509 1487 1576 capite
1516 1504 1556 1576 7.)
1580 1505 1739 1561 Homicidia
1763 1506 1848 1577 peni-

993 1602 1040 1651 tus
1057 1612 1114 1650 non
1143 1595 1426 1663 communicandum,
1441 1595 1533 1649 donec
1558 1611 1611 1666 per
1632 1595 1848 1650 consessionem

992 1684 1172 1755 poenitentiae
1187 1685 1318 1755 ipsorum
1332 1683 1453 1737 crimina
1473 1683 1630 1738 diluantur.

993 1773 1058 1827 Cae.
1088 1772 1173 1826 XXXl.
1212 1801 1245 1810 -
1273 1774 1311 1826 lle
1346 1772 1402 1826 iltis
1425 1786 1540 1839 quorum
1561 1772 1673 1825 consitio
1699 1771 1848 1826 tanmem

1029 1914 1089 1982 (Ec
1103 1912 1185 1968 dictis
1210 1911 1340 1984 Auunci.)
1362 1845 1525 1968 Pisiiddlose
1550 1929 1580 1966 se
1608 1911 1771 1983 decipiunt,
1797 1913 1848 1984 qui

993 2002 1155 2055 existimant
1180 2018 1230 2056 eos
1253 2008 1365 2057 tantum
1403 2001 1564 2056 homicidas
1593 2017 1663 2067 esse,
1699 2000 1753 2071 qui
1785 2016 1845 2053 ma-

994 2090 1079 2145 nibus
1115 2090 1263 2145 homiuem
1299 2091 1441 2158 occidunt,
1477 2096 1507 2144 et
1546 2105 1604 2144 non
1651 2089 1751 2160 potius
1785 2105 1844 2151 eos,

993 2195 1046 2250 per
1062 2194 1184 2249 quorum
1214 2179 1381 2246 consilium,
1407 2185 1437 2234 et
1462 2179 1602 2243 fraudem,
1627 2177 1845 2232 etexhortatio·

994 2282 1061 2321 nem
1083 2266 1216 2323 homiues
1238 2267 1456 2338 extinguuntur.
1481 2268 1553 2322 Nam
1575 2267 1666 2321 ludaei
1689 2266 1846 2320 Dominum

994 2371 1178 2426 nequaquam
1214 2354 1340 2425 propriis
1368 2355 1503 2410 manibus
1531 2354 1747 2422 iuterfecerunt,
1775 2355 1847 2408 sicut

994 2443 1132 2513 scriptum
1148 2448 1191 2496 est
1206 2458 1212 2497 :
1226 2442 1313 2498 Nobis
1327 2443 1463 2497 nonlicet
1477 2442 1638 2497 interlicere
1654 2458 1844 2514 quemquam,

995 2532 1044 2587 sed
1060 2530 1228 2586 temeuillis
1245 2531 1358 2585 Domini
1386 2547 1463 2586 mors
1491 2532 1661 2602 imputatur,
1692 2531 1763 2602 quia
1791 2532 1847 2602 ipsi

996 2637 1063 2676 enm
1077 2620 1178 2691 lingue
1192 2618 1406 2687 crucifixerunt,
1430 2620 1577 2675 dicentes:
1601 2620 1744 2690 Crucitige
1768 2634 1847 2672 eum.

997 2709 1077 2764 Unde
1093 2725 1168 2763 nnus
1193 2707 1374 2779 Evangelista
1399 2708 1479 2775 dicit,
1500 2707 1657 2763 Dominum
1677 2707 1848 2763 crucifixum

996 2814 1057 2853 esse
1071 2799 1144 2852 hora
1157 2797 1252 2862 tertie,
1271 2797 1345 2852 alius
1369 2802 1469 2853 sexte:
1491 2798 1560 2869 quia
1582 2796 1674 2852 Judoei
1698 2798 1848 2852 crucifixe-

996 2890 1064 2940 runt
1081 2901 1148 2940 eum
1172 2885 1243 2939 hora
1266 2885 1350 2939 tertia
1376 2885 1485 2956 lingua,
1516 2886 1647 2940 manibus
1675 2885 1747 2939 hora
1772 2891 1849 2938 sexta

996 2973 1112 3029 milites.
1129 2973 1183 3037 Qui
1198 2987 1266 3042 ergo
1281 2972 1429 3027 hominem
1441 2973 1539 3040 tradit,
1552 2973 1600 3028 ille
1616 2989 1682 3028 eum
1699 2973 1847 3039 interficit,

995 3061 1117 3117 Domino
1146 3061 1284 3116 dicente:
1314 3061 1404 3131 liujus
1431 3068 1582 3132 peccatum
1600 3062 1697 3128 habet,
1725 3062 1777 3134 qui
1805 3078 1849 3115 me

993 3149 1112 3206 tradidit
1127 3149 1189 3204 tibi.
1205 3149 1284 3204 Unde
1297 3149 1448 3205 Psalmista
1464 3166 1470 3204 :
1499 3150 1562 3204 titii
1580 3150 1745 3215 homiuum,
1777 3151 1847 3205 dcu-

994 3241 1037 3293 tes
1053 3252 1247 3292 eorumarme
1273 3243 1302 3292 et
1330 3237 1451 3308 sagittae,
1477 3238 1584 3309 linguae
1611 3254 1712 3293 eorum
1738 3239 1849 3309 gladius

995 3331 1104 3382 acutus.
1143 3324 1302 3396 subjiciant
1341 3342 1409 3398 crgo
1450 3343 1480 3380 se
1504 3328 1691 3398 poenitentiae,
1725 3343 1847 3399 quorum

995 3415 1113 3470 consilio
1152 3414 1271 3486 sanguis
1297 3414 1437 3482 tunditur,
1472 3415 1497 3470 si
1539 3416 1653 3471 reniam
1688 3416 1849 3488 promereri

995 3502 1147 3559 voluerint.

997 3593 1061 3648 Cae.
1081 3592 1183 3649 XXXll.
1210 3622 1245 3630 -
1274 3593 1314 3648 De
1329 3593 1386 3648 iltis
1413 3594 1463 3661 qni
1480 3608 1532 3662 pro
1557 3593 1680 3649 vindmia
1703 3600 1848 3664 porcinum

1254 3663 1590 3719 homicidiacommittnnt.

1033 3752 1091 3822 (Ec
1112 3751 1302 3806 Ponitentioti
1328 3751 1470 3820 Tteodor.)
1492 3751 1546 3816 Qui
1568 3768 1621 3823 pro
1647 3752 1773 3808 vindicta
1795 3752 1849 3807 ira·

93 3803 151 3905 ime
168 3819 295 3902 ωροτε
311 3818 555 3903 c⁰¹f¹m⁰⁰¹⁰f¹⁰m
573 3802 602 3858 ⁵¹
627 3802 716 3902 ΜΨ
738 3819 824 3857 ⁰⁸⁰⁸⁸
844 3804 941 3903 fuerft’
995 3840 1056 3904 tris,
1073 3840 1256 3894 autaiiorum
1277 3845 1436 3909 parentum
1465 3840 1602 3895 occiderit
1627 3841 1850 3911 hominemne
1878 3881 1891 3893 .

93 3898 169 3948 intra
181 3908 414 3964 quinquennium
430 3907 558 3963 accipere
567 3906 802 3946 communionem
825 3897 940 3964 potent.
996 3927 1144 3999 poeniteat,
1161 3934 1192 3982 u,
1206 3926 1363 3983 homicidia
1375 3932 1477 3998 sponte
1505 3929 1668 3996 commissa,
1696 3946 1763 3984 cum
1791 3929 1850 3999 ipsa
1867 3950 1891 3982 A

94 3983 123 4039 Si
141 3982 363 4081 cfft⁰⁰h¹¹m⁰¹¹¹¹⁸
382 3981 480 4078 φθήῃ
504 3984 570 4051 p⁰⁵t
592 3979 787 4052 quinquennii
811 3984 943 4052 “mm
997 4015 1105 4069 Veritas
1120 4014 1194 4068 dicat
1210 4029 1216 4068 :
1235 4013 1300 4071 ttihi
1317 4013 1484 4082 vindictam,
1508 4019 1537 4070 ct
1551 4031 1620 4086 ergo
1645 4017 1815 4071 retribuam.

94 4071 263 4126 affluam
278 4069 312 4123 ad
327 4068 512 4138 h⁸p¹¹⁵m¹¹m'
997 4103 1061 4159 Cir.
1072 4103 1185 4181 XXXlll.
1195 4133 1229 4144 -
1244 4102 1286 4158 De
1300 4103 1347 4158 itte
1361 4105 1410 4171 eni
1420 4107 1532 4173 propter
1542 4104 1739 4174 cupiditatemi
1746 4105 1849 4161 odeum
1860 4121 1891 4156 s

95 4177 159 4232 Cer.
191 4175 304 4230 XXVlll.
320 4205 354 4213 —
372 4173 448 4241 Quod
459 4177 517 4228 triu
534 4188 633 4242 pcnerc
651 4175 706 4228 sint
733 4174 939 4230 homicidarum.
1333 4175 1514 4242 interfecerit.

131 4264 190 4335 (Ec
205 4264 319 4334 epistota
332 4264 473 4319 Cternentis
493 4264 686 4332 perimeretis
702 4262 757 4335 te.)
784 4227 979 4318 Homicida·D
1047 4262 1376 4334 (Bremetennacum,
1388 4262 1891 4331 capitet.)Quiodiimeditatione1

95 4367 160 4407 rum
174 4366 241 4405 vero
256 4350 312 4404 tria
325 4364 431 4421 genera
448 4365 509 4404 esse
524 4349 645 4417 dicebat,
663 4355 691 4404 et
704 4365 822 4421 poenam
843 4367 943 4406 eorum
996 4351 1040 4405 rel
1051 4355 1168 4422 propter
1181 4349 1366 4420 cupiditatem
1381 4350 1580 4418 luteumve
1602 4367 1750 4422 paganum
1780 4351 1891 4408 occi·-

96 4438 216 4510 parilem
234 4438 296 4492 iore
316 4437 446 4492 docebat.
468 4436 547 4492 Sicut
568 4436 645 4492 enim
672 4437 831 4493 homicidas
850 4437 942 4493 inter·
996 4440 1083 4508 derit,
1099 4439 1168 4510 quia
1182 4437 1339 4509 imaginem
1351 4437 1411 4507 Dei,
1432 4444 1551 4511 etspem
1564 4440 1669 4495 iuturae
1684 4440 1847 4496 conversio·
1861 4466 1891 4479 -

94 4527 215 4580 tectores
240 4526 373 4593 fratrum,
410 4525 451 4581 ita
480 4525 654 4580 detractores
691 4541 804 4592 eorum,
834 4542 942 4597 eosque
996 4529 1041 4585 nis
1052 4528 1219 4594 extinxerat,
1231 4527 1273 4581 XL
1289 4526 1349 4582 dics
1365 4526 1396 4582 in
1411 4543 1486 4600 pane
1496 4534 1525 4582 et
1538 4544 1613 4601 equa
1627 4529 1775 4600 poeniteat.

97 4615 236 4681 odientes,
251 4614 408 4670 homicidas
422 4630 483 4669 esse
498 4614 710 4670 manifestabat.
733 4614 806 4678 Quia
827 4614 942 4683 occidit,
1079 4616 1144 4683 Car.
1160 4615 1267 4671 XXXIV.
1285 4644 1320 4655 ·-
1335 4619 1372 4670 lle
1390 4617 1541 4686 parricidis
1566 4624 1591 4672 et
1609 4619 1777 4684 fratricidis.

97 4704 148 4776 qui
173 4703 233 4758 odit
261 4703 378 4758 fratrem
404 4719 511 4758 suum:
541 4707 570 4758 et
596 4703 646 4775 qui
676 4702 811 4768 detrahit,
836 4703 945 4773 pariter
1033 4703 1088 4775 (Ec
1120 4704 1231 4759 concilio
1249 4703 1370 4773 Tritum,
1387 4706 1475 4774 capite
1490 4704 1528 4776 5.)
1548 4704 1717 4773 Statuimus,
1734 4711 1767 4760 ut
1784 4722 1848 4778 pur·
1865 4728 1891 4741 ⁶

96 4792 241 4848 homicida
255 4808 316 4847 esse
330 4797 517 4847 monstratur.
535 4793 640 4848 Omnes
654 4791 732 4847 enirn
747 4807 765 4845 a
782 4791 945 4847 carnalibus
998 4789 1095 4845 ricidae
1118 4795 1147 4845 et
1170 4790 1325 4845 fratricidae
1343 4806 1395 4861 per
1416 4790 1503 4846 nnius
1527 4791 1597 4846 anui
1621 4793 1761 4848 circulum
1784 4800 1848 4848 ante
1878 4807 1891 4837 ε

97 4881 326 4953 desideriisque
343 4882 470 4936 militant
482 4881 619 4936 adversus
642 4880 770 4935 enimam
790 4879 944 4949 abstinere,
998 4879 1074 4934 iores
1091 4878 1217 4934 ecclesiia
1238 4885 1353 4934 orantes
1374 4880 1487 4935 Domini
1511 4881 1693 4935 clementiam
1719 4896 1850 4952 perseve-
1883 4904 1891 4913 ·

97 4976 126 5025 et
153 4970 260 5025 bonam
289 4985 390 5025 eorum
418 4969 665 5024 conversationem
693 4984 725 5022 ac
762 4968 945 5024 innocentem
997 4972 1073 5023 rent.
1090 4968 1238 5038 Completo
1252 4967 1321 5022 anni
1336 4967 1442 5023 circulo
1465 4968 1686 5024 introducantur
1708 4971 1740 5024 iu
1761 4972 1851 5025 eccle·

98 5059 231 5114 omnibus
246 5062 408 5113 monstrare
431 5057 560 5129 rogabat.
577 5059 614 5112 Er
629 5056 714 5112 corde
729 5056 806 5111 euim
830 5061 945 5112 cunctos
998 5056 1081 5125 siam,
1098 5060 1194 5111 tamen
1209 5056 1285 5111 iuter
1297 5057 1455 5126 audientes,
1478 5074 1569 5129 usque
1585 5057 1656 5113 dum
1680 5058 1769 5114 unius
1783 5058 1853 5114 anni

98 5147 235 5201 attentius
258 5147 381 5202 invicem
408 5146 528 5216 diligere
556 5145 728 5200 insinuabat.
749 5145 883 5201 seniores
902 5161 946 5200 ve·
998 5145 1124 5216 spatium
1138 5145 1267 5212 finiatur,
1292 5151 1376 5201 stent.
1403 5146 1452 5200 flis
1472 5147 1570 5217 itaque
1592 5147 1727 5218 peractis,
1751 5149 1774 5204 si
1793 5164 1853 5220 poe·

97 5234 203 5301 uereri,
229 5240 258 5288 et
283 5235 414 5305 Juuiores
443 5234 575 5305 diligere,
607 5235 757 5306 episcopos
786 5236 946 5290 sacerdotes
999 5233 1129 5288 nitentiae
1144 5234 1295 5289 fructusin
1322 5234 1364 5289 eis
1386 5235 1570 5307 conspicitur,
1597 5235 1727 5307 corporis
1741 5240 1770 5291 et
1788 5252 1854 5291 sen-

97 5336 175 5389 suos,
189 5336 222 5376 ec
236 5327 353 5376 cunctos
376 5321 503 5393 reliquos
519 5321 649 5376 Ecclesiae
674 5321 832 5388 ministros,
859 5327 946 5394 atque
999 5322 1095 5393 guinis
1114 5322 1227 5378 Domini
1246 5322 1400 5395 participes
1426 5325 1507 5392 tlaut,
1531 5328 1564 5378 ut
1587 5339 1645 5378 non
1673 5323 1856 5380 obdurentur

97 5424 215 5465 omnem
229 5410 343 5480 plebem
358 5410 413 5466 sibi
427 5409 619 5475 commissam,
635 5408 771 5464 verbiset
804 5410 946 5465 mendatis
1000 5410 1209 5482 desperatione.
1225 5411 1346 5467 Carnem
1361 5427 1421 5467 nou
1435 5412 1612 5468 manducent
1630 5412 1768 5469 omnibus
1793 5413 1854 5469 die·

95 5497 204 5560 ,divinis
225 5497 369 5555 iusuuere
391 5503 421 5556 et
446 5514 567 5556 armare.
592 5497 706 5568 llosqne
720 5514 821 5554 omues
842 5514 943 5555 eornm
999 5498 1271 5571 basvimtttorum,
1293 5500 1428 5573 jejunent
1451 5503 1548 5558 summ
1571 5515 1665 5575 usque
1683 5500 1721 5560 ed
1744 5516 1853 5560 uenam
