3878 6112
93 241 149 298 tta
921 242 1020 301 ACTA·
1799 251 1849 310 tsi

89 381 131 422 no
157 380 244 438 qnam
267 363 304 421 in·
317 361 505 420 emendandis
526 361 595 419 cleri
630 368 660 419 ot
685 362 786 436 populi
809 364 974 423 moribusd
995 365 1185 439 patrocinium
1200 365 1338 438 confugit.
1353 366 1387 422 iit
1407 371 1441 423 ut
1461 366 1581 426 baberet
1601 369 1737 442 adjutorii
1754 371 1847 445 ipsius

89 469 245 526 aggmssus
264 452 347 518 inita
379 456 466 525 atque
494 450 557 523 ipsa
589 453 789 524 maguitudino
824 470 944 526 operum
999 456 1124 522 arrham,
1140 455 1264 511 obtinuit
1282 456 1318 511 ab
1333 456 1495 513 Eberhardo
1520 459 1846 534 Augustanoepiscopo,

89 559 158 615 qaam
187 544 305 616 peragit,
339 543 435 613 palam
464 542 599 596 omnibus
636 542 712 607 lecit,
745 558 775 597 se
799 559 858 598 non
885 547 943 599 tam
999 549 1194 599 consecratore
1217 561 1279 608 suo,
1310 545 1438 616 gladium
1466 563 1524 619 quo
1552 551 1665 602 sanctus
1692 548 1850 620 imperator

91 631 242 687 bominum
267 647 355 703 qaam
383 630 494 685 caelitus
520 627 663 700 suliragiis
686 628 721 684 ad
736 630 942 701 episcopatum,
999 633 1144 705 quondam
1158 634 1188 688 in
1214 633 1320 704 praeliis
1347 633 1384 688 ad
1412 634 1587 691 edomandos
1611 637 1740 693 Ecclesiae
1754 637 1849 695 hostes

89 734 146 791 pro
167 721 244 776 beno
269 719 398 776 Ecclesiae
423 722 612 789 assumptum.
639 719 708 784 Qum
733 720 849 790 egregia
870 720 943 775 iacta
998 736 1067 775 usus
1086 721 1178 776 iuerat
1202 736 1209 776 :
1230 737 1317 793 quem
1341 727 1471 778 sanetum
1499 723 1628 794 gladium
1654 725 1763 797 aceepit
1787 729 1848 782 tan·

89 824 157 864 eum
181 809 302 864 Rumam
320 809 415 863 latere
448 822 505 861 non
541 811 665 878 possunt,
700 807 944 863 eminentissimus
999 825 1086 881 quam
1102 826 1238 865 arenosa
1257 811 1314 865 lieo
1341 812 1471 875 missum,
1500 812 1582 883 cujus
1610 812 1715 869 rutulo
1740 819 1849 869 arceret

91 895 283 950 eeltuminns
306 894 403 950 denuo
432 894 467 949 ad
492 895 629 949 laarrnem
657 895 843 951 Gadeiridum
866 911 943 950 anno
998 898 1174 952 adversarios
1190 899 1290 970 populi
1315 898 1369 964 sui,
1385 899 1531 971 quierant
1546 900 1629 956 mulli
1658 907 1687 957 et
1708 907 1848 973 potentes.

92 984 187 1040 boux
206 984 246 1040 ita
266 984 365 1040 scribit
388 999 395 1038 z
418 983 499 1048 Quod
520 983 566 1054 egi
595 982 631 1037 in·
652 998 785 1038 causa...
814 983 944 1056 quamvis
1000 986 1144 1058 imprimis
1160 986 1319 1041 Fridericns
1349 987 1491 1053 ll,comes
1523 988 1667 1058 palatinus
1687 990 1790 1059 Rheni,
1804 992 1851 1046 in·

92 1088 199 1143 magna
211 1074 357 1127 uoluntate
371 1072 492 1142 egerim,
517 1087 576 1126 nou
592 1070 664 1126 tanti
679 1072 818 1127 momenti
832 1071 896 1132 tuit.
912 1077 944 1126 ut
1000 1089 1080 1129 vasor
1118 1090 1229 1130 coronae
1256 1075 1448 1145 bohemicaa3
1479 1076 1687 1146 hiansieldius;
1717 1080 1846 1134 marchio

89 1167 252 1230 opusesset
275 1160 391 1231 fatigari
408 1160 439 1216 in
462 1160 612 1216 scribendo
639 1165 753 1215 tantum
775 1160 943 1233 episcopum
999 1163 1188 1228 buciacensis,
1217 1162 1273 1217 dux
1302 1163 1484 1233 Anhaltinus,
1500 1152 1679 1220 Christianus
1707 1168 1848 1222 lirunswi·

90 1248 648 1320 ctinrebasgravioribusoccupatum.
665 1249 849 1314 Quiatnmen
874 1249 942 1303 scri·
998 1250 1089 1305 censis
1118 1265 1169 1304 seu
1204 1249 1469 1319 halberstadiensis,
1502 1268 1661 1324 eorumque
1688 1254 1769 1320 socii,
1797 1254 1848 1327 qui

90 1337 159 1392 bere
173 1336 269 1404 libuit,
281 1336 353 1392 mihi
368 1351 485 1409 qnoque
513 1337 687 1404 respondere
700 1336 943 1408 jucundissimum
998 1338 1142 1394 dioecesim
1160 1338 1409 1409 bambergensem,
1430 1339 1473 1394 uti
1502 1344 1530 1393 et
1544 1338 1790 1412 uerbipotcnsam,
1804 1343 1848 1398 iu·

89 1425 177 1480 estei
196 1425 267 1493 viro,
293 1425 477 1497 quemquasi
499 1426 533 1479 de
559 1426 630 1480 coelo
657 1425 776 1480 missum
805 1425 940 1496 suspicio.
999 1426 1044 1481 liis
1059 1428 1153 1497 palam
1165 1426 1322 1498 impressis,
1338 1427 1392 1482 sibi
1415 1426 1445 1481 in
1473 1428 1599 1498 praedam
1627 1429 1849 1498 destinauerant,

91 1512 278 1569 Nonnoride
297 1512 368 1568 tacto
393 1513 560 1584 episcopum
576 1518 605 1567 et
628 1514 787 1585 principem
813 1514 943 1568 Rambar·
997 1521 1027 1570 et
1040 1532 1090 1585 spa
1102 1514 1383 1586 jamdeuoravaraul.

88 1615 210 1672 gensem
224 1599 418 1669 Gadeiridum,
435 1600 484 1654 sed
508 1616 542 1655 ex
558 1601 693 1672 operibus
708 1600 832 1672 egregiis
850 1602 980 1704 notis·B
1034 1606 1078 1659 58.
1098 1624 1109 1651 ι
1127 1603 1262 1668 Quamvis
1278 1608 1376 1657 autem
1397 1602 1428 1658 in
1454 1608 1606 1676 utramque
1625 1603 1770 1661 dioecasim
1789 1606 1851 1677 plu·

88 1687 197 1744 dmum
215 1688 399 1744 vehementer
420 1688 510 1761 diligo
526 1695 691 1744 etvanerur
708 1709 716 1756 ;
731 1695 760 1745 et
780 1706 882 1761 precor
897 1707 942 1745 as·
998 1691 1054 1746 ries
1094 1690 1286 1763 irruptionem
1313 1692 1498 1761 tentaverint,
1529 1693 1654 1747 ioannes
1680 1692 1851 1749 Gadeiridus

88 1776 172 1831 sidno
205 1777 296 1832 Deum
333 1781 375 1843 ut,
409 1792 497 1849 quem
524 1784 688 1850 opportuno
722 1783 862 1849 tempore,
900 1780 942 1833 lu·
999 1785 1095 1835 umen
1123 1778 1184 1851 (qui
1210 1778 1321 1835 interea
1347 1782 1434 1834 eliam
1460 1780 1673 1851 llerbipolensis
1697 1780 1850 1853 episcopus

89 1864 168 1920 beati
183 1865 316 1920 Ecclesiae
341 1865 544 1936 bambergensi
560 1866 705 1932 praeficere
727 1866 862 1938 dignatus
889 1873 942 1934 ast,
998 1873 1109 1923 creatus
1129 1868 1231 1939 iuerat)
1256 1867 1375 1922 hostiles
1403 1873 1523 1922 conatus
1535 1868 1639 1939 partim
1658 1867 1745 1923 elusit
1757 1868 1851 1924 cousi·

88 1969 153 2009 enm
170 1954 258 2031 longo
269 1959 400 2025 tempore
425 1954 601 2010 incolumem
616 1971 740 2021 servare,
763 1955 887 2027 dirigere
914 1960 944 2010 et
997 1957 1047 2022 lio,
1067 1956 1172 2027 partim
1197 1956 1283 2026 tregit
1308 1955 1484 2023 tortitudine,
1515 1956 1689 2027 opponendo
1718 1955 1852 2012 hostibus

88 2047 251 2114 protegere,
268 2042 428 2098 attendam
451 2043 537 2098 etiam
553 2042 942 2113 plenumdierumetmeri·
997 2046 1093 2116 copias
1116 2060 1192 2110 siras,
1220 2059 1292 2115 quas
1320 2043 1539 2114 conscripserat,
1579 2060 1635 2099 una
1667 2059 1733 2100 eum
1759 2044 1850 2116 copiis

88 2137 185 2185 torum
198 2129 471 2200 gloriosecoronare
487 2130 632 2202 dignetur.
996 2132 1184 2187 auxiliaribus
1201 2131 1377 2186 serenissimi
1405 2131 1484 2187 ducis
1510 2132 1645 2187 bavaria.
1661 2133 1696 2188 Et
1710 2133 1781 2188 dnm
1796 2132 1852 2188 mi·

121 2221 166 2273 55.
185 2217 293 2274 «ldam
321 2217 475 2273 cardinalis
502 2234 578 2273 auno
604 2235 704 2287 ancxir,
730 2236 768 2273 nu
786 2219 941 2286 Februarii,
996 2221 1060 2276 lites
1084 2224 1248 2291 pugnarent
1283 2219 1314 2273 in
1340 2219 1441 2290 patriae
1469 2218 1613 2287 conliniis,
1640 2221 1701 2290 ipse
1725 2220 1852 2276 interdiu

87 2307 122 2362 ad
137 2306 319 2363 Fridericum
347 2308 505 2362 Forneram
520 2306 734 2377 archragaueuur
750 2308 942 2379 Bnrnbergen·
997 2315 1153 2380 noctuque,
1165 2309 1290 2381 projecta
1306 2308 1337 2363 in
1357 2312 1462 2362 terram
1485 2307 1567 2376 facie,
1592 2308 1669 2362 salut
1682 2308 1755 2363 altor
1767 2308 1847 2379 Moy·

87 2409 147 2449 sem
159 2393 300 2464 scribens,
316 2393 397 2450 addit
410 2393 559 2464 sequentia
578 2410 585 2449 :
606 2393 662 2450 Sed
678 2396 722 2450 his
737 2395 860 2461 omissis,
875 2411 942 2468 gra·
998 2416 1052 2465 sas,
1073 2413 1125 2469 pro
1149 2397 1256 2469 populo
1282 2412 1334 2451 suo
1360 2395 1505 2450 orationes
1531 2395 1568 2451 ad
1596 2397 1686 2452 licum
1701 2394 1850 2451 fundebat.

89 2482 141 2537 tias
155 2482 290 2554 ingentes
315 2483 407 2539 babeo
422 2498 474 2553 pro
497 2482 534 2537 iis
552 2498 618 2555 qum
644 2484 680 2538 ad
694 2498 741 2537 me
756 2483 892 2555 scripsisti
907 2484 943 2539 da
997 2487 1032 2541 Et
1047 2486 1125 2557 quod
1147 2485 1182 2541 de
1211 2484 1258 2540 die
1280 2484 1426 2540 interdum
1440 2484 1476 2539 ob
1496 2485 1668 2555 legatorum,
1692 2500 1726 2539 ac
1740 2483 1853 2540 militie

89 2569 198 2641 insigni
213 2586 369 2643 progressu
395 2569 497 2642 optimi
510 2569 647 2642 principis
663 2576 692 2626 et
705 2571 832 2643 episcopi
847 2573 942 2638 vestri,
998 2575 1210 2646 praefectorum,
1229 2573 1360 2629 euntium
1376 2587 1409 2627 uc
1436 2572 1622 2627 redeuntium
1637 2571 1851 2642 interpellatio-

89 2675 176 2730 gnem
191 2674 251 2713 non
266 2659 418 2714 hominurn
447 2659 695 2725 votaautstudia,
718 2659 765 2714 sed
783 2661 856 2715 heus
870 2659 941 2730 ipse,
998 2678 1058 2731 nes,
1093 2667 1228 2733 praestare
1256 2676 1315 2715 nun
1342 2665 1465 2731 potarat,
1483 2661 1578 2715 media
1606 2676 1726 2731 surgens
1757 2665 1850 2728 noete,

88 2763 206 2818 prusua
222 2746 336 2802 infinita
365 2747 479 2818 pietate.
509 2746 640 2803 Ecclesia
655 2764 714 2802 sum
743 2748 868 2803 donavit.
886 2749 944 2820 Ego
998 2767 1097 2805 somno
1128 2749 1304 2805 antelucanis
1339 2748 1465 2803 excubiis
1503 2749 1644 2818 majorem
1673 2748 1703 2803 in
1732 2749 1851 2803 modum

89 2840 163 2890 certe
175 2835 216 2890 ita
231 2835 274 2889 illi
289 2851 427 2906 germana
443 2834 581 2890 charitate
597 2835 715 2901 allicior,
733 2841 775 2902 ut,
795 2837 820 2891 si
834 2850 944 2907 pannas
997 2823 1150 2904 coarctato,
1161 2836 1280 2907 integris
1299 2836 1379 2891 boris
1397 2853 1461 2891 cum
1484 2838 1540 2891 lieo
1563 2837 1752 2908 colloquendo
1769 2853 1849 2892 eom·

89 2924 232 2979 columbae
246 2938 392 2979 assumere
420 2939 543 2994 possem,
561 2924 633 2978 nihil
659 2939 705 2979 me
719 2924 859 2979 detineret
872 2925 977 2996 quint}
997 2928 1143 2996 pensabat.
1175 2925 1255 2981 llisee
1293 2925 1380 2980 armis
1405 2924 1523 2980 devotus
1547 2924 1576 2980 S.
1607 2924 1732 2980 lleinrici
1762 2925 1851 2980 cliens

88 3012 231 3067 statimad
257 3011 319 3083 ejus
341 3013 521 3083 corrrplexum
550 3013 686 3066 volarem.
707 3012 820 3068 Utinam
838 3013 943 3067 multos
999 3016 1148 3070 Ecclesiam
1164 3030 1255 3080 snam,
1271 3016 1331 3068 toto
1347 3012 1495 3084 regiminis
1509 3012 1553 3067 sui
1578 3018 1720 3085 tempore,
1749 3013 1850 3068 abbo·

90 3100 234 3155 sisimiles
266 3115 325 3155 non
354 3101 449 3155 sulum
476 3099 505 3154 in
530 3100 692 3168 Germania,
720 3100 878 3155 sedetiam
913 3101 943 3155 in
997 3102 1082 3157 stium
1112 3100 1331 3173 irruptionibus,
1357 3099 1620 3171 depraedationibus
1648 3105 1676 3156 et
1710 3101 1851 3157 incendiis

91 3187 171 3243 ltalia
195 3193 226 3243 et
252 3187 282 3243 in
316 3188 427 3260 reliquo
469 3188 537 3242 orbe
556 3187 717 3243 Christiano
741 3187 941 3243 haberemusl
997 3188 1567 3262 (quinetapeste,qureanteasingnlia
1583 3188 1666 3243 annis
1686 3189 1852 3260 bambergae

91 3275 258 3331 Videremus
272 3275 349 3330 anim
362 3274 501 3330 continuo
516 3275 629 3331 vineam
645 3276 759 3330 Domini
784 3282 843 3331 tarn
859 3277 944 3332 bouis
997 3277 1139 3343 saeviebat)
1154 3278 1458 3333 serraritimrnunam.

91 3366 224 3438 agricolis
256 3365 440 3421 commissam
457 3365 576 3421 mirilico
608 3366 799 3421 reflorescere.
841 3367 945 3423 Precor
1032 3370 1102 3423 bh«
1133 3367 1337 3437 Supremuma
1359 3366 1387 3422 S.
1418 3365 1550 3422 lleinrieo
1572 3365 1700 3420 favorem
1721 3365 1847 3420 ioannes

91 3455 181 3510 illisa
196 3453 283 3509 corde
306 3454 516 3524 longitudinem
542 3454 666 3521 dierum,
692 3459 801 3526 quanta
816 3471 944 3510 necessa·
997 3456 1166 3512 Godeiridns
1181 3461 1315 3526 expertus
1331 3455 1386 3510 iuit
1412 3460 1479 3509 anta
1503 3459 1627 3509 mortem
1650 3468 1743 3521 suam,
1759 3468 1848 3525 qnam

91 3542 132 3597 ria
146 3548 193 3596 est
207 3541 243 3597 ad
258 3542 390 3597 Ecclesiae
404 3542 649 3610 reformationem,
665 3548 718 3597 etc.
998 3544 1026 3599 ei
1034 3550 1148 3599 sanctus
1162 3543 1320 3615 imperator
1346 3559 1402 3598 una
1432 3558 1498 3598 cum
1513 3541 1640 3616 uirginea
1664 3542 1787 3613 conjuge
1802 3557 1853 3613 ap·

125 3634 169 3686 56.
188 3652 204 3678 a
232 3632 318 3687 Plura
346 3630 488 3703 ejusmodi
512 3630 543 3684 in
559 3630 686 3702 epistulis
703 3630 945 3686 suisbabellau-
999 3632 1322 3705 paranspronuntiavit,
1339 3635 1371 3685 ut
1389 3631 1514 3686 refertur
1532 3631 1640 3686 invita
1655 3628 1853 3701 manuscripta

90 3719 172 3774 datus
186 3718 349 3784 cardinalis,
378 3718 526 3790 signanter
548 3720 686 3773 extollens
714 3720 946 3790 magnitudinem
999 3722 1083 3789 hrrjns
1099 3720 1245 3792 principis.
1260 3720 1302 3773 hb
1318 3735 1352 3774 eo
1368 3724 1497 3790 tempore
1514 3734 1571 3773 non
1584 3719 1681 3774 omisit
1710 3734 1740 3772 se
1764 3732 1852 3788 qnam

90 3805 224 3863 beneficii
252 3806 331 3879 quod
359 3805 457 3863 divina
474 3807 586 3862 bonitas
603 3807 736 3879 prestitit
757 3808 864 3862 labenti
893 3810 945 3863 Ec-
998 3808 1208 3862 accuratissime
1223 3806 1257 3861 ad
1285 3807 1444 3861 lelicamex
1469 3807 1522 3860 bac
1538 3805 1594 3859 vita
1606 3804 1758 3859 transitum
1774 3820 1853 3859 com·

89 3894 184 3950 clasiae
200 3894 463 3966 bambergensium
475 3896 651 3967 providendo
662 3897 848 3969 deepiacupo,
867 3920 877 3946 ι
895 3897 946 3968 qui
999 3897 1196 3968 parareiota
1220 3894 1337 3967 quidem
1363 3894 1420 3949 rita
1445 3895 1517 3964 ejus,
1544 3892 1805 3965 praesertimquam
1822 3891 1853 3946 in

90 3982 120 4036 in
136 3983 194 4038 rita
209 3999 261 4037 sua
276 3983 401 4038 suffulsit
414 3984 545 4051 domum,
569 3989 598 4039 et
620 3984 651 4039 in
666 3984 835 4039 diebussuis
846 4000 946 4039 corro-
999 3984 1164 4057 episcopatn
1181 3983 1273 4051 duxit,
1299 3981 1354 4037 iuit
1379 3988 1519 4053 perpetua
1545 3981 1580 4035 ad
1597 3981 1710 4034 beatam
1731 3983 1853 4035 mortem

91 4070 354 4142 borarittemplum
371 4087 378 4125 :
394 4071 445 4142 qui
468 4072 578 4127 curavit
590 4077 705 4143 gentem
722 4088 805 4127 suam
833 4073 946 4128 etlibe·
999 4071 1172 4145 preparatio
1189 4087 1196 4126 ε
1213 4071 1312 4126 habile
1328 4069 1593 4126 tameucoelestide
1622 4067 1782 4134 eaindieio,
1800 4083 1853 4122 cu-

91 4157 448 4228 rariteamaperditione
475 4159 569 4224 (dccii.
595 4157 662 4227 nl·
691 4157 772 4223 Quod
796 4158 980 4254 meritisetD
1001 4160 1175 4217 rassuasad
1198 4174 1365 4230 supremum
1393 4158 1464 4213 illud
1483 4156 1631 4228 negotium
1651 4155 1744 4226 nangis
1756 4155 1853 4210 inteu-

89 4242 290 4300 intercessioni
305 4245 353 4301 SS.
370 4245 495 4301 lleinriei
519 4251 547 4299 et
570 4245 799 4316 Cunegundisin
823 4247 945 4316 acceptis
1001 4250 1051 4305 dit.
1068 4250 1149 4315 Cum,
1167 4248 1216 4302 illo
1242 4248 1304 4319 ipso
1334 4263 1409 4301 anno
1434 4262 1492 4317 quo
1515 4245 1596 4310 obiit,
1624 4260 1655 4299 ex
1685 4243 1853 4315 praescripto

89 4332 244 4388 terendum
261 4349 323 4389 esse
343 4334 444 4405 probat
471 4333 592 4405 pervigil
615 4349 716 4389 eurum
730 4333 859 4389 studium
872 4335 947 4389 circa
1002 4338 1191 4405 medicorum,
1227 4337 1257 4391 in
1293 4352 1356 4390 arce
1386 4332 1646 4400 waldascbccensi,
1659 4332 1853 4387 instaurandae

90 4421 262 4476 electionem
276 4421 363 4492 hujus
375 4421 500 4493 episcopi
516 4421 688 4488 exhibitum,
714 4427 846 4493 utsupra
870 4424 945 4477 rela·
1003 4425 1159 4480 valetudini
1187 4429 1309 4489 uacaret,
1340 4429 1399 4478 loto
1424 4439 1458 4477 eo
1479 4427 1618 4494 tempore,
1652 4420 1710 4474 sive
1740 4419 1853 4492 publice

89 4515 153 4563 tam
172 4509 240 4576 luit,
255 4524 307 4564 nec
322 4524 381 4562 non
393 4509 546 4580 singularis
557 4511 684 4582 episcopi
696 4511 809 4567 devotio
828 4516 855 4565 et
870 4512 946 4567 lidu-
1001 4514 1059 4568 sira
1088 4513 1221 4583 privatim
1252 4512 1394 4584 panderet
1425 4516 1476 4565 aut
1511 4515 1646 4574 caenaret,
1677 4509 1739 4579 ejus
1770 4509 1853 4579 jussu

90 4597 136 4651 cia
158 4612 230 4666 erga
256 4603 367 4651 sanctae
396 4595 584 4666 fundatores;
612 4598 694 4670 eujus
723 4599 882 4654 devotionis
914 4601 947 4654 ac
1001 4617 1115 4673 semper
1160 4601 1265 4672 aliquis
1297 4617 1312 4654 a
1340 4597 1522 4654 cubiculariis
1555 4598 1684 4652 libellum
1723 4594 1855 4651 ieremias

90 4684 205 4740 liduciae
218 4685 365 4754 specimen
380 4685 553 4757 aliquodhic
568 4686 770 4758 subjungitur:
813 4735 815 4739 ,
1004 4690 1124 4745 Drsxelii
1138 4689 1165 4745 S.
1182 4689 1206 4743 J.
1222 4689 1257 4742 da
1286 4689 1447 4742 eternitate
1471 4686 1657 4757 praelegabat,
1679 4699 1765 4756 quem
1777 4688 1854 4737 tem·
1917 4742 1922 4749 ,

127 4777 172 4829 57.
203 4774 267 4829 ·m
289 4774 417 4844 primum
435 4775 558 4829 loannes
584 4774 755 4830 Godalridus
785 4791 859 4829 onus
885 4775 948 4846 spi·
1001 4778 1135 4848 porcille
1151 4781 1244 4831 totum
1275 4775 1359 4831 tertio
1383 4776 1533 4847 percurrit.
1561 4769 1853 4839 Interaavero,dum
1906 4801 1909 4806 -

89 4862 204 4932 scopate
218 4862 354 4932 suscepit,
383 4862 548 4917 colluctatio
562 4863 606 4918 illi
619 4862 675 4917 iuit
694 4879 752 4917 nun
767 4868 880 4918 tautum
896 4863 944 4918 ad·
1001 4871 1051 4920 aut
1062 4865 1172 4921 balneis
1185 4870 1315 4919 uteretur
1341 4868 1391 4920 aut
1417 4863 1569 4919 sudoribus
1601 4858 1750 4916 eliciendis
1778 4871 1857 4911 raca·

91 4949 368 5021 rersnsspiritualia
402 4950 540 5021 nequibo
563 4949 595 5005 in
621 4950 793 5017 coelestibus,
817 4950 947 5007 videlicet
1000 4959 1055 5022 ret,
1070 4955 1134 5008 aliis
1148 4953 1202 5025 piis
1212 4953 1327 5019 libellis,
1354 4951 1536 5025 potissimum
1552 4946 1679 5004 historiis
1708 4945 1742 4999 de
1768 4943 1854 4998 rebus

89 5040 225 5094 adversus
239 5037 382 5107 baeresim,
409 5038 545 5110 magiam,
563 5039 710 5109 veneticis,
735 5039 945 5095 demoniacum
1000 5043 1087 5115 gestis
1102 5047 1266 5097 sanctorum
1282 5041 1420 5112 legendis,
1436 5040 1565 5095 animum
1589 5033 1744 5089 relaxabat.

89 5128 307 5196 idolomaniam,
338 5127 509 5183 ioedissimas
550 5128 644 5183 earnis
681 5129 891 5197 corruptiones,
918 5134 947 5183 et
1036 5133 1079 5185 60.
1097 5147 1112 5182 a
1130 5129 1345 5185 idaminiiuisse
1374 5127 1469 5199 quiin
1487 5141 1550 5180 mea
1577 5121 1731 5195 praesentia
1746 5118 1773 5176 ei
1788 5135 1855 5174 sua·

89 5217 245 5271 innumere
274 5216 451 5287 ilagitiorum
479 5223 618 5283 monstra,
656 5217 705 5271 sed
733 5218 820 5272 etiam
848 5222 947 5271 contra
1000 5217 1140 5273 deretres
1155 5218 1249 5289 potius
1267 5217 1411 5289 jucundas
1439 5229 1525 5285 quam
1555 5212 1668 5266 tetricas
1688 5214 1717 5264 at
1744 5209 1856 5263 malan-

89 5304 291 5361 lormidabiles
333 5305 498 5376 principum
545 5305 748 5360 hereticorum
795 5307 945 5374 exercitus,
1001 5306 1169 5362 cholicasde
1192 5311 1294 5373 murto,
1309 5305 1344 5361 de
1359 5303 1484 5367 iniarnu,
1506 5300 1541 5355 da
1560 5299 1677 5354 aeternis
1705 5297 1852 5353 damnato·

91 5392 260 5449 runconia
283 5399 423 5466 perpetuo
437 5393 631 5451 imminentes.
654 5395 760 5451 Contra
774 5395 945 5464 quoscoele·
1001 5410 1064 5450 rom
1098 5393 1200 5466 poenis,
1234 5394 1277 5449 illi
1307 5390 1431 5461 tempori
1455 5387 1689 5459 convenireque
1722 5382 1855 5440 valetudo

90 5481 126 5536 sti
140 5482 277 5556 praesidio
290 5481 344 5537 sibi
358 5499 431 5555 opus
445 5498 507 5538 esse
533 5482 709 5554 intelligens,
724 5482 758 5536 ad
775 5483 804 5538 S.
822 5481 945 5537 lleinrici
999 5487 1134 5538 curatur:
1157 5481 1323 5554 respondit:
1349 5479 1412 5534 Scio
1436 5494 1481 5533 me
1502 5477 1579 5533 brevi
1604 5476 1787 5531 inuriturum.
1804 5472 1852 5528 Sto
