3878 6112
93 277 123 330 rt
930 278 1027 335 bert.
1819 283 1855 337 22

95 398 227 454 conciliis
258 396 372 454 admitti
400 413 460 453 uon
486 398 587 462 soleat,
604 398 772 454 auctoritate
799 405 895 455 tamen
923 401 1050 464 suta,
1093 399 1282 470 praesentibus
1310 399 1528 455 honorabilibus
1562 401 1629 455 viris
1658 416 1691 455 ac
1731 401 1856 458 dominis

98 487 131 540 b.
168 487 198 542 Ε.
217 503 283 557 quae.
313 487 443 541 omnium
460 486 645 541 conciliorum
660 488 874 542 firmamentum
901 494 953 549 est.
1007 487 1152 543 canonicis
1171 487 1297 543 ecclesie
1322 488 1565 559 babenbergensis
1590 490 1621 544 b.
1649 491 1791 545 Berholdo
1819 492 1855 547 de

98 576 291 646 petitionibus
328 574 429 628 vestris
452 575 668 645 acquiescimus,
701 581 789 646 atque
823 577 952 646 ejusdem
1009 576 1169 644 usenberg,
1199 575 1260 629 tilio
1289 576 1402 630 comitis
1428 577 1543 631 hienrici
1566 577 1601 632 de
1626 578 1789 649 llrnuberg.
1822 580 1853 634 D.

97 664 297 718 memorabilis
334 663 400 730 viri,
434 665 516 733 cujus
554 663 756 718 exaltationem
795 665 952 735 requiritis,
1008 664 1186 718 Udalricode
1216 664 1352 718 Tbnulelt
1376 663 1560 730 Scholastico‚
1589 671 1617 719 et
1644 666 1676 721 il.
1711 665 1853 722 Frideriec

96 753 221 807 fratrum
248 758 413 807 nostrornm
445 752 713 822 archepiscoporum
748 757 777 806 et
804 753 952 823 episcopo·
1005 751 1108 805 Zotner
1124 751 1159 806 de
1174 751 1308 823 Halberg,
1328 757 1440 807 matura
1455 757 1484 808 et
1502 752 1622 808 discreta
1648 753 1853 811 deliberatione

97 858 175 905 rum,
191 843 242 912 qui
259 846 415 912 presentes
441 841 571 907 aderaut,
593 840 804 894 communicato
820 839 950 909 concilio,
1005 838 1190 894 dominorum
1215 841 1386 911 decapitulo
1401 842 1528 896 ecclesiae
1556 842 1811 914 babenbergensis,
1823 847 1854 898 et

98 932 273 986 memoriam
289 932 366 984 inter
381 930 498 985 Sanctus
520 930 555 984 de
571 935 675 984 caetero
700 928 763 983 lieri
790 945 950 996 censemus,
1004 929 1219 999 proptertidem
1242 930 1390 983 certiorem
1411 929 1612 1000 sanioremque
1626 931 1758 987 notitiam
1786 915 1869 988 seu·¹

99 1028 129 1074 et
155 1020 385 1074 anniversariam
402 1019 492 1088 ipsius
515 1018 591 1072 diem
620 1018 787 1072 solemniter
813 1017 951 1072 celebrari
1004 1023 1115 1071 clarum
1132 1017 1320 1088 reliquiorum
1337 1017 1425 1072 sancti
1442 1018 1531 1088 patris
1548 1025 1577 1073 et
1591 1018 1851 1074 tundaturiseccle-

102 1110 317 1164 corutituimus.
335 1110 432 1162 Vestra
448 1108 544 1179 itaque
559 1108 678 1162 interest
706 1108 791 1162 sicin
817 1108 844 1162 S.
869 1109 901 1163 lt.
920 1108 948 1162 E.
1004 1105 1053 1159 siae
1074 1106 1317 1175 babenbergensis
1342 1107 1372 1159 b.
1391 1106 1502 1160 ilenrici
1521 1108 1718 1177 Imperatoris,
1735 1115 1852 1181 apertus

104 1199 266 1253 obedientia
281 1203 309 1252 et
335 1197 473 1252 fidelitate
496 1197 660 1268 persistere,
691 1197 783 1251 etsie
811 1197 837 1250 ei
853 1196 949 1266 dignae
1003 1200 1047 1248 est
1087 1194 1279 1264 sarcophagus
1302 1194 1363 1263 jam
1393 1195 1461 1249 dicti
1494 1196 1674 1263 confessoris,
1702 1197 1738 1251 ab
1766 1203 1851 1253 autea

104 1288 264 1341 devotionis
293 1286 637 1358 obsequiisrespondere‚
663 1290 695 1340 ut
713 1285 847 1356 ampliori
874 1284 950 1340 beati
1002 1281 1075 1337 bene
1092 1283 1216 1336 reclusus
1232 1287 1260 1336 et
1273 1288 1384 1336 seratus
1402 1283 1600 1354 sigillatnsqne
1627 1284 1719 1354 sigillo
1749 1284 1851 1355 majori

98 1376 177 1430 Petri
211 1381 240 1430 et
268 1380 365 1430 nostra
394 1374 485 1445 gratia
513 1373 594 1445 digni
618 1373 817 1428 inveniamini.
845 1375 949 1428 Datum
1002 1371 1070 1425 bon.
1095 1387 1181 1426 mem.
1201 1372 1231 1426 u.
1259 1371 1367 1425 Eberh.
1399 1372 1525 1442 episcopi
1540 1389 1565 1426 rx
1583 1372 1665 1441 (alias
1684 1374 1711 1443 r)
1738 1373 1850 1428 baben-

94 1469 176 1517 trans
191 1463 316 1518 Tiberim
339 1462 432 1532 pridie
448 1462 514 1516 tdus
526 1462 640 1517 bertii:
664 1483 674 1511 ι
692 1463 771 1516 nullo
799 1462 855 1515 alio
880 1462 948 1516 cha·
1001 1459 1149 1530 bergensis
1166 1459 1301 1516 ecclesiae.
1319 1481 1345 1513 n.

94 1558 205 1606 ractere
220 1553 348 1624 apposito
364 1551 465 1622 quoin
497 1555 606 1605 certum
629 1566 737 1604 anuurn
766 1550 946 1615 deveniatur3
1036 1551 1080 1603 bl.
1097 1548 1128 1602 ln
1145 1565 1202 1619 quo
1217 1548 1335 1620 quidem
1355 1548 1533 1619 sarcophago
1559 1550 1780 1604 iuventoe'sunt
1806 1566 1850 1604 ve·

92 1641 173 1694 uude
194 1640 305 1694 facilius
328 1640 455 1694 excusari
471 1638 562 1709 possit
587 1638 701 1694 baronii
714 1639 819 1708 lapsus,
839 1635 889 1707 qui
911 1636 947 1690 ad
1002 1637 1109 1708 liquiae,
1138 1638 1220 1708 quasi
1244 1638 1333 1692 totius
1364 1637 1491 1707 ejusdem
1520 1637 1648 1708 corporis
1687 1636 1759 1691 sacri
1785 1653 1849 1692 ossa

92 1728 299 1798 episcoporum
316 1728 570 1798 bambergensium
592 1726 696 1781 seriem
712 1727 809 1781 oculos
826 1741 882 1780 uon
898 1724 944 1779 in-
1002 1726 1175 1792 veneranda,
1187 1731 1292 1799 praeter
1305 1732 1401 1796 caput,
1414 1725 1491 1797 qnod
1507 1725 1536 1779 in
1551 1726 1608 1780 alia
1620 1726 1701 1781 theca
1711 1725 1848 1780 deaurata

93 1815 234 1869 tenderit.
999 1813 1180 1868 reconditum
1204 1819 1365 1868 veneratur.
1389 1813 1447 1883 lpsi
1476 1829 1543 1867 vero
1568 1813 1602 1868 de
1621 1829 1691 1867 sano
1714 1813 1845 1882 consilio,

128 1906 175 1957 25.
191 1904 357 1958 solemnem
369 1902 449 1957 illam
467 1902 578 1957 llenrici
601 1902 631 1958 iu
655 1904 823 1958 Sanctorum
841 1917 943 1957 uume-

93 2008 159 2047 rum
188 1992 401 2062 cooptationem
427 1999 523 2046 secuta
551 1999 604 2058 est,
626 1998 656 2046 ut
679 1993 844 2062 nuperrime
867 1991 944 2045 dice·

96 2083 173 2144 bam,
192 2082 266 2136 sacri
294 2081 422 2153 corporis
446 2081 577 2144 elevatio,
598 2086 627 2135 et
642 2081 672 2135 in
694 2081 886 2136 decentiorem
902 2081 943 2134 lo·

96 2186 162 2224 cum
186 2169 349 2236 translatio,
376 2170 411 2224 de
437 2170 541 2240 quibus
569 2170 693 2224 breviter
723 2170 854 2225 laudatus
877 2168 945 2222 Hol-

95 2274 219 2312 manuus
235 2258 270 2313 ad
289 2274 336 2312 au.
351 2258 430 2324 ¹147,
447 2258 501 2311 cot.
519 2260 593 2313 123:
623 2278 637 2308 r
668 2259 722 2313 Per
748 2256 863 2312 eosdem
884 2256 944 2312 dies

92 2364 160 2400 ossa
187 2347 216 2401 S.
247 2346 359 2401 ilenrici
402 2347 585 2417 tmperatoris
623 2345 744 2401 solemni
773 2343 944 2399 ceremonia

92 2436 235 2490 translata
250 2441 325 2489 sunt.
340 2436 371 2488 Et
387 2450 454 2488 vero
469 2451 515 2489 res
530 2435 603 2490 iacta
619 2441 661 2489 est
676 2436 704 2488 iu
717 2436 792 2489 hunc
804 2435 940 2490 modum:

92 2524 276 2578 Eberhardus
301 2522 460 2594 episcopus,
492 2523 629 2577 advocato
659 2522 823 2577 Eberhardo
852 2522 943 2576 archi·

89 2613 226 2683 episcopo
246 2611 463 2681 salisburgensi,
479 2616 508 2665 et
523 2611 687 2665 Hermanno
716 2610 849 2683 episcopo
881 2611 943 2666 bri-

92 2702 197 2766 xiensi,
213 2706 300 2771 atque
316 2717 374 2754 uua
391 2716 456 2754 cum
472 2699 633 2765 abbatibus,
649 2699 800 2770 religiosis,
818 2704 848 2753 et
875 2700 943 2770 ipsis

93 2789 262 2860 proceribus
288 2788 420 2855 civitatis,
444 2789 560 2842 accessit
582 2789 617 2842 ad
647 2788 739 2843 locum
766 2787 818 2842 ubi
845 2788 942 2842 condi·

91 2886 155 2933 tum
177 2894 282 2949 corpus
298 2878 401 2932 iuerat.
427 2880 523 2947 atque,
544 2885 639 2948 egesta
659 2883 745 2941 terra,
777 2892 856 2932 sacra
879 2892 942 2930 ossa

998 1901 1130 1971 diligenti
1164 1901 1292 1957 adhibita
1319 1902 1457 1968 custodia,
1487 1906 1600 1956 tantum
1636 1902 1843 1966 mandibulam,
1892 1908 1895 1914 '

998 1988 1147 2044 brachium
1172 1995 1200 2045 et
1226 1991 1296 2045 diras
1319 1994 1410 2044 costas
1432 2005 1498 2044 cum
1521 1989 1616 2059 parvis
1646 1989 1709 2044 aliis
1735 1989 1845 2046 ossibus

998 2078 1199 2149 praedictarum
1213 2077 1411 2149 reliquiarum,
1423 2078 1491 2132 loris
1514 2077 1719 2133 honorabiliter
1743 2093 1845 2132 recou-

999 2167 1117 2232 deudas,
1134 2167 1275 2237 boumque
1286 2166 1422 2221 custodiae
1437 2166 1642 2237 mancipandas
1653 2169 1843 2233 reservarunt,

997 2270 1057 2308 uon
1072 2260 1168 2309 tamen
1187 2255 1249 2309 sine
1265 2253 1429 2309 rationabili
1453 2269 1537 2308 causa
1558 2255 1732 2327 specialique
1759 2255 1844 2310 devo·

998 2341 1085 2396 tione.
1098 2341 1224 2396 Tandem
1239 2340 1315 2409 ipsas
1340 2340 1476 2411 reliquias
1491 2341 1517 2396 S.
1547 2341 1661 2396 llenrici
1684 2345 1713 2396 in
1743 2343 1845 2398 eodem

997 2431 1173 2500 sarcophago
1192 2428 1412 2499 diligentissime
1426 2429 1528 2483 iterato
1544 2430 1736 2498 recluseruut;
1761 2430 1845 2502 sigit-

998 2518 1089 2572 tantes
1118 2519 1212 2590 sigillo
1244 2518 1362 2589 capituli
1398 2517 1536 2588 praedicti,
1572 2535 1629 2590 qno
1657 2519 1712 2589 ipsi
1734 2519 1845 2577 domiui

997 2612 1119 2661 utuntur
1142 2607 1177 2661 ad
1192 2623 1300 2661 causas.
1325 2607 1450 2661 invento
1478 2607 1595 2661 luerunt
1620 2624 1673 2677 pro
1698 2613 1767 2664 tuuc
1794 2625 1845 2678 per

998 2696 1111 2751 eosdem
1129 2696 1260 2750 dominos
1284 2695 1438 2749 canonicos
1456 2695 1608 2764 predictos
1638 2696 1703 2750 duae
1731 2701 1843 2751 veteres

997 2784 1150 2850 schedulae,
1167 2783 1297 2838 interiori
1312 2783 1519 2850 thecaealtirae,
1549 2800 1673 2855 quarum
1699 2799 1756 2838 una
1780 2784 1843 2840 heae

998 2872 1102 2942 scripta
1117 2871 1260 2927 continuit
1275 2872 1319 2927 :b
1346 2871 1526 2928 Eberhardus
1550 2873 1661 2943 primus
1688 2873 1775 2943 hujus
1795 2874 1843 2928 ba·

90 2967 158 3021 inde
182 2965 297 3031 levavit,
326 2971 353 3020 et
380 2965 408 3019 iu
432 2965 562 3019 tumbam
578 2981 769 3020 marmoream
783 2960 1200 3031 transtulit.Cbenbergensis
1225 2960 1351 3015 ecclesias
1388 2961 1539 3042 episcopus
1576 2960 1776 3031 prescriptum
1812 2961 1841 3018 S.

89 3068 216 3124 eamque
243 3053 328 3108 clavis
356 3052 557 3108 obfirmavit.»
587 3053 689 3108 Eadem
718 3053 804 3123 paulo
824 3058 941 3107 contra-

89 3144 165 3198 ctius
186 3142 275 3196 habes
291 3142 320 3195 in
332 3143 432 3210 elogiis
456 3142 655 3212 episcoporum
684 3157 748 3212 pag.
766 3145 791 3196 e.
811 3161 824 3190 a
852 3141 939 3195 Eber-

89 3230 202 3283 hardns
235 3230 270 3294 ll,
298 3229 354 3282 dux
385 3228 510 3283 bavariae
526 3228 642 3300 eligitur
669 3245 777 3294 ucxnvv,
802 3228 940 3283 Pontifice

89 3316 221 3387 Euge-uio
245 3316 294 3382 ΙΙΙ,
325 3315 455 3370 Conrado
482 3315 582 3370 itidem
606 3317 654 3371 ΙΙΙ.
679 3315 706 3371 S.
738 3316 849 3370 Heurici
879 3330 941 3369 ossa

87 3421 198 3475 magna
211 3404 384 3459 solennitate
398 3405 432 3459 ad
452 3405 666 3458 honoratiorem
678 3406 820 3459 tumulum
847 3408 939 3458 traus-

88 3495 167 3558 tulit,
194 3497 223 3547 et
246 3507 419 3557 marmoreo,
450 3493 527 3563 qrvod
564 3492 723 3546 hodiedum
754 3492 849 3545 videre
887 3496 939 3555 est,

88 3585 281 3636 monumento
310 3580 546 3635 condecoravit.»
583 3581 738 3650 Quousque
770 3579 942 3634 extendatur

87 3671 165 3726 istud
182 3691 197 3717 ι
225 3669 391 3725 hodiedum⁴
408 3690 419 3718 ›
438 3669 559 3725 necdum
588 3668 658 3722 satis
677 3669 752 3722 clare
778 3668 939 3739 perspicio;

87 3760 289 3829 colligendum
303 3759 332 3813 id
343 3759 398 3813 erit
416 3775 449 3813 ex
463 3758 574 3813 schedis
589 3758 679 3813 nostri
695 3759 724 3812 P.
746 3757 865 3813 ioannis
886 3759 938 3810 (ia-

88 3847 208 3916 mansii,
224 3847 310 3902 toties
331 3847 360 3902 iu
381 3847 457 3901 Actis
473 3847 577 3901 nostris
592 3847 710 3913 laudati,
738 3847 787 3917 qui
813 3862 859 3900 eas
888 3847 941 3899 da-

91 3936 176 3991 scribi
199 3935 310 3990 curavit
335 3952 370 3989 ex
393 3936 441 3990 bs.
459 3936 595 4005 Catalogo
620 3935 825 4005 Episcoporum
855 3935 940 3988 bum-

94 4023 278 4094 bergensium
293 4025 320 4079 S.
338 4023 480 4078 Michaelis
497 4024 679 4094 bamberge3
701 4039 772 4094 quas
787 4022 833 4076 bic
848 4022 939 4075 addu-

93 4127 156 4166 cere
177 4128 274 4182 operee
298 4110 425 4182 pretium
450 4110 701 4178 existimavimus
726 4127 760 4163 aa
787 4110 941 4180 suppleant

91 4217 159 4272 quaa
175 4201 206 4255 in
220 4200 380 4255 Holmanno
391 4200 599 4254 desiderantur.

126 4289 172 4341 26.
190 4287 317 4358 Scriptor
335 4287 399 4354 iste,
420 4288 471 4358 qui
486 4287 600 4341 uounisi
615 4287 649 4340 ad
668 4301 776 4340 annum
800 4287 865 4340 1440
880 4288 936 4339 ttu-

87 4376 173 4430 nales
192 4392 259 4430 suos
273 4376 416 4446 perduxit,
431 4376 480 4430 ubi
492 4391 569 4430 aiano
592 4378 659 4431 1379
681 4374 787 4429 civium
804 4375 936 4427 bamber-

87 4464 225 4534 gensium
251 4464 406 4519 seditiones
428 4465 563 4517 adversus
587 4464 769 4517 Lambertum
798 4478 849 4516 xxx
875 4462 936 4533 epi-

89 4568 211 4622 scopum
241 4553 340 4622 paucis
376 4553 555 4619 memoravit,
577 4552 618 4606 ita
645 4551 760 4605 subdit:
788 4574 798 4598 ι
830 4550 938 4615 Quibus

90 4641 189 4694 verbis
205 4641 371 4695 Lambertus
386 4641 416 4695 in
433 4656 570 4711 magnum
588 4641 720 4694 tirnorem
748 4640 875 4704 adactus,
903 4640 936 4694 ad

90 4728 220 4781 divinam
236 4727 446 4799 implorandam
471 4744 556 4798 opem
586 4727 724 4797 confugit,
753 4734 783 4781 et
805 4729 937 4797 sequenti

89 4830 181 4879 anno,
198 4816 273 4869 clero
290 4832 322 4870 ac
337 4817 445 4886 populo
453 4818 599 4884 advocato,
615 4816 771 4869 tumultum
786 4814 814 4870 S.
828 4816 938 4870 ttenrici

90 4902 214 4973 aperuit,
230 4910 258 4958 et
270 4905 407 4976 reliquias
420 4906 482 4974 ejus
498 4921 590 4959 sacras
612 4903 729 4974 protulit
745 4921 753 4957 ε
773 4926 784 4952 ι
813 4920 847 4958 ex
873 4904 937 4975 qui·

91 4992 145 5046 bus
169 4992 313 5063 quidtnm
334 4999 444 5058 gesturn
461 4994 507 5058 sit,
532 4993 587 5059 vix,
607 4997 655 5047 aut
684 5007 719 5045 na
748 4993 793 5046 vix
820 4992 937 5063 quidem

93 5079 245 5151 intelligas.
262 5081 329 5135 Hac
343 5082 429 5153 paulo
446 5082 562 5135 uberius
585 5081 670 5135 citata
695 5079 838 5135 Gamausii
862 5081 939 5134 sebe-

89 5169 137 5231 da,
155 5183 242 5238 quam
258 5169 287 5222 iu
303 5169 364 5238 ejus
379 5169 435 5224 lide
455 5169 591 5239 produco.
608 5168 695 5224 «Sub
722 5169 777 5223 isto
805 5184 938 5224 reveren-

89 5256 210 5310 dissimo
229 5257 259 5311 iu
288 5257 397 5311 Christo
414 5264 495 5328 patre
521 5274 553 5312 ac
582 5258 703 5311 Domino
718 5258 751 5312 b.
779 5256 938 5321 Lamhertrv,

91 5361 169 5399 anno
200 5345 280 5399 bom.
317 5362 463 5412 ucccnxxr,
495 5345 596 5401 indict.
627 5363 668 5411 ιιι,
693 5347 739 5401 die
766 5361 814 5399 viu
834 5345 940 5399 mensis

90 5432 171 5500 tulii,
214 5449 272 5504 qua
303 5434 407 5489 testum
442 5435 538 5505 agitur
576 5441 741 5489 sanctorum
782 5441 940 5505 martyrum

92 5520 208 5591 tiyliani
238 5536 271 5574 ae
310 5522 452 5576 sociorum
497 5526 568 5593 ejus,
620 5523 767 5594 regiminis
799 5523 842 5576 sui
874 5539 938 5576 een-

996 3049 1148 3105 Hauricnm
1165 3051 1368 3121 Imperatorem
1397 3049 1574 3103 tumulavit:
1603 3049 1764 3119 Egilbertus
1789 3065 1842 3104 ua·

995 3156 1049 3193 nus
1079 3139 1321 3205 babenbergensis
1365 3138 1515 3208 episcopus
1543 3137 1722 3193 canonizavit
1747 3137 1842 3209 ipsum

994 3227 1188 3282 S.Henricum
1214 3230 1327 3297 (nempe
1347 3243 1400 3297 per
1425 3226 1585 3298 Eugenium
1613 3227 1650 3281 ru
1676 3226 1793 3296 Papam)
1814 3231 1843 3280 et

995 3316 1175 3371 Eberhardus
1199 3317 1259 3370 Dux
1284 3316 1420 3382 Bavariae,
1454 3315 1582 3370 decimus
1608 3314 1759 3386 episcopus
1791 3316 1840 3370 ba·

994 3404 1080 3460 beuh.
1115 3404 1260 3458 transtulit
1293 3403 1444 3475 praefatum
1472 3409 1581 3474 patrem
1603 3409 1632 3458 et
1657 3403 1841 3458 fundatorem

994 3492 1119 3547 ecclesiae
1135 3494 1162 3547 S.
1192 3491 1345 3547 ilenricnm
1361 3491 1523 3563 sanctisque
1545 3491 1615 3545 locis
1644 3490 1840 3546 venerandum

994 3581 1210 3635 commendavit
1238 3597 1313 3635 auno
1353 3583 1433 3635 bom.
1464 3596 1583 3647 ucxnvu,
1609 3580 1654 3634 dia
1686 3596 1734 3635 aru
1760 3580 1838 3643 tulii,

994 3669 1185 3743 praesentibus
1213 3670 1321 3724 ibidem
1353 3668 1561 3724 venerabilibus
1598 3667 1776 3739 principibus
1809 3688 1840 3722 ae

994 3757 1119 3814 dominis
1136 3759 1167 3812 b.
1186 3758 1348 3812 Eberhardo
1364 3756 1564 3827 salzburgensi
1582 3755 1795 3827 archiepiscopo
1812 3760 1840 3809 et

995 3849 1170 3903 hartmanno
1196 3845 1333 3900 brixiensi
1374 3845 1520 3915 episcopo,
1551 3860 1616 3898 cum
1643 3843 1742 3898 multis
1776 3842 1840 3898 aliis

994 3934 1135 4005 religiosis
1154 3933 1327 3988 tidelibusac
1343 3934 1400 3987 beu
1411 3932 1531 3986 devotis.

1029 4026 1064 4078 ‘28
1080 4026 1221 4092 apertura
1244 4021 1413 4091 sarcophagi
1442 4020 1617 4091 requirenda
1645 4022 1689 4073 est
1725 4017 1754 4072 in
1783 4034 1836 4088 po·

994 4111 1108 4166 steriori
1122 4110 1213 4182 capite
1229 4110 1282 4164 snb
1295 4115 1376 4178 tergo
1392 4109 1528 4180 imaginis
1542 4109 1632 4162 beatae
1649 4105 1744 4162 Mariae
1773 4106 1838 4159 Vir-

995 4200 1080 4271 ginis,
1096 4200 1145 4254 uhi
1160 4198 1265 4269 scripta
1276 4204 1343 4253 sunt
1359 4199 1418 4253 haec
1434 4197 1520 4251 verba
1536 4214 1542 4250 :
1558 4200 1655 4251 hanan
1672 4211 1757 4250 roura
1772 4211 1838 4250 cmm

997 4290 1113 4343 hocarvo
1138 4303 1327 4348 aaarournaurr
1347 4304 1373 4340 vu
1397 4303 1476 4340 rasio
1498 4288 1526 4341 S.
1555 4286 1669 4340 Heuuvcr
1684 4300 1719 4338 an
1742 4299 1838 4338 sanco-

993 4391 1101 4431 runouu
1118 4391 1200 4429 suun.
1222 4375 1317 4445 Pergit
1344 4374 1447 4429 deiude
1468 4374 1589 4445 scriptor
1614 4372 1740 4444 catalogi
1768 4387 1839 4426 euu-

992 4480 1104 4518 merare
1123 4462 1250 4534 insignes
1268 4461 1380 4533 aliquot
1402 4462 1624 4531 bambergenses
1643 4459 1790 4531 reliquias,
1806 4475 1840 4514 eo

994 4552 1164 4622 ordineque
1191 4550 1298 4607 ibidem
1326 4550 1355 4604 iu
1381 4551 1491 4619 templo
1515 4549 1672 4604 cathedrali
1696 4547 1840 4618 disposita

993 4645 1069 4696 sunt.
1091 4661 1105 4689 a
1130 4640 1231 4710 Caput,
1247 4639 1341 4710 iuquit
1357 4639 1384 4694 S.
1414 4638 1528 4694 Heurici
1551 4638 1581 4692 in
1606 4637 1701 4692 medio
1728 4637 1840 4691 locatur

993 4729 1289 4798 antesarcophagum,
1319 4728 1457 4781 adaltarc
1473 4731 1578 4781 sauctae
1605 4725 1712 4781 Crucis.
1746 4740 1840 4780 versus

993 4816 1160 4873 Orientem:
1177 4833 1193 4869 a
1209 4814 1314 4870 dextris
1340 4815 1471 4870 exeundo
1487 4832 1503 4869 e
1520 4815 1605 4869 choro
1633 4814 1660 4868 S.
1692 4812 1776 4877 Petri,
1793 4827 1838 4864 ca·

994 4908 1047 4974 put
1060 4910 1163 4958 sauctae
1179 4903 1373 4974 Cuneguudis,
1385 4909 1414 4958 et
1432 4904 1529 4974 imago
1543 4903 1635 4957 beatae
1653 4899 1747 4955 traria
1774 4898 1839 4953 vir·

994 4992 1078 5064 ginis.
1096 4996 1118 5047 Α
1133 4993 1256 5046 sinistris
1272 4993 1300 5047 S.
1316 4993 1481 5063 blargurelre
1496 4997 1525 5045 et
1544 4992 1630 5057 capnt
1654 4989 1682 5043 S.
1709 4986 1838 5042 Kiliaui:

994 5080 1126 5136 adextris
1139 5081 1268 5136 exeundo
1284 5098 1298 5134 a
1314 5081 1402 5135 choro
1416 5080 1443 5136 S.
1468 5078 1553 5145 Petri,
1583 5081 1670 5145 caput
1695 5075 1723 5131 S.
1750 5075 1840 5130 Theo·

994 5169 1057 5224 dori
1081 5175 1109 5222 et
1127 5170 1218 5223 sancti
1244 5170 1390 5240 Dionysii3
1412 5172 1440 5221 et
1464 5181 1563 5218 versus
1583 5163 1729 5219 vtrienvern
1754 5166 1841 5233 caput

994 5263 1171 5325 argenteum,
1203 5261 1225 5311 Α
1253 5258 1375 5311 sinistris
1394 5271 1456 5324 cop.
1486 5259 1650 5308 sanctorum
1674 5253 1783 5306 Cosmae
1813 5257 1841 5306 et

997 5345 1138 5410 flamiam,
1167 5350 1196 5399 et
1214 5353 1300 5415 capnt
1321 5350 1513 5415 argenteum:
1541 5357 1639 5396 versus
1663 5341 1783 5395 chorum
1811 5340 1838 5395 S.

995 5433 1082 5500 Petri,
1108 5440 1195 5504 caput
1220 5434 1248 5488 S.
1272 5432 1393 5497 Ottonis,
1418 5437 1447 5485 et
1469 5435 1555 5503 eaput
1582 5430 1609 5485 S.
1637 5430 1679 5484 Pii
1703 5445 1785 5500 papae
1809 5433 1839 5484 et

997 5525 1167 5593 martyris.»
1186 5522 1321 5591 Sequitur
1335 5521 1362 5575 in
1386 5521 1482 5575 charta
1498 5518 1688 5574 Gamansiaua
1716 5517 1838 5573 miraru-
