<?xml version="1.0" encoding="UTF-8"?>
<!DOCTYPE html PUBLIC "-//W3C//DTD XHTML 1.0 Transitional//EN"
    "http://www.w3.org/TR/xhtml1/DTD/xhtml1-transitional.dtd">
<html xmlns="http://www.w3.org/1999/xhtml" xml:lang="en" lang="en">
 <head>
  <title>
</title>
<meta http-equiv="Content-Type" content="text/html;charset=utf-8" />
  <meta name='ocr-system' content='tesseract 3.04.00' />
  <meta name='ocr-capabilities' content='ocr_page ocr_carea ocr_par ocr_line ocrx_word'/>
</head>
<body>
  <div class='ocr_page' id='page_1' title='image "./patrologiaecurs17unkngoog/patrologiaecurs17unkngoog_0538.png"; bbox 0 0 3878 6112; ppageno 0'>
   <div class='ocr_carea' id='block_1_1' title="bbox 90 226 1856 288">
    <p class='ocr_par' dir='ltr' id='par_1_1' title="bbox 90 226 1856 288">
     <span class='ocr_line' id='line_1_1' title="bbox 90 226 1856 288; baseline 0.002 -3"><span class='ocrx_word' id='word_1_1' title='bbox 90 231 172 285; x_wconf 72' lang='lat' dir='ltr'>&#39;ibib</span> <span class='ocrx_word' id='word_1_2' title='bbox 623 226 808 284; x_wconf 79' lang='lat' dir='ltr'>CODClhlUbl</span> <span class='ocrx_word' id='word_1_3' title='bbox 829 227 864 283; x_wconf 80' lang='lat' dir='ltr'>Ill</span> <span class='ocrx_word' id='word_1_4' title='bbox 883 227 1144 284; x_wconf 68' lang='lat' dir='ltr'>SALLEGUNSTAT</span> <span class='ocrx_word' id='word_1_5' title='bbox 1164 228 1330 285; x_wconf 77' lang='lat' dir='ltr'>lisllllTUll.</span> <span class='ocrx_word' id='word_1_6' title='bbox 1787 236 1856 288; x_wconf 78' lang='lat' dir='ltr'>loeo</span> 
     </span>
    </p>
   </div>
   <div class='ocr_carea' id='block_1_2' title="bbox 102 349 1856 514">
    <p class='ocr_par' dir='ltr' id='par_1_2' title="bbox 102 349 1856 514">
     <span class='ocr_line' id='line_1_2' title="bbox 102 349 1854 424; baseline -0.001 -16"><span class='ocrx_word' id='word_1_7' title='bbox 102 354 196 409; x_wconf 91' lang='lat' dir='ltr'>larum</span> <span class='ocrx_word' id='word_1_8' title='bbox 224 350 484 417; x_wconf 78' lang='lat' dir='ltr'><strong>consuetudinum,</strong></span> <span class='ocrx_word' id='word_1_9' title='bbox 513 349 632 405; x_wconf 90' lang='lat' dir='ltr'>honesta</span> <span class='ocrx_word' id='word_1_10' title='bbox 662 350 849 405; x_wconf 79' lang='lat' dir='ltr'>consensione</span> <span class='ocrx_word' id='word_1_11' title='bbox 879 351 950 406; x_wconf 93' lang='lat' dir='ltr'>redi·</span> <span class='ocrx_word' id='word_1_12' title='bbox 968 351 1077 420; x_wconf 74' lang='lat' dir='ltr'>dhoet,</span> <span class='ocrx_word' id='word_1_13' title='bbox 1102 351 1303 423; x_wconf 72' lang='lat' dir='ltr'>hyemantibus</span> <span class='ocrx_word' id='word_1_14' title='bbox 1326 350 1467 419; x_wconf 88' lang='lat' dir='ltr'>similiter,</span> <span class='ocrx_word' id='word_1_15' title='bbox 1500 351 1555 407; x_wconf 86' lang='lat' dir='ltr'>nisi</span> <span class='ocrx_word' id='word_1_16' title='bbox 1577 353 1733 408; x_wconf 73' lang='lat' dir='ltr'>necessitas</span> <span class='ocrx_word' id='word_1_17' title='bbox 1760 360 1854 424; x_wconf 82' lang='lat' dir='ltr'>coget.</span> 
     </span>
     <span class='ocr_line' id='line_1_3' title="bbox 102 438 1856 514; baseline 0.001 -18"><span class='ocrx_word' id='word_1_18' title='bbox 102 441 377 514; x_wconf 84' lang='lat' dir='ltr'>gereturinunum.</span> <span class='ocrx_word' id='word_1_19' title='bbox 396 438 728 510; x_wconf 86' lang='lat' dir='ltr'>ideoquepropterillas</span> <span class='ocrx_word' id='word_1_20' title='bbox 753 440 951 495; x_wconf 80' lang='lat' dir='ltr'>lamentabiles</span> <span class='ocrx_word' id='word_1_21' title='bbox 1005 440 1068 495; x_wconf 85' lang='lat' dir='ltr'>Can.</span> <span class='ocrx_word' id='word_1_22' title='bbox 1087 440 1218 496; x_wconf 72' lang='lat' dir='ltr'>u-ur</span> <span class='ocrx_word' id='word_1_23' title='bbox 1236 440 1377 510; x_wconf 80' lang='lat' dir='ltr'>presbyter</span> <span class='ocrx_word' id='word_1_24' title='bbox 1390 455 1443 494; x_wconf 89' lang='lat' dir='ltr'>non</span> <span class='ocrx_word' id='word_1_25' title='bbox 1457 442 1575 509; x_wconf 82' lang='lat' dir='ltr'>amplius</span> <span class='ocrx_word' id='word_1_26' title='bbox 1597 458 1678 510; x_wconf 83' lang='lat' dir='ltr'>quom</span> <span class='ocrx_word' id='word_1_27' title='bbox 1710 448 1765 498; x_wconf 85' lang='lat' dir='ltr'>tres</span> <span class='ocrx_word' id='word_1_28' title='bbox 1790 444 1856 498; x_wconf 82' lang='lat' dir='ltr'>dlis·</span> 
     </span>
    </p>
   </div>
   <div class='ocr_carea' id='block_1_3' title="bbox 102 512 1858 675">
    <p class='ocr_par' dir='ltr' id='par_1_3' title="bbox 102 512 1858 675">
     <span class='ocr_line' id='line_1_4' title="bbox 103 512 1566 602; baseline -0.006 -16"><span class='ocrx_word' id='word_1_29' title='bbox 103 529 303 595; x_wconf 79' lang='lat' dir='ltr'>dissensiones,</span> <span class='ocrx_word' id='word_1_30' title='bbox 319 528 466 585; x_wconf 89' lang='lat' dir='ltr'>communi</span> <span class='ocrx_word' id='word_1_31' title='bbox 493 529 608 584; x_wconf 89' lang='lat' dir='ltr'>decreto</span> <span class='ocrx_word' id='word_1_32' title='bbox 632 529 755 598; x_wconf 89' lang='lat' dir='ltr'>concilii,</span> <span class='ocrx_word' id='word_1_33' title='bbox 782 530 842 584; x_wconf 80' lang='lat' dir='ltr'>ltoec</span> <span class='ocrx_word' id='word_1_34' title='bbox 870 531 947 602; x_wconf 87' lang='lat' dir='ltr'>oapi·</span> <span class='ocrx_word' id='word_1_35' title='bbox 1287 513 1372 567; x_wconf 61' lang='lat' dir='ltr'>iasii</span> <span class='ocrx_word' id='word_1_36' title='bbox 1386 513 1431 566; x_wconf 61' lang='lat'>(¹5⁶</span> <span class='ocrx_word' id='word_1_37' title='bbox 1446 512 1566 570; x_wconf 58' lang='lat' dir='ltr'>celebret·</span> 
     </span>
     <span class='ocr_line' id='line_1_5' title="bbox 102 600 1858 675; baseline -0.007 -6"><span class='ocrx_word' id='word_1_38' title='bbox 102 620 162 675; x_wconf 77' lang='lat' dir='ltr'>tuln</span> <span class='ocrx_word' id='word_1_39' title='bbox 176 618 283 673; x_wconf 79' lang='lat' dir='ltr'>sancita</span> <span class='ocrx_word' id='word_1_40' title='bbox 299 622 373 673; x_wconf 76' lang='lat' dir='ltr'>sunt.</span> <span class='ocrx_word' id='word_1_41' title='bbox 1040 601 1118 672; x_wconf 85' lang='lat' dir='ltr'>(item</span> <span class='ocrx_word' id='word_1_42' title='bbox 1129 617 1163 656; x_wconf 79' lang='lat' dir='ltr'>ca</span> <span class='ocrx_word' id='word_1_43' title='bbox 1189 600 1303 671; x_wconf 84' lang='lat' dir='ltr'>eodem.)</span> <span class='ocrx_word' id='word_1_44' title='bbox 1319 603 1388 656; x_wconf 86' lang='lat' dir='ltr'>item</span> <span class='ocrx_word' id='word_1_45' title='bbox 1413 601 1558 655; x_wconf 86' lang='lat' dir='ltr'>decretum</span> <span class='ocrx_word' id='word_1_46' title='bbox 1583 607 1635 670; x_wconf 90' lang='lat' dir='ltr'>est,</span> <span class='ocrx_word' id='word_1_47' title='bbox 1652 608 1684 656; x_wconf 93' lang='lat' dir='ltr'>ut</span> <span class='ocrx_word' id='word_1_48' title='bbox 1702 603 1858 674; x_wconf 88' lang='lat' dir='ltr'>unusquis·</span> 
     </span>
    </p>
   </div>
   <div class='ocr_carea' id='block_1_4' title="bbox 100 689 1857 774">
    <p class='ocr_par' dir='ltr' id='par_1_4' title="bbox 100 689 1857 774">
     <span class='ocr_line' id='line_1_6' title="bbox 100 689 1857 774; baseline -0.001 -11"><span class='ocrx_word' id='word_1_49' title='bbox 100 707 164 764; x_wconf 81' lang='lat' dir='ltr'>Cer.</span> <span class='ocrx_word' id='word_1_50' title='bbox 181 706 202 762; x_wconf 91' lang='lat'>1.</span> <span class='ocrx_word' id='word_1_51' title='bbox 219 708 306 760; x_wconf 86' lang='lat' dir='ltr'>-De</span> <span class='ocrx_word' id='word_1_52' title='bbox 329 706 611 769; x_wconf 83' lang='lat' dir='ltr'>obstimntiocoruis,</span> <span class='ocrx_word' id='word_1_53' title='bbox 629 707 808 774; x_wconf 85' lang='lat' dir='ltr'>etsnnpuinis</span> <span class='ocrx_word' id='word_1_54' title='bbox 833 707 863 759; x_wconf 87' lang='lat' dir='ltr'>in</span> <span class='ocrx_word' id='word_1_55' title='bbox 885 705 949 760; x_wconf 90' lang='lat' dir='ltr'>sub·</span> <span class='ocrx_word' id='word_1_56' title='bbox 1004 689 1219 761; x_wconf 62' lang='lat' dir='ltr'>(infil’lffibt&#39;lef</span> <span class='ocrx_word' id='word_1_57' title='bbox 1240 689 1269 742; x_wconf 66' lang='lat'>¹¹¹</span> <span class='ocrx_word' id='word_1_58' title='bbox 1294 689 1341 742; x_wconf 57' lang='lat'>⁶1⁰</span> <span class='ocrx_word' id='word_1_59' title='bbox 1365 705 1422 743; x_wconf 68' lang='lat'>‘¹⁰¹¹</span> <span class='ocrx_word' id='word_1_60' title='bbox 1447 689 1572 760; x_wconf 70' lang='lat' dir='ltr'>⁸¹¹¹D¹i⁰³</span> <span class='ocrx_word' id='word_1_61' title='bbox 1596 706 1684 762; x_wconf 88' lang='lat' dir='ltr'>qnam</span> <span class='ocrx_word' id='word_1_62' title='bbox 1705 696 1766 745; x_wconf 58' lang='lat'>“0³</span> <span class='ocrx_word' id='word_1_63' title='bbox 1790 692 1857 746; x_wconf 60' lang='grc' dir='ltr'>Πιδ-</span> 
     </span>
    </p>
   </div>
   <div class='ocr_carea' id='block_1_5' title="bbox 376 776 1383 846">
    <p class='ocr_par' dir='ltr' id='par_1_5' title="bbox 376 776 1383 846">
     <span class='ocr_line' id='line_1_7' title="bbox 376 776 1383 846; baseline 0.001 -17"><span class='ocrx_word' id='word_1_64' title='bbox 376 777 488 844; x_wconf 84' lang='lat' dir='ltr'>seriptis</span> <span class='ocrx_word' id='word_1_65' title='bbox 504 776 677 845; x_wconf 77' lang='lat' dir='ltr'>temporibus.</span> <span class='ocrx_word' id='word_1_66' title='bbox 1003 794 1047 830; x_wconf 79' lang='lat' dir='ltr'>sas</span> <span class='ocrx_word' id='word_1_67' title='bbox 1057 776 1201 831; x_wconf 89' lang='lat' dir='ltr'>celebrare</span> <span class='ocrx_word' id='word_1_68' title='bbox 1217 781 1383 846; x_wconf 73' lang='lat' dir='ltr'>prasumat.</span> 
     </span>
    </p>
   </div>
   <div class='ocr_carea' id='block_1_6' title="bbox 100 851 1856 1015">
    <p class='ocr_par' dir='ltr' id='par_1_6' title="bbox 100 851 1856 1015">
     <span class='ocr_line' id='line_1_8' title="bbox 137 851 1856 945; baseline -0.001 -34"><span class='ocrx_word' id='word_1_69' title='bbox 137 859 184 923; x_wconf 91' lang='lat' dir='ltr'>(ln</span> <span class='ocrx_word' id='word_1_70' title='bbox 200 857 312 911; x_wconf 86' lang='lat' dir='ltr'>concilio</span> <span class='ocrx_word' id='word_1_71' title='bbox 323 858 352 909; x_wconf 90' lang='lat' dir='ltr'>in</span> <span class='ocrx_word' id='word_1_72' title='bbox 363 854 539 922; x_wconf 76' lang='lat' dir='ltr'>salegunstat</span> <span class='ocrx_word' id='word_1_73' title='bbox 553 854 667 921; x_wconf 83' lang='lat' dir='ltr'>habito.)</span> <span class='ocrx_word' id='word_1_74' title='bbox 683 855 719 909; x_wconf 92' lang='lat' dir='ltr'>Ut</span> <span class='ocrx_word' id='word_1_75' title='bbox 732 870 778 909; x_wconf 83' lang='lat' dir='ltr'>xiv</span> <span class='ocrx_word' id='word_1_76' title='bbox 807 851 868 910; x_wconf 81' lang='lat' dir='ltr'>diei</span> <span class='ocrx_word' id='word_1_77' title='bbox 884 869 950 908; x_wconf 93' lang='lat' dir='ltr'>om·</span> <span class='ocrx_word' id='word_1_78' title='bbox 1002 875 1126 930; x_wconf 44' lang='lat' dir='ltr'>effug,</span> <span class='ocrx_word' id='word_1_79' title='bbox 1142 904 1177 914; x_wconf 70' lang='grc'>,</span> <span class='ocrx_word' id='word_1_80' title='bbox 1194 876 1228 929; x_wconf 67' lang='lat' dir='ltr'>yyy</span> <span class='ocrx_word' id='word_1_81' title='bbox 1251 889 1328 928; x_wconf 60' lang='lat' dir='ltr'><em>„emo</em></span> <span class='ocrx_word' id='word_1_82' title='bbox 1352 875 1491 943; x_wconf 56' lang='lat' dir='ltr'>,oppmye</span> <span class='ocrx_word' id='word_1_83' title='bbox 1512 875 1549 928; x_wconf 66' lang='lat' dir='ltr'>ad</span> <span class='ocrx_word' id='word_1_84' title='bbox 1566 876 1786 945; x_wconf 54' lang='lat' dir='ltr'>,mumdum</span> <span class='ocrx_word' id='word_1_85' title='bbox 1817 877 1856 932; x_wconf 49' lang='lat' dir='ltr'>in·</span> 
     </span>
     <span class='ocr_line' id='line_1_9' title="bbox 100 941 1634 1015; baseline 0.001 -15"><span class='ocrx_word' id='word_1_86' title='bbox 100 961 151 1001; x_wconf 89' lang='lat' dir='ltr'>nes</span> <span class='ocrx_word' id='word_1_87' title='bbox 166 943 320 1000; x_wconf 75' lang='lat' dir='ltr'>Christiani</span> <span class='ocrx_word' id='word_1_88' title='bbox 338 947 404 997; x_wconf 90' lang='lat' dir='ltr'>ante</span> <span class='ocrx_word' id='word_1_89' title='bbox 433 942 620 997; x_wconf 85' lang='lat' dir='ltr'>festivitatem</span> <span class='ocrx_word' id='word_1_90' title='bbox 644 941 671 998; x_wconf 88' lang='lat' dir='ltr'>S.</span> <span class='ocrx_word' id='word_1_91' title='bbox 687 943 804 998; x_wconf 84' lang='lat' dir='ltr'>loannis</span> <span class='ocrx_word' id='word_1_92' title='bbox 815 944 949 1015; x_wconf 75' lang='lat' dir='ltr'>baptistae</span> <span class='ocrx_word' id='word_1_93' title='bbox 1214 944 1481 1014; x_wconf 64' lang='lat' dir='ltr'>censeamusque</span> <span class='ocrx_word' id='word_1_94' title='bbox 1495 946 1634 1015; x_wconf 79' lang='lat' dir='ltr'>projiciat.</span> 
     </span>
    </p>
   </div>
   <div class='ocr_carea' id='block_1_7' title="bbox 98 1029 1855 1728">
    <p class='ocr_par' dir='ltr' id='par_1_7' title="bbox 98 1029 1855 1632">
     <span class='ocr_line' id='line_1_10' title="bbox 99 1029 1855 1104; baseline 0.002 -17"><span class='ocrx_word' id='word_1_95' title='bbox 99 1034 129 1087; x_wconf 91' lang='lat' dir='ltr'>in</span> <span class='ocrx_word' id='word_1_96' title='bbox 145 1030 318 1088; x_wconf 81' lang='lat' dir='ltr'>abstinentia</span> <span class='ocrx_word' id='word_1_97' title='bbox 333 1031 391 1085; x_wconf 91' lang='lat' dir='ltr'>sint</span> <span class='ocrx_word' id='word_1_98' title='bbox 406 1029 500 1085; x_wconf 87' lang='lat' dir='ltr'>carnis</span> <span class='ocrx_word' id='word_1_99' title='bbox 521 1034 549 1084; x_wconf 86' lang='lat' dir='ltr'>ct</span> <span class='ocrx_word' id='word_1_100' title='bbox 572 1030 729 1100; x_wconf 85' lang='lat' dir='ltr'>sanguinis,</span> <span class='ocrx_word' id='word_1_101' title='bbox 754 1031 809 1085; x_wconf 87' lang='lat' dir='ltr'>nisi</span> <span class='ocrx_word' id='word_1_102' title='bbox 829 1031 951 1086; x_wconf 85' lang='lat' dir='ltr'>infirmi·</span> <span class='ocrx_word' id='word_1_103' title='bbox 1038 1032 1092 1104; x_wconf 79' lang='lat' dir='ltr'>(Du</span> <span class='ocrx_word' id='word_1_104' title='bbox 1120 1032 1232 1103; x_wconf 80' lang='lat' dir='ltr'>codem.)</span> <span class='ocrx_word' id='word_1_105' title='bbox 1252 1033 1445 1104; x_wconf 76' lang='lat' dir='ltr'>conquestam</span> <span class='ocrx_word' id='word_1_106' title='bbox 1461 1041 1503 1088; x_wconf 90' lang='lat' dir='ltr'>est</span> <span class='ocrx_word' id='word_1_107' title='bbox 1517 1035 1604 1089; x_wconf 89' lang='lat' dir='ltr'>etiem</span> <span class='ocrx_word' id='word_1_108' title='bbox 1620 1035 1649 1089; x_wconf 91' lang='lat' dir='ltr'>ln</span> <span class='ocrx_word' id='word_1_109' title='bbox 1665 1041 1771 1091; x_wconf 87' lang='lat' dir='ltr'>sancto</span> <span class='ocrx_word' id='word_1_110' title='bbox 1785 1053 1855 1091; x_wconf 88' lang='lat' dir='ltr'>cou-</span> 
     </span>
     <span class='ocr_line' id='line_1_11' title="bbox 99 1118 1854 1197; baseline 0.003 -21"><span class='ocrx_word' id='word_1_111' title='bbox 99 1126 157 1177; x_wconf 86' lang='lat' dir='ltr'>tate</span> <span class='ocrx_word' id='word_1_112' title='bbox 171 1121 357 1192; x_wconf 87' lang='lat' dir='ltr'>impediente,</span> <span class='ocrx_word' id='word_1_113' title='bbox 375 1124 424 1173; x_wconf 90' lang='lat' dir='ltr'>aut</span> <span class='ocrx_word' id='word_1_114' title='bbox 438 1119 559 1188; x_wconf 82' lang='lat' dir='ltr'>alicujus</span> <span class='ocrx_word' id='word_1_115' title='bbox 569 1118 633 1172; x_wconf 86' lang='lat' dir='ltr'>lasti</span> <span class='ocrx_word' id='word_1_116' title='bbox 648 1120 827 1173; x_wconf 82' lang='lat' dir='ltr'>solemnitate</span> <span class='ocrx_word' id='word_1_117' title='bbox 841 1135 906 1189; x_wconf 73' lang='lat' dir='ltr'>qvem</span> <span class='ocrx_word' id='word_1_118' title='bbox 919 1119 949 1174; x_wconf 91' lang='lat' dir='ltr'>in</span> <span class='ocrx_word' id='word_1_119' title='bbox 1001 1120 1068 1177; x_wconf 90' lang='lat' dir='ltr'>cilio</span> <span class='ocrx_word' id='word_1_120' title='bbox 1081 1122 1117 1177; x_wconf 93' lang='lat' dir='ltr'>de</span> <span class='ocrx_word' id='word_1_121' title='bbox 1128 1122 1299 1193; x_wconf 84' lang='lat' dir='ltr'>quibusdam</span> <span class='ocrx_word' id='word_1_122' title='bbox 1311 1123 1486 1178; x_wconf 85' lang='lat' dir='ltr'>stultissimis</span> <span class='ocrx_word' id='word_1_123' title='bbox 1499 1124 1684 1194; x_wconf 89' lang='lat' dir='ltr'>presbyteris,</span> <span class='ocrx_word' id='word_1_124' title='bbox 1694 1127 1854 1197; x_wconf 89' lang='lat' dir='ltr'>utquando</span> 
     </span>
     <span class='ocr_line' id='line_1_12' title="bbox 98 1207 1854 1286; baseline 0.004 -23"><span class='ocrx_word' id='word_1_125' title='bbox 98 1207 580 1281; x_wconf 82' lang='lat' dir='ltr'>illoepiscopiocclebrishabetur</span> <span class='ocrx_word' id='word_1_126' title='bbox 602 1207 805 1262; x_wconf 78' lang='lat' dir='ltr'>intercedente.</span> <span class='ocrx_word' id='word_1_127' title='bbox 824 1207 856 1262; x_wconf 87' lang='lat' dir='ltr'>Et</span> <span class='ocrx_word' id='word_1_128' title='bbox 884 1212 948 1262; x_wconf 89' lang='lat' dir='ltr'>ante</span> <span class='ocrx_word' id='word_1_129' title='bbox 1002 1211 1166 1267; x_wconf 91' lang='lat' dir='ltr'>incendium</span> <span class='ocrx_word' id='word_1_130' title='bbox 1195 1211 1320 1277; x_wconf 82' lang='lat' dir='ltr'>rideant,</span> <span class='ocrx_word' id='word_1_131' title='bbox 1363 1213 1511 1282; x_wconf 89' lang='lat' dir='ltr'>corporale</span> <span class='ocrx_word' id='word_1_132' title='bbox 1552 1213 1704 1269; x_wconf 87' lang='lat' dir='ltr'>Dominico</span> <span class='ocrx_word' id='word_1_133' title='bbox 1732 1231 1854 1286; x_wconf 87' lang='lat' dir='ltr'>corpore</span> 
     </span>
     <span class='ocr_line' id='line_1_13' title="bbox 101 1289 1852 1370; baseline 0.003 -17"><span class='ocrx_word' id='word_1_134' title='bbox 101 1298 163 1353; x_wconf 84' lang='lat' dir='ltr'>Nat.</span> <span class='ocrx_word' id='word_1_135' title='bbox 181 1297 295 1353; x_wconf 91' lang='lat' dir='ltr'>Domini</span> <span class='ocrx_word' id='word_1_136' title='bbox 316 1296 458 1352; x_wconf 90' lang='lat' dir='ltr'>similiter.</span> <span class='ocrx_word' id='word_1_137' title='bbox 476 1297 508 1350; x_wconf 81' lang='lat' dir='ltr'>lit</span> <span class='ocrx_word' id='word_1_138' title='bbox 534 1296 564 1350; x_wconf 91' lang='lat' dir='ltr'>in</span> <span class='ocrx_word' id='word_1_139' title='bbox 593 1296 694 1364; x_wconf 82' lang='lat' dir='ltr'>vigilia</span> <span class='ocrx_word' id='word_1_140' title='bbox 718 1295 893 1366; x_wconf 72' lang='lat' dir='ltr'>Epiphaniae.</span> <span class='ocrx_word' id='word_1_141' title='bbox 918 1297 950 1350; x_wconf 81' lang='lat' dir='ltr'>lit</span> <span class='ocrx_word' id='word_1_142' title='bbox 1001 1289 1209 1366; x_wconf 80' lang='lat' dir='ltr'>consecratum,</span> <span class='ocrx_word' id='word_1_143' title='bbox 1224 1299 1260 1354; x_wconf 88' lang='lat' dir='ltr'>ad</span> <span class='ocrx_word' id='word_1_144' title='bbox 1286 1299 1513 1370; x_wconf 81' lang='lat' dir='ltr'>extinguendum</span> <span class='ocrx_word' id='word_1_145' title='bbox 1527 1301 1696 1357; x_wconf 92' lang='lat' dir='ltr'>incendium</span> <span class='ocrx_word' id='word_1_146' title='bbox 1726 1309 1852 1359; x_wconf 83' lang='lat' dir='ltr'>temere·</span> 
     </span>
     <span class='ocr_line' id='line_1_14' title="bbox 100 1385 1852 1464; baseline 0.004 -24"><span class='ocrx_word' id='word_1_147' title='bbox 100 1386 129 1440; x_wconf 88' lang='grc' dir='ltr'>ιιι</span> <span class='ocrx_word' id='word_1_148' title='bbox 145 1387 275 1441; x_wconf 91' lang='lat' dir='ltr'>omnium</span> <span class='ocrx_word' id='word_1_149' title='bbox 290 1385 397 1456; x_wconf 88' lang='lat' dir='ltr'>vigiliis</span> <span class='ocrx_word' id='word_1_150' title='bbox 411 1387 619 1455; x_wconf 89' lang='lat' dir='ltr'>apostolorum.</span> <span class='ocrx_word' id='word_1_151' title='bbox 633 1385 665 1439; x_wconf 85' lang='lat' dir='ltr'>Et</span> <span class='ocrx_word' id='word_1_152' title='bbox 680 1385 709 1439; x_wconf 90' lang='lat' dir='ltr'>in</span> <span class='ocrx_word' id='word_1_153' title='bbox 724 1385 823 1454; x_wconf 84' lang='lat' dir='ltr'>vigilia</span> <span class='ocrx_word' id='word_1_154' title='bbox 839 1401 948 1439; x_wconf 87' lang='lat' dir='ltr'>assum·</span> <span class='ocrx_word' id='word_1_155' title='bbox 1001 1388 1044 1443; x_wconf 87' lang='lat' dir='ltr'>rie</span> <span class='ocrx_word' id='word_1_156' title='bbox 1058 1389 1284 1459; x_wconf 72' lang='lat' dir='ltr'>presumptione</span> <span class='ocrx_word' id='word_1_157' title='bbox 1298 1389 1327 1442; x_wconf 93' lang='lat' dir='ltr'>in</span> <span class='ocrx_word' id='word_1_158' title='bbox 1354 1389 1450 1459; x_wconf 89' lang='lat' dir='ltr'>ignem</span> <span class='ocrx_word' id='word_1_159' title='bbox 1468 1391 1631 1461; x_wconf 86' lang='lat' dir='ltr'>projiciant.</span> <span class='ocrx_word' id='word_1_160' title='bbox 1660 1392 1793 1464; x_wconf 88' lang='lat' dir='ltr'>Ideoque</span> <span class='ocrx_word' id='word_1_161' title='bbox 1805 1394 1852 1448; x_wconf 93' lang='lat' dir='ltr'>de-</span> 
     </span>
     <span class='ocr_line' id='line_1_15' title="bbox 98 1473 1854 1547; baseline 0.005 -19"><span class='ocrx_word' id='word_1_162' title='bbox 98 1474 331 1546; x_wconf 68' lang='lat' dir='ltr'>ptionisfsauctee</span> <span class='ocrx_word' id='word_1_163' title='bbox 346 1473 450 1538; x_wconf 80' lang='lat' dir='ltr'>ldariae,</span> <span class='ocrx_word' id='word_1_164' title='bbox 467 1479 495 1527; x_wconf 91' lang='lat' dir='ltr'>et</span> <span class='ocrx_word' id='word_1_165' title='bbox 516 1473 545 1527; x_wconf 91' lang='lat' dir='ltr'>in</span> <span class='ocrx_word' id='word_1_166' title='bbox 566 1474 662 1544; x_wconf 83' lang='lat' dir='ltr'>vigilia</span> <span class='ocrx_word' id='word_1_167' title='bbox 679 1474 767 1526; x_wconf 88' lang='lat' dir='ltr'>sancti</span> <span class='ocrx_word' id='word_1_168' title='bbox 792 1473 946 1540; x_wconf 79' lang='lat' dir='ltr'>Lavvrentii,</span> <span class='ocrx_word' id='word_1_169' title='bbox 1001 1483 1110 1531; x_wconf 91' lang='lat' dir='ltr'>cretum</span> <span class='ocrx_word' id='word_1_170' title='bbox 1134 1483 1176 1532; x_wconf 90' lang='lat' dir='ltr'>est</span> <span class='ocrx_word' id='word_1_171' title='bbox 1203 1479 1257 1533; x_wconf 90' lang='lat' dir='ltr'>sub</span> <span class='ocrx_word' id='word_1_172' title='bbox 1282 1479 1474 1533; x_wconf 83' lang='lat' dir='ltr'>anathematis</span> <span class='ocrx_word' id='word_1_173' title='bbox 1499 1479 1716 1547; x_wconf 85' lang='lat' dir='ltr'>interdictione,</span> <span class='ocrx_word' id='word_1_174' title='bbox 1750 1498 1789 1536; x_wconf 89' lang='lat' dir='ltr'>ne</span> <span class='ocrx_word' id='word_1_175' title='bbox 1815 1483 1854 1537; x_wconf 92' lang='lat' dir='ltr'>nl·</span> 
     </span>
     <span class='ocr_line' id='line_1_16' title="bbox 100 1560 1162 1632; baseline 0.002 -14"><span class='ocrx_word' id='word_1_176' title='bbox 100 1580 220 1618; x_wconf 90' lang='lat' dir='ltr'>necnon</span> <span class='ocrx_word' id='word_1_177' title='bbox 234 1563 320 1617; x_wconf 88' lang='lat' dir='ltr'>eliam</span> <span class='ocrx_word' id='word_1_178' title='bbox 335 1561 364 1615; x_wconf 93' lang='lat' dir='ltr'>in</span> <span class='ocrx_word' id='word_1_179' title='bbox 381 1562 478 1632; x_wconf 82' lang='lat' dir='ltr'>vigilia</span> <span class='ocrx_word' id='word_1_180' title='bbox 493 1561 622 1615; x_wconf 92' lang='lat' dir='ltr'>omnium</span> <span class='ocrx_word' id='word_1_181' title='bbox 637 1567 799 1626; x_wconf 84' lang='lat' dir='ltr'>sanctornm</span> <span class='ocrx_word' id='word_1_182' title='bbox 814 1560 948 1631; x_wconf 76' lang='lat' dir='ltr'>adjicien·</span> <span class='ocrx_word' id='word_1_183' title='bbox 1001 1565 1088 1620; x_wconf 79' lang='lat' dir='ltr'>teritis</span> <span class='ocrx_word' id='word_1_184' title='bbox 1103 1564 1162 1620; x_wconf 86' lang='lat' dir='ltr'>fiat.</span> 
     </span>
    </p>

    <p class='ocr_par' dir='ltr' id='par_1_8' title="bbox 99 1641 1852 1728">
     <span class='ocr_line' id='line_1_17' title="bbox 99 1641 1852 1728; baseline 0.005 -22"><span class='ocrx_word' id='word_1_185' title='bbox 99 1656 142 1707; x_wconf 91' lang='lat' dir='ltr'>tes</span> <span class='ocrx_word' id='word_1_186' title='bbox 158 1651 299 1722; x_wconf 73' lang='lat' dir='ltr'>praedictis</span> <span class='ocrx_word' id='word_1_187' title='bbox 313 1650 415 1720; x_wconf 90' lang='lat' dir='ltr'>vigiliis</span> <span class='ocrx_word' id='word_1_188' title='bbox 427 1666 514 1704; x_wconf 90' lang='lat' dir='ltr'>unam</span> <span class='ocrx_word' id='word_1_189' title='bbox 530 1651 628 1704; x_wconf 91' lang='lat' dir='ltr'>horam</span> <span class='ocrx_word' id='word_1_190' title='bbox 642 1650 813 1715; x_wconf 85' lang='lat' dir='ltr'>relectionis,</span> <span class='ocrx_word' id='word_1_191' title='bbox 830 1655 947 1720; x_wconf 83' lang='lat' dir='ltr'>excepta</span> <span class='ocrx_word' id='word_1_192' title='bbox 967 1641 987 1695; x_wconf 82' lang='grc' dir='ltr'><strong>Β</strong></span> <span class='ocrx_word' id='word_1_193' title='bbox 1002 1654 1066 1709; x_wconf 83' lang='lat' dir='ltr'>Cae.</span> <span class='ocrx_word' id='word_1_194' title='bbox 1082 1656 1138 1710; x_wconf 91' lang='lat' dir='ltr'>Vll.</span> <span class='ocrx_word' id='word_1_195' title='bbox 1148 1686 1182 1695; x_wconf 94' lang='lat'><em>-</em></span> <span class='ocrx_word' id='word_1_196' title='bbox 1195 1659 1230 1710; x_wconf 85' lang='lat' dir='ltr'>De</span> <span class='ocrx_word' id='word_1_197' title='bbox 1240 1657 1297 1722; x_wconf 87' lang='lat' dir='ltr'>boc,</span> <span class='ocrx_word' id='word_1_198' title='bbox 1311 1657 1336 1710; x_wconf 90' lang='lat' dir='ltr'>si</span> <span class='ocrx_word' id='word_1_199' title='bbox 1346 1655 1654 1726; x_wconf 66' lang='lat' dir='ltr'>duoincutpotinrerint</span> <span class='ocrx_word' id='word_1_200' title='bbox 1667 1658 1852 1728; x_wconf 85' lang='lat' dir='ltr'>inadulterio,</span> 
     </span>
    </p>
   </div>
   <div class='ocr_carea' id='block_1_8' title="bbox 89 1738 947 4180">
    <p class='ocr_par' dir='ltr' id='par_1_9' title="bbox 96 1738 947 1900">
     <span class='ocr_line' id='line_1_18' title="bbox 99 1738 947 1810; baseline -0.005 -14"><span class='ocrx_word' id='word_1_201' title='bbox 99 1740 277 1805; x_wconf 85' lang='lat' dir='ltr'>infirmitate,</span> <span class='ocrx_word' id='word_1_202' title='bbox 294 1743 323 1792; x_wconf 90' lang='lat' dir='ltr'>at</span> <span class='ocrx_word' id='word_1_203' title='bbox 338 1738 393 1792; x_wconf 90' lang='lat' dir='ltr'>nisi</span> <span class='ocrx_word' id='word_1_204' title='bbox 408 1738 513 1810; x_wconf 87' lang='lat' dir='ltr'>aliquis</span> <span class='ocrx_word' id='word_1_205' title='bbox 533 1738 580 1807; x_wconf 90' lang='lat' dir='ltr'>sit,</span> <span class='ocrx_word' id='word_1_206' title='bbox 594 1738 643 1809; x_wconf 89' lang='lat' dir='ltr'>qui</span> <span class='ocrx_word' id='word_1_207' title='bbox 665 1739 780 1809; x_wconf 89' lang='lat' dir='ltr'>proprio</span> <span class='ocrx_word' id='word_1_208' title='bbox 805 1744 870 1793; x_wconf 89' lang='lat' dir='ltr'>voto</span> <span class='ocrx_word' id='word_1_209' title='bbox 887 1755 947 1792; x_wconf 90' lang='lat' dir='ltr'>ma·</span> 
     </span>
     <span class='ocr_line' id='line_1_19' title="bbox 96 1827 494 1900; baseline -0.003 -18"><span class='ocrx_word' id='word_1_210' title='bbox 96 1829 154 1900; x_wconf 78' lang='lat' dir='ltr'>y&#39;ori</span> <span class='ocrx_word' id='word_1_211' title='bbox 170 1827 343 1883; x_wconf 90' lang='lat' dir='ltr'>abstinentia</span> <span class='ocrx_word' id='word_1_212' title='bbox 358 1827 401 1881; x_wconf 91' lang='lat' dir='ltr'>uti</span> <span class='ocrx_word' id='word_1_213' title='bbox 416 1827 494 1881; x_wconf 88' lang='lat' dir='ltr'>velit.</span> 
     </span>
    </p>

    <p class='ocr_par' dir='ltr' id='par_1_10' title="bbox 135 1915 909 1985">
     <span class='ocr_line' id='line_1_20' title="bbox 135 1915 909 1985; baseline 0 -15"><span class='ocrx_word' id='word_1_214' title='bbox 135 1917 199 1971; x_wconf 83' lang='lat' dir='ltr'>Car.</span> <span class='ocrx_word' id='word_1_215' title='bbox 219 1916 252 1970; x_wconf 94' lang='lat' dir='ltr'>ll.</span> <span class='ocrx_word' id='word_1_216' title='bbox 268 1945 297 1954; x_wconf 98' lang='lat'>-</span> <span class='ocrx_word' id='word_1_217' title='bbox 316 1916 356 1969; x_wconf 87' lang='lat' dir='ltr'>De</span> <span class='ocrx_word' id='word_1_218' title='bbox 371 1915 545 1970; x_wconf 83' lang='lat' dir='ltr'>custodiendo</span> <span class='ocrx_word' id='word_1_219' title='bbox 564 1916 671 1985; x_wconf 74' lang='lat' dir='ltr'>iejrtnio</span> <span class='ocrx_word' id='word_1_220' title='bbox 691 1917 703 1970; x_wconf 94' lang='lat' dir='ltr'>l</span> <span class='ocrx_word' id='word_1_221' title='bbox 710 1916 737 1968; x_wconf 87' lang='lat' dir='ltr'><em>V</em></span> <span class='ocrx_word' id='word_1_222' title='bbox 750 1922 909 1984; x_wconf 87' lang='lat' dir='ltr'>temporum.</span> 
     </span>
    </p>

    <p class='ocr_par' dir='ltr' id='par_1_11' title="bbox 89 2004 946 4180">
     <span class='ocr_line' id='line_1_21' title="bbox 135 2004 946 2075; baseline -0.004 -15"><span class='ocrx_word' id='word_1_223' title='bbox 135 2006 187 2072; x_wconf 78' lang='lat' dir='ltr'>{En</span> <span class='ocrx_word' id='word_1_224' title='bbox 201 2004 292 2058; x_wconf 86' lang='lat' dir='ltr'>eodem</span> <span class='ocrx_word' id='word_1_225' title='bbox 308 2004 443 2072; x_wconf 66' lang='lat' dir='ltr'>concilio.)</span> <span class='ocrx_word' id='word_1_226' title='bbox 468 2004 507 2058; x_wconf 91' lang='lat' dir='ltr'>De</span> <span class='ocrx_word' id='word_1_227' title='bbox 531 2004 640 2059; x_wconf 89' lang='lat' dir='ltr'>incerto</span> <span class='ocrx_word' id='word_1_228' title='bbox 664 2010 759 2059; x_wconf 86' lang='lat' dir='ltr'>entem</span> <span class='ocrx_word' id='word_1_229' title='bbox 774 2004 886 2075; x_wconf 89' lang='lat' dir='ltr'>jejunio</span> <span class='ocrx_word' id='word_1_230' title='bbox 914 2005 946 2058; x_wconf 85' lang='lat' dir='ltr'>lt&#39;</span> 
     </span>
     <span class='ocr_line' id='line_1_22' title="bbox 97 2092 944 2164; baseline 0.002 -17"><span class='ocrx_word' id='word_1_231' title='bbox 97 2096 259 2164; x_wconf 87' lang='lat' dir='ltr'>temporum</span> <span class='ocrx_word' id='word_1_232' title='bbox 273 2094 346 2147; x_wconf 83' lang='lat' dir='ltr'>barro</span> <span class='ocrx_word' id='word_1_233' title='bbox 356 2092 556 2148; x_wconf 87' lang='lat' dir='ltr'>certitudinem</span> <span class='ocrx_word' id='word_1_234' title='bbox 573 2093 734 2162; x_wconf 85' lang='lat' dir='ltr'>statuimus,</span> <span class='ocrx_word' id='word_1_235' title='bbox 753 2095 830 2149; x_wconf 89' lang='lat' dir='ltr'>utsii</span> <span class='ocrx_word' id='word_1_236' title='bbox 847 2095 944 2150; x_wconf 80' lang='lat' dir='ltr'>Kalen.</span> 
     </span>
     <span class='ocr_line' id='line_1_23' title="bbox 98 2181 946 2255; baseline -0.001 -18"><span class='ocrx_word' id='word_1_237' title='bbox 98 2181 167 2237; x_wconf 85' lang='lat' dir='ltr'>liar.</span> <span class='ocrx_word' id='word_1_238' title='bbox 182 2182 212 2237; x_wconf 91' lang='lat' dir='ltr'>in</span> <span class='ocrx_word' id='word_1_239' title='bbox 227 2197 252 2234; x_wconf 88' lang='grc' dir='ltr'>ιι</span> <span class='ocrx_word' id='word_1_240' title='bbox 267 2181 349 2246; x_wconf 82' lang='grc' dir='ltr'>ιιιιι,</span> <span class='ocrx_word' id='word_1_241' title='bbox 365 2181 424 2234; x_wconf 86' lang='lat' dir='ltr'>sive</span> <span class='ocrx_word' id='word_1_242' title='bbox 444 2186 528 2236; x_wconf 86' lang='lat' dir='ltr'>antea</span> <span class='ocrx_word' id='word_1_243' title='bbox 544 2182 701 2248; x_wconf 79' lang='lat' dir='ltr'>evenerint,</span> <span class='ocrx_word' id='word_1_244' title='bbox 719 2184 820 2236; x_wconf 88' lang='lat' dir='ltr'>eadem</span> <span class='ocrx_word' id='word_1_245' title='bbox 837 2182 946 2255; x_wconf 87' lang='lat' dir='ltr'>hebdo-</span> 
     </span>
     <span class='ocr_line' id='line_1_24' title="bbox 96 2268 945 2341; baseline 0.002 -19"><span class='ocrx_word' id='word_1_246' title='bbox 96 2271 182 2331; x_wconf 84' lang='lat' dir='ltr'>mada</span> <span class='ocrx_word' id='word_1_247' title='bbox 191 2269 334 2341; x_wconf 83' lang='lat' dir='ltr'>jejunium</span> <span class='ocrx_word' id='word_1_248' title='bbox 350 2269 519 2323; x_wconf 83' lang='lat' dir='ltr'>celebretur.</span> <span class='ocrx_word' id='word_1_249' title='bbox 544 2268 573 2324; x_wconf 90' lang='lat' dir='ltr'>Si</span> <span class='ocrx_word' id='word_1_250' title='bbox 589 2275 684 2323; x_wconf 89' lang='lat' dir='ltr'>autem</span> <span class='ocrx_word' id='word_1_251' title='bbox 701 2270 800 2323; x_wconf 85' lang='lat' dir='ltr'>Kalen.</span> <span class='ocrx_word' id='word_1_252' title='bbox 823 2270 890 2325; x_wconf 80' lang='lat' dir='ltr'>blan.</span> <span class='ocrx_word' id='word_1_253' title='bbox 915 2270 945 2324; x_wconf 93' lang='lat' dir='ltr'>in</span> 
     </span>
     <span class='ocr_line' id='line_1_25' title="bbox 96 2357 946 2422; baseline 0.004 -12"><span class='ocrx_word' id='word_1_254' title='bbox 96 2359 229 2414; x_wconf 79' lang='lat' dir='ltr'>aleriam</span> <span class='ocrx_word' id='word_1_255' title='bbox 249 2363 338 2411; x_wconf 87' lang='lat' dir='ltr'>autrv</span> <span class='ocrx_word' id='word_1_256' title='bbox 353 2362 403 2411; x_wconf 89' lang='lat' dir='ltr'>aut</span> <span class='ocrx_word' id='word_1_257' title='bbox 425 2357 582 2413; x_wconf 87' lang='lat' dir='ltr'>Sabbatum</span> <span class='ocrx_word' id='word_1_258' title='bbox 609 2358 822 2422; x_wconf 88' lang='lat' dir='ltr'>distenduntur,</span> <span class='ocrx_word' id='word_1_259' title='bbox 845 2358 875 2412; x_wconf 93' lang='lat' dir='ltr'>in</span> <span class='ocrx_word' id='word_1_260' title='bbox 899 2375 946 2413; x_wconf 89' lang='lat' dir='ltr'>se-</span> 
     </span>
     <span class='ocr_line' id='line_1_26' title="bbox 98 2445 945 2518; baseline -0.001 -17"><span class='ocrx_word' id='word_1_261' title='bbox 98 2451 233 2518; x_wconf 90' lang='lat' dir='ltr'>quentem</span> <span class='ocrx_word' id='word_1_262' title='bbox 263 2445 470 2500; x_wconf 86' lang='lat' dir='ltr'>hebdomadam</span> <span class='ocrx_word' id='word_1_263' title='bbox 504 2446 649 2516; x_wconf 72' lang='lat' dir='ltr'>jeiunium</span> <span class='ocrx_word' id='word_1_264' title='bbox 674 2445 831 2501; x_wconf 86' lang='lat' dir='ltr'>dilierelur.</span> <span class='ocrx_word' id='word_1_265' title='bbox 854 2446 945 2502; x_wconf 86' lang='lat' dir='ltr'>Simili</span> 
     </span>
     <span class='ocr_line' id='line_1_27' title="bbox 98 2533 945 2608; baseline 0.002 -21"><span class='ocrx_word' id='word_1_266' title='bbox 98 2552 214 2608; x_wconf 88' lang='lat' dir='ltr'>qnoque</span> <span class='ocrx_word' id='word_1_267' title='bbox 231 2535 314 2589; x_wconf 91' lang='lat' dir='ltr'>modo</span> <span class='ocrx_word' id='word_1_268' title='bbox 330 2535 353 2586; x_wconf 86' lang='lat' dir='ltr'>si</span> <span class='ocrx_word' id='word_1_269' title='bbox 371 2535 431 2588; x_wconf 84' lang='lat' dir='ltr'>liul.</span> <span class='ocrx_word' id='word_1_270' title='bbox 456 2533 534 2589; x_wconf 83' lang='lat' dir='ltr'>lunii</span> <span class='ocrx_word' id='word_1_271' title='bbox 559 2534 587 2588; x_wconf 91' lang='lat' dir='ltr'>in</span> <span class='ocrx_word' id='word_1_272' title='bbox 610 2550 637 2587; x_wconf 86' lang='grc' dir='ltr'>ιι</span> <span class='ocrx_word' id='word_1_273' title='bbox 650 2534 763 2600; x_wconf 88' lang='lat' dir='ltr'>leriam,</span> <span class='ocrx_word' id='word_1_274' title='bbox 790 2540 838 2589; x_wconf 91' lang='lat' dir='ltr'>aut</span> <span class='ocrx_word' id='word_1_275' title='bbox 861 2539 945 2589; x_wconf 85' lang='lat' dir='ltr'>antee</span> 
     </span>
     <span class='ocr_line' id='line_1_28' title="bbox 98 2622 945 2693; baseline -0.001 -15"><span class='ocrx_word' id='word_1_276' title='bbox 98 2624 256 2688; x_wconf 82' lang='lat' dir='ltr'>evenerint,</span> <span class='ocrx_word' id='word_1_277' title='bbox 269 2623 299 2676; x_wconf 90' lang='grc' dir='ltr'>ιιι</span> <span class='ocrx_word' id='word_1_278' title='bbox 316 2623 507 2693; x_wconf 83' lang='lat' dir='ltr'>subsequente</span> <span class='ocrx_word' id='word_1_279' title='bbox 528 2622 705 2676; x_wconf 83' lang='lat' dir='ltr'>hebdomada</span> <span class='ocrx_word' id='word_1_280' title='bbox 725 2622 869 2693; x_wconf 89' lang='lat' dir='ltr'>jejunium</span> <span class='ocrx_word' id='word_1_281' title='bbox 896 2639 945 2677; x_wconf 88' lang='lat' dir='ltr'>ce-</span> 
     </span>
     <span class='ocr_line' id='line_1_29' title="bbox 96 2710 943 2768; baseline -0.002 0"><span class='ocrx_word' id='word_1_282' title='bbox 96 2713 224 2768; x_wconf 87' lang='lat' dir='ltr'>lebretur</span> <span class='ocrx_word' id='word_1_283' title='bbox 249 2713 281 2766; x_wconf 81' lang='lat' dir='ltr'>Et</span> <span class='ocrx_word' id='word_1_284' title='bbox 296 2711 320 2765; x_wconf 91' lang='lat' dir='ltr'>si</span> <span class='ocrx_word' id='word_1_285' title='bbox 335 2711 364 2765; x_wconf 93' lang='lat' dir='ltr'>in</span> <span class='ocrx_word' id='word_1_286' title='bbox 385 2727 401 2763; x_wconf 86' lang='lat' dir='ltr'>v</span> <span class='ocrx_word' id='word_1_287' title='bbox 415 2710 515 2764; x_wconf 87' lang='lat' dir='ltr'>leriam</span> <span class='ocrx_word' id='word_1_288' title='bbox 532 2717 581 2765; x_wconf 90' lang='lat' dir='ltr'>ant</span> <span class='ocrx_word' id='word_1_289' title='bbox 596 2727 622 2765; x_wconf 84' lang='grc' dir='ltr'>ιι</span> <span class='ocrx_word' id='word_1_290' title='bbox 633 2719 682 2766; x_wconf 86' lang='lat' dir='ltr'>eut</span> <span class='ocrx_word' id='word_1_291' title='bbox 697 2711 851 2767; x_wconf 80' lang='lat' dir='ltr'>Sabbatum</span> <span class='ocrx_word' id='word_1_292' title='bbox 877 2729 943 2767; x_wconf 89' lang='lat' dir='ltr'>con·</span> 
     </span>
     <span class='ocr_line' id='line_1_30' title="bbox 95 2799 945 2873; baseline -0.001 -18"><span class='ocrx_word' id='word_1_293' title='bbox 95 2801 202 2873; x_wconf 86' lang='lat' dir='ltr'>tigerit,</span> <span class='ocrx_word' id='word_1_294' title='bbox 217 2800 362 2871; x_wconf 86' lang='lat' dir='ltr'>jejunium</span> <span class='ocrx_word' id='word_1_295' title='bbox 378 2802 408 2852; x_wconf 92' lang='lat' dir='ltr'>iu</span> <span class='ocrx_word' id='word_1_296' title='bbox 424 2815 453 2854; x_wconf 93' lang='grc' dir='ltr'>ιιι</span> <span class='ocrx_word' id='word_1_297' title='bbox 485 2799 693 2861; x_wconf 86' lang='lat' dir='ltr'>hebdomadam</span> <span class='ocrx_word' id='word_1_298' title='bbox 722 2807 899 2867; x_wconf 63' lang='lat' dir='ltr'>reservatum</span> <span class='ocrx_word' id='word_1_299' title='bbox 916 2806 945 2854; x_wconf 87' lang='lat' dir='ltr'>et</span> 
     </span>
     <span class='ocr_line' id='line_1_31' title="bbox 96 2882 942 2960; baseline -0.004 -14"><span class='ocrx_word' id='word_1_300' title='bbox 96 2891 151 2946; x_wconf 89' lang='lat' dir='ltr'>hoc</span> <span class='ocrx_word' id='word_1_301' title='bbox 166 2888 314 2944; x_wconf 88' lang='lat' dir='ltr'>sciendum</span> <span class='ocrx_word' id='word_1_302' title='bbox 331 2893 382 2951; x_wconf 89' lang='lat' dir='ltr'>est,</span> <span class='ocrx_word' id='word_1_303' title='bbox 399 2889 477 2959; x_wconf 76' lang='lat' dir='ltr'>qarod</span> <span class='ocrx_word' id='word_1_304' title='bbox 495 2888 650 2959; x_wconf 86' lang='lat' dir='ltr'>siquando</span> <span class='ocrx_word' id='word_1_305' title='bbox 671 2882 813 2960; x_wconf 84' lang='lat' dir='ltr'>jejunium</span> <span class='ocrx_word' id='word_1_306' title='bbox 837 2889 942 2944; x_wconf 89' lang='lat' dir='ltr'>mensis</span> 
     </span>
     <span class='ocr_line' id='line_1_32' title="bbox 94 2976 941 3048; baseline -0.005 -14"><span class='ocrx_word' id='word_1_307' title='bbox 94 2977 172 3034; x_wconf 87' lang='lat' dir='ltr'>Juuii</span> <span class='ocrx_word' id='word_1_308' title='bbox 186 2977 214 3031; x_wconf 93' lang='lat' dir='ltr'>in</span> <span class='ocrx_word' id='word_1_309' title='bbox 231 2976 328 3048; x_wconf 81' lang='lat' dir='ltr'>vigilia</span> <span class='ocrx_word' id='word_1_310' title='bbox 343 2976 526 3031; x_wconf 87' lang='lat' dir='ltr'>Pentecostes</span> <span class='ocrx_word' id='word_1_311' title='bbox 540 2976 699 3030; x_wconf 91' lang='lat' dir='ltr'>secundum</span> <span class='ocrx_word' id='word_1_312' title='bbox 715 2977 879 3048; x_wconf 74' lang='lat' dir='ltr'>predictam</span> <span class='ocrx_word' id='word_1_313' title='bbox 897 2993 941 3031; x_wconf 90' lang='lat' dir='ltr'>re·</span> 
     </span>
     <span class='ocr_line' id='line_1_33' title="bbox 95 3063 940 3136; baseline -0.001 -16"><span class='ocrx_word' id='word_1_314' title='bbox 95 3066 193 3136; x_wconf 90' lang='lat' dir='ltr'>gulam</span> <span class='ocrx_word' id='word_1_315' title='bbox 216 3064 352 3131; x_wconf 89' lang='lat' dir='ltr'>evenerit,</span> <span class='ocrx_word' id='word_1_316' title='bbox 381 3080 438 3118; x_wconf 90' lang='lat' dir='ltr'>non</span> <span class='ocrx_word' id='word_1_317' title='bbox 463 3063 503 3117; x_wconf 93' lang='lat' dir='ltr'>ibi</span> <span class='ocrx_word' id='word_1_318' title='bbox 530 3064 733 3118; x_wconf 87' lang='lat' dir='ltr'>celebrandum</span> <span class='ocrx_word' id='word_1_319' title='bbox 755 3065 820 3132; x_wconf 90' lang='lat' dir='ltr'>erit,</span> <span class='ocrx_word' id='word_1_320' title='bbox 848 3065 940 3119; x_wconf 86' lang='lat' dir='ltr'>sedin</span> 
     </span>
     <span class='ocr_line' id='line_1_34' title="bbox 94 3150 941 3225; baseline -0.004 -17"><span class='ocrx_word' id='word_1_321' title='bbox 94 3152 157 3225; x_wconf 90' lang='lat' dir='ltr'>ipsa</span> <span class='ocrx_word' id='word_1_322' title='bbox 171 3151 351 3207; x_wconf 83' lang='lat' dir='ltr'>hebdomoda</span> <span class='ocrx_word' id='word_1_323' title='bbox 376 3150 499 3204; x_wconf 87' lang='lat' dir='ltr'>solemni</span> <span class='ocrx_word' id='word_1_324' title='bbox 523 3152 712 3218; x_wconf 80' lang='lat' dir='ltr'>Pentecostes,</span> <span class='ocrx_word' id='word_1_325' title='bbox 735 3157 763 3206; x_wconf 92' lang='lat' dir='ltr'>et</span> <span class='ocrx_word' id='word_1_326' title='bbox 784 3159 853 3207; x_wconf 84' lang='grc' dir='ltr'>ιιιιιι</span> <span class='ocrx_word' id='word_1_327' title='bbox 874 3169 941 3222; x_wconf 92' lang='lat' dir='ltr'>pro·</span> 
     </span>
     <span class='ocr_line' id='line_1_35' title="bbox 94 3237 942 3311; baseline -0.001 -17"><span class='ocrx_word' id='word_1_328' title='bbox 94 3246 159 3311; x_wconf 91' lang='lat' dir='ltr'>pter</span> <span class='ocrx_word' id='word_1_329' title='bbox 182 3238 395 3293; x_wconf 89' lang='lat' dir='ltr'>solemnitatem</span> <span class='ocrx_word' id='word_1_330' title='bbox 419 3237 541 3307; x_wconf 88' lang='lat' dir='ltr'>Spiritus</span> <span class='ocrx_word' id='word_1_331' title='bbox 557 3237 656 3304; x_wconf 85' lang='lat' dir='ltr'>sancti,</span> <span class='ocrx_word' id='word_1_332' title='bbox 679 3238 812 3293; x_wconf 88' lang='lat' dir='ltr'>diacones</span> <span class='ocrx_word' id='word_1_333' title='bbox 836 3239 942 3293; x_wconf 83' lang='lat' dir='ltr'>dalina-</span> 
     </span>
     <span class='ocr_line' id='line_1_36' title="bbox 95 3325 941 3391; baseline 0 -10"><span class='ocrx_word' id='word_1_334' title='bbox 95 3328 159 3382; x_wconf 87' lang='lat' dir='ltr'>licis</span> <span class='ocrx_word' id='word_1_335' title='bbox 172 3327 341 3391; x_wconf 90' lang='lat' dir='ltr'>induantur,</span> <span class='ocrx_word' id='word_1_336' title='bbox 367 3330 395 3378; x_wconf 91' lang='grc' dir='ltr'>ιι</span> <span class='ocrx_word' id='word_1_337' title='bbox 415 3325 539 3378; x_wconf 82' lang='lat' dir='ltr'>Alleluia</span> <span class='ocrx_word' id='word_1_338' title='bbox 567 3330 708 3389; x_wconf 85' lang='lat' dir='ltr'>cantetur,</span> <span class='ocrx_word' id='word_1_339' title='bbox 738 3331 767 3380; x_wconf 87' lang='lat' dir='ltr'>ct</span> <span class='ocrx_word' id='word_1_340' title='bbox 791 3327 941 3382; x_wconf 81' lang='lat' dir='ltr'>Flectumus</span> 
     </span>
     <span class='ocr_line' id='line_1_37' title="bbox 93 3413 939 3486; baseline -0.001 -16"><span class='ocrx_word' id='word_1_341' title='bbox 93 3430 181 3486; x_wconf 72' lang='lat' dir='ltr'>petuo</span> <span class='ocrx_word' id='word_1_342' title='bbox 196 3430 254 3468; x_wconf 89' lang='lat' dir='ltr'>non</span> <span class='ocrx_word' id='word_1_343' title='bbox 269 3413 389 3468; x_wconf 90' lang='lat' dir='ltr'>dicatur.</span> <span class='ocrx_word' id='word_1_344' title='bbox 407 3413 514 3466; x_wconf 87' lang='lat' dir='ltr'>Eodem</span> <span class='ocrx_word' id='word_1_345' title='bbox 534 3413 618 3466; x_wconf 92' lang='lat' dir='ltr'>modo</span> <span class='ocrx_word' id='word_1_346' title='bbox 638 3413 673 3468; x_wconf 94' lang='lat' dir='ltr'>de</span> <span class='ocrx_word' id='word_1_347' title='bbox 699 3413 874 3485; x_wconf 85' lang='lat' dir='ltr'>Septembris</span> <span class='ocrx_word' id='word_1_348' title='bbox 897 3417 939 3486; x_wconf 88' lang='lat' dir='ltr'>je-</span> 
     </span>
     <span class='ocr_line' id='line_1_38' title="bbox 89 3500 941 3577; baseline 0 -18"><span class='ocrx_word' id='word_1_349' title='bbox 89 3504 173 3577; x_wconf 87' lang='lat' dir='ltr'>junio</span> <span class='ocrx_word' id='word_1_350' title='bbox 199 3502 386 3557; x_wconf 90' lang='lat' dir='ltr'>constitutum</span> <span class='ocrx_word' id='word_1_351' title='bbox 415 3507 467 3567; x_wconf 89' lang='lat' dir='ltr'>est,</span> <span class='ocrx_word' id='word_1_352' title='bbox 491 3500 558 3555; x_wconf 87' lang='lat' dir='ltr'>utsi</span> <span class='ocrx_word' id='word_1_353' title='bbox 583 3502 645 3557; x_wconf 87' lang='lat' dir='ltr'>Kal.</span> <span class='ocrx_word' id='word_1_354' title='bbox 662 3502 738 3575; x_wconf 88' lang='lat' dir='ltr'>Sept.</span> <span class='ocrx_word' id='word_1_355' title='bbox 765 3503 792 3556; x_wconf 93' lang='lat' dir='ltr'>in</span> <span class='ocrx_word' id='word_1_356' title='bbox 819 3520 845 3558; x_wconf 86' lang='grc' dir='ltr'>ιι</span> <span class='ocrx_word' id='word_1_357' title='bbox 870 3504 941 3559; x_wconf 84' lang='grc' dir='ltr'>ιιιιι</span> 
     </span>
     <span class='ocr_line' id='line_1_39' title="bbox 92 3588 940 3661; baseline 0 -14"><span class='ocrx_word' id='word_1_358' title='bbox 92 3593 228 3660; x_wconf 82' lang='lat' dir='ltr'>evenerit,</span> <span class='ocrx_word' id='word_1_359' title='bbox 246 3597 294 3646; x_wconf 87' lang='lat' dir='ltr'>aut</span> <span class='ocrx_word' id='word_1_360' title='bbox 317 3596 411 3659; x_wconf 89' lang='lat' dir='ltr'>antea,</span> <span class='ocrx_word' id='word_1_361' title='bbox 433 3588 580 3661; x_wconf 84' lang='lat' dir='ltr'>jejunium</span> <span class='ocrx_word' id='word_1_362' title='bbox 605 3591 634 3645; x_wconf 92' lang='lat' dir='ltr'>in</span> <span class='ocrx_word' id='word_1_363' title='bbox 655 3607 685 3646; x_wconf 94' lang='grc' dir='ltr'>ιιι</span> <span class='ocrx_word' id='word_1_364' title='bbox 701 3591 882 3647; x_wconf 88' lang='lat' dir='ltr'>hebdomada</span> <span class='ocrx_word' id='word_1_365' title='bbox 897 3609 940 3647; x_wconf 78' lang='lat' dir='ltr'>co</span> 
     </span>
     <span class='ocr_line' id='line_1_40' title="bbox 92 3680 939 3754; baseline -0.002 -15"><span class='ocrx_word' id='word_1_366' title='bbox 92 3684 220 3739; x_wconf 89' lang='lat' dir='ltr'>lebretur</span> <span class='ocrx_word' id='word_1_367' title='bbox 236 3697 243 3736; x_wconf 92' lang='lat'><strong>:</strong></span> <span class='ocrx_word' id='word_1_368' title='bbox 259 3687 286 3736; x_wconf 91' lang='lat' dir='ltr'>et</span> <span class='ocrx_word' id='word_1_369' title='bbox 301 3681 323 3734; x_wconf 93' lang='lat' dir='ltr'>si</span> <span class='ocrx_word' id='word_1_370' title='bbox 343 3681 373 3735; x_wconf 91' lang='lat' dir='ltr'>in</span> <span class='ocrx_word' id='word_1_371' title='bbox 396 3695 413 3733; x_wconf 85' lang='grc' dir='ltr'>ι</span> <span class='ocrx_word' id='word_1_372' title='bbox 434 3685 484 3734; x_wconf 90' lang='lat' dir='ltr'>aut</span> <span class='ocrx_word' id='word_1_373' title='bbox 508 3696 533 3734; x_wconf 85' lang='grc' dir='ltr'>ιι</span> <span class='ocrx_word' id='word_1_374' title='bbox 557 3685 607 3735; x_wconf 90' lang='lat' dir='ltr'>aut</span> <span class='ocrx_word' id='word_1_375' title='bbox 624 3680 748 3736; x_wconf 88' lang='lat' dir='ltr'>Sabbato</span> <span class='ocrx_word' id='word_1_376' title='bbox 774 3681 939 3754; x_wconf 90' lang='lat' dir='ltr'>contigerit,</span> 
     </span>
     <span class='ocr_line' id='line_1_41' title="bbox 90 3768 939 3839; baseline -0.002 -12"><span class='ocrx_word' id='word_1_377' title='bbox 90 3771 123 3827; x_wconf 95' lang='lat' dir='ltr'>in</span> <span class='ocrx_word' id='word_1_378' title='bbox 137 3788 164 3826; x_wconf 86' lang='grc' dir='ltr'>ιι</span> <span class='ocrx_word' id='word_1_379' title='bbox 179 3769 358 3826; x_wconf 89' lang='lat' dir='ltr'>hebdomada</span> <span class='ocrx_word' id='word_1_380' title='bbox 378 3768 568 3839; x_wconf 71' lang='lat' dir='ltr'>ieiunandum</span> <span class='ocrx_word' id='word_1_381' title='bbox 594 3770 657 3824; x_wconf 87' lang='lat' dir='ltr'>crit.</span> <span class='ocrx_word' id='word_1_382' title='bbox 684 3770 715 3824; x_wconf 92' lang='lat' dir='ltr'>ln</span> <span class='ocrx_word' id='word_1_383' title='bbox 740 3769 888 3825; x_wconf 89' lang='lat' dir='ltr'>Decemhr.</span> <span class='ocrx_word' id='word_1_384' title='bbox 905 3771 939 3826; x_wconf 93' lang='lat' dir='ltr'>il-</span> 
     </span>
     <span class='ocr_line' id='line_1_42' title="bbox 90 3856 939 3928; baseline -0.005 -11"><span class='ocrx_word' id='word_1_385' title='bbox 90 3860 143 3916; x_wconf 91' lang='lat' dir='ltr'>lud</span> <span class='ocrx_word' id='word_1_386' title='bbox 157 3857 366 3914; x_wconf 85' lang='lat' dir='ltr'>observandum</span> <span class='ocrx_word' id='word_1_387' title='bbox 383 3856 445 3924; x_wconf 90' lang='lat' dir='ltr'>erit,</span> <span class='ocrx_word' id='word_1_388' title='bbox 463 3863 495 3911; x_wconf 92' lang='lat' dir='ltr'>ut</span> <span class='ocrx_word' id='word_1_389' title='bbox 508 3858 641 3928; x_wconf 82' lang='lat' dir='ltr'>proximo</span> <span class='ocrx_word' id='word_1_390' title='bbox 664 3858 786 3913; x_wconf 87' lang='lat' dir='ltr'>Sabhnto</span> <span class='ocrx_word' id='word_1_391' title='bbox 807 3863 872 3914; x_wconf 88' lang='lat' dir='ltr'>ante</span> <span class='ocrx_word' id='word_1_392' title='bbox 897 3859 939 3913; x_wconf 91' lang='lat' dir='ltr'>vi·</span> 
     </span>
     <span class='ocr_line' id='line_1_43' title="bbox 91 3944 939 4022; baseline -0.005 -18"><span class='ocrx_word' id='word_1_393' title='bbox 91 3949 190 4022; x_wconf 89' lang='lat' dir='ltr'>gillam</span> <span class='ocrx_word' id='word_1_394' title='bbox 206 3946 308 4001; x_wconf 88' lang='lat' dir='ltr'>natalis</span> <span class='ocrx_word' id='word_1_395' title='bbox 332 3944 625 4000; x_wconf 86' lang='lat' dir='ltr'>Domini.celebretnr</span> <span class='ocrx_word' id='word_1_396' title='bbox 645 3946 790 4017; x_wconf 88' lang='lat' dir='ltr'>jejunium</span> <span class='ocrx_word' id='word_1_397' title='bbox 807 3964 814 4002; x_wconf 74' lang='grc' dir='ltr'><strong><em>ε</em></strong></span> <span class='ocrx_word' id='word_1_398' title='bbox 831 3947 939 4019; x_wconf 88' lang='lat' dir='ltr'>quiesi</span> 
     </span>
     <span class='ocr_line' id='line_1_44' title="bbox 90 4034 939 4111; baseline -0.001 -19"><span class='ocrx_word' id='word_1_399' title='bbox 90 4036 189 4111; x_wconf 86' lang='lat' dir='ltr'>vigilia</span> <span class='ocrx_word' id='word_1_400' title='bbox 212 4035 241 4089; x_wconf 91' lang='lat' dir='ltr'>in</span> <span class='ocrx_word' id='word_1_401' title='bbox 266 4034 389 4089; x_wconf 88' lang='lat' dir='ltr'>Sebbeto</span> <span class='ocrx_word' id='word_1_402' title='bbox 413 4034 549 4104; x_wconf 87' lang='lat' dir='ltr'>evenerit,</span> <span class='ocrx_word' id='word_1_403' title='bbox 576 4036 662 4090; x_wconf 88' lang='lat' dir='ltr'>simul</span> <span class='ocrx_word' id='word_1_404' title='bbox 690 4036 789 4107; x_wconf 90' lang='lat' dir='ltr'>vigilia</span> <span class='ocrx_word' id='word_1_405' title='bbox 812 4041 841 4091; x_wconf 90' lang='lat' dir='ltr'>ct</span> <span class='ocrx_word' id='word_1_406' title='bbox 865 4037 939 4108; x_wconf 84' lang='lat' dir='ltr'>jeju·</span> 
     </span>
     <span class='ocr_line' id='line_1_45' title="bbox 91 4121 563 4180; baseline -0.011 0"><span class='ocrx_word' id='word_1_407' title='bbox 91 4125 172 4180; x_wconf 89' lang='lat' dir='ltr'>nium</span> <span class='ocrx_word' id='word_1_408' title='bbox 188 4121 333 4178; x_wconf 84' lang='lat' dir='ltr'>celebrare</span> <span class='ocrx_word' id='word_1_409' title='bbox 347 4137 404 4175; x_wconf 90' lang='lat' dir='ltr'>non</span> <span class='ocrx_word' id='word_1_410' title='bbox 420 4121 563 4176; x_wconf 89' lang='lat' dir='ltr'>convenit.</span> 
     </span>
    </p>
   </div>
   <div class='ocr_carea' id='block_1_9' title="bbox 91 4210 849 4335">
    <p class='ocr_par' dir='ltr' id='par_1_12' title="bbox 91 4210 849 4335">
     <span class='ocr_line' id='line_1_46' title="bbox 91 4210 849 4279; baseline -0.005 -9"><span class='ocrx_word' id='word_1_411' title='bbox 91 4216 155 4272; x_wconf 84' lang='lat' dir='ltr'>Car.</span> <span class='ocrx_word' id='word_1_412' title='bbox 173 4213 218 4268; x_wconf 92' lang='lat' dir='ltr'>lll.</span> <span class='ocrx_word' id='word_1_413' title='bbox 236 4241 269 4253; x_wconf 97' lang='lat'>-</span> <span class='ocrx_word' id='word_1_414' title='bbox 283 4210 387 4277; x_wconf 83' lang='lat' dir='ltr'>Quibus</span> <span class='ocrx_word' id='word_1_415' title='bbox 399 4212 562 4279; x_wconf 80' lang='lat' dir='ltr'>temporibus</span> <span class='ocrx_word' id='word_1_416' title='bbox 578 4211 700 4279; x_wconf 71' lang='lat' dir='ltr'>legitimo</span> <span class='ocrx_word' id='word_1_417' title='bbox 716 4212 849 4267; x_wconf 86' lang='lat' dir='ltr'>connubio</span> 
     </span>
     <span class='ocr_line' id='line_1_47' title="bbox 416 4282 610 4335; baseline -0.01 -1"><span class='ocrx_word' id='word_1_418' title='bbox 416 4282 533 4335; x_wconf 83' lang='lat' dir='ltr'>bibendo</span> <span class='ocrx_word' id='word_1_419' title='bbox 547 4285 610 4335; x_wconf 84' lang='lat' dir='ltr'>sint.</span> 
     </span>
    </p>
   </div>
   <div class='ocr_carea' id='block_1_10' title="bbox 84 4359 938 5050">
    <p class='ocr_par' dir='ltr' id='par_1_13' title="bbox 84 4359 938 5050">
     <span class='ocr_line' id='line_1_48' title="bbox 126 4359 937 4434; baseline -0.004 -16"><span class='ocrx_word' id='word_1_420' title='bbox 126 4363 180 4434; x_wconf 79' lang='lat' dir='ltr'>(lin</span> <span class='ocrx_word' id='word_1_421' title='bbox 194 4362 284 4416; x_wconf 88' lang='lat' dir='ltr'>eodem</span> <span class='ocrx_word' id='word_1_422' title='bbox 305 4359 438 4430; x_wconf 73' lang='lat' dir='ltr'>contuitio.)</span> <span class='ocrx_word' id='word_1_423' title='bbox 463 4361 501 4414; x_wconf 91' lang='lat' dir='ltr'>De</span> <span class='ocrx_word' id='word_1_424' title='bbox 517 4360 656 4430; x_wconf 81' lang='lat' dir='ltr'>legitimis</span> <span class='ocrx_word' id='word_1_425' title='bbox 670 4367 767 4417; x_wconf 88' lang='lat' dir='ltr'>autem</span> <span class='ocrx_word' id='word_1_426' title='bbox 795 4362 937 4433; x_wconf 83' lang='lat' dir='ltr'>conjugiis</span> 
     </span>
     <span class='ocr_line' id='line_1_49' title="bbox 90 4449 937 4520; baseline 0 -15"><span class='ocrx_word' id='word_1_427' title='bbox 90 4451 129 4505; x_wconf 88' lang='lat' dir='ltr'>ita</span> <span class='ocrx_word' id='word_1_428' title='bbox 141 4452 231 4505; x_wconf 86' lang='lat' dir='ltr'>visum</span> <span class='ocrx_word' id='word_1_429' title='bbox 251 4454 302 4516; x_wconf 91' lang='lat' dir='ltr'>est,</span> <span class='ocrx_word' id='word_1_430' title='bbox 326 4449 403 4520; x_wconf 87' lang='lat' dir='ltr'>quod</span> <span class='ocrx_word' id='word_1_431' title='bbox 428 4449 524 4503; x_wconf 89' lang='lat' dir='ltr'>nullus</span> <span class='ocrx_word' id='word_1_432' title='bbox 548 4449 726 4503; x_wconf 81' lang='lat' dir='ltr'>Christianus</span> <span class='ocrx_word' id='word_1_433' title='bbox 749 4466 866 4505; x_wconf 80' lang='lat' dir='ltr'>uxorem</span> <span class='ocrx_word' id='word_1_434' title='bbox 886 4450 937 4505; x_wconf 92' lang='lat' dir='ltr'>du·</span> 
     </span>
     <span class='ocr_line' id='line_1_50' title="bbox 89 4536 937 4607; baseline -0.001 -13"><span class='ocrx_word' id='word_1_435' title='bbox 89 4556 153 4594; x_wconf 89' lang='lat' dir='ltr'>cere</span> <span class='ocrx_word' id='word_1_436' title='bbox 177 4538 277 4592; x_wconf 90' lang='lat' dir='ltr'>debeat</span> <span class='ocrx_word' id='word_1_437' title='bbox 301 4538 336 4592; x_wconf 90' lang='lat' dir='ltr'>ab</span> <span class='ocrx_word' id='word_1_438' title='bbox 360 4539 483 4591; x_wconf 82' lang='lat' dir='ltr'>adventu</span> <span class='ocrx_word' id='word_1_439' title='bbox 508 4536 632 4602; x_wconf 86' lang='lat' dir='ltr'>Domini,</span> <span class='ocrx_word' id='word_1_440' title='bbox 656 4554 746 4607; x_wconf 83' lang='lat' dir='ltr'>usque</span> <span class='ocrx_word' id='word_1_441' title='bbox 772 4538 802 4592; x_wconf 93' lang='lat' dir='ltr'>in</span> <span class='ocrx_word' id='word_1_442' title='bbox 825 4544 937 4593; x_wconf 86' lang='lat' dir='ltr'>octavas</span> 
     </span>
     <span class='ocr_line' id='line_1_51' title="bbox 89 4626 938 4699; baseline -0.002 -15"><span class='ocrx_word' id='word_1_443' title='bbox 89 4626 264 4699; x_wconf 78' lang='lat' dir='ltr'>Epiphaniae,</span> <span class='ocrx_word' id='word_1_444' title='bbox 286 4631 345 4679; x_wconf 91' lang='lat' dir='ltr'>cta</span> <span class='ocrx_word' id='word_1_445' title='bbox 366 4642 418 4679; x_wconf 79' lang='grc' dir='ltr'>ιιι</span> <span class='ocrx_word' id='word_1_446' title='bbox 442 4641 534 4696; x_wconf 83' lang='lat' dir='ltr'>usque</span> <span class='ocrx_word' id='word_1_447' title='bbox 549 4626 580 4681; x_wconf 93' lang='lat' dir='ltr'>in</span> <span class='ocrx_word' id='word_1_448' title='bbox 608 4632 719 4681; x_wconf 87' lang='lat' dir='ltr'>octavas</span> <span class='ocrx_word' id='word_1_449' title='bbox 736 4627 860 4693; x_wconf 77' lang='lat' dir='ltr'>Paschse‚</span> <span class='ocrx_word' id='word_1_450' title='bbox 886 4644 938 4683; x_wconf 91' lang='lat' dir='ltr'>nec</span> 
     </span>
     <span class='ocr_line' id='line_1_52' title="bbox 89 4712 936 4786; baseline -0.004 -14"><span class='ocrx_word' id='word_1_451' title='bbox 89 4716 118 4772; x_wconf 92' lang='lat' dir='ltr'>in</span> <span class='ocrx_word' id='word_1_452' title='bbox 137 4731 223 4786; x_wconf 86' lang='lat' dir='ltr'>supra</span> <span class='ocrx_word' id='word_1_453' title='bbox 247 4713 351 4767; x_wconf 87' lang='lat' dir='ltr'>notatis</span> <span class='ocrx_word' id='word_1_454' title='bbox 375 4712 590 4784; x_wconf 81' lang='lat' dir='ltr'>qiraluordecim</span> <span class='ocrx_word' id='word_1_455' title='bbox 614 4713 715 4767; x_wconf 69' lang='lat' dir='ltr'>alicime</span> <span class='ocrx_word' id='word_1_456' title='bbox 740 4719 806 4768; x_wconf 86' lang='lat' dir='ltr'>aute</span> <span class='ocrx_word' id='word_1_457' title='bbox 830 4714 936 4769; x_wconf 84' lang='lat' dir='ltr'>festivi-</span> 
     </span>
     <span class='ocr_line' id='line_1_53' title="bbox 88 4802 937 4874; baseline -0.005 -13"><span class='ocrx_word' id='word_1_458' title='bbox 88 4812 177 4862; x_wconf 85' lang='lat' dir='ltr'>tatem</span> <span class='ocrx_word' id='word_1_459' title='bbox 193 4804 283 4857; x_wconf 83' lang='lat' dir='ltr'>sarrcti</span> <span class='ocrx_word' id='word_1_460' title='bbox 307 4802 425 4856; x_wconf 87' lang='lat' dir='ltr'>loannis</span> <span class='ocrx_word' id='word_1_461' title='bbox 451 4803 593 4874; x_wconf 73' lang='lat' dir='ltr'>Drrptistae.</span> <span class='ocrx_word' id='word_1_462' title='bbox 618 4819 712 4874; x_wconf 88' lang='lat' dir='ltr'>neque</span> <span class='ocrx_word' id='word_1_463' title='bbox 738 4802 768 4857; x_wconf 86' lang='lat' dir='ltr'>in</span> <span class='ocrx_word' id='word_1_464' title='bbox 793 4803 937 4873; x_wconf 81' lang='lat' dir='ltr'>praedictis</span> 
     </span>
     <span class='ocr_line' id='line_1_54' title="bbox 84 4888 936 4965; baseline -0.005 -20"><span class='ocrx_word' id='word_1_465' title='bbox 84 4892 263 4965; x_wconf 82' lang='lat' dir='ltr'>jejuniorum</span> <span class='ocrx_word' id='word_1_466' title='bbox 279 4888 391 4957; x_wconf 87' lang='lat' dir='ltr'>diebus,</span> <span class='ocrx_word' id='word_1_467' title='bbox 405 4889 464 4943; x_wconf 87' lang='lat' dir='ltr'>sive</span> <span class='ocrx_word' id='word_1_468' title='bbox 483 4890 512 4943; x_wconf 93' lang='lat' dir='ltr'>in</span> <span class='ocrx_word' id='word_1_469' title='bbox 535 4889 664 4943; x_wconf 88' lang='lat' dir='ltr'>omnium</span> <span class='ocrx_word' id='word_1_470' title='bbox 692 4889 865 4944; x_wconf 86' lang='lat' dir='ltr'>solemnium</span> <span class='ocrx_word' id='word_1_471' title='bbox 878 4890 936 4945; x_wconf 89' lang='lat' dir='ltr'>die.</span> 
     </span>
     <span class='ocr_line' id='line_1_55' title="bbox 88 4976 543 5050; baseline -0.007 -15"><span class='ocrx_word' id='word_1_472' title='bbox 88 4996 152 5035; x_wconf 90' lang='lat' dir='ltr'>rum</span> <span class='ocrx_word' id='word_1_473' title='bbox 164 4976 393 5050; x_wconf 87' lang='lat' dir='ltr'>praecedenlibus</span> <span class='ocrx_word' id='word_1_474' title='bbox 403 4978 543 5032; x_wconf 88' lang='lat' dir='ltr'>noctibus.</span> 
     </span>
    </p>
   </div>
   <div class='ocr_carea' id='block_1_11' title="bbox 89 5066 936 5263">
    <p class='ocr_par' dir='ltr' id='par_1_14' title="bbox 89 5066 936 5263">
     <span class='ocr_line' id='line_1_56' title="bbox 89 5066 934 5138; baseline -0.002 -15"><span class='ocrx_word' id='word_1_475' title='bbox 89 5069 152 5123; x_wconf 76' lang='lat' dir='ltr'>Can.</span> <span class='ocrx_word' id='word_1_476' title='bbox 169 5069 212 5123; x_wconf 84' lang='lat' dir='ltr'>lli.</span> <span class='ocrx_word' id='word_1_477' title='bbox 231 5098 262 5108; x_wconf 97' lang='lat'><em>-</em></span> <span class='ocrx_word' id='word_1_478' title='bbox 277 5069 309 5122; x_wconf 85' lang='lat' dir='ltr'>Ut</span> <span class='ocrx_word' id='word_1_479' title='bbox 324 5067 464 5138; x_wconf 72' lang='lat' dir='ltr'>presbyter</span> <span class='ocrx_word' id='word_1_480' title='bbox 479 5068 527 5134; x_wconf 82' lang='lat' dir='ltr'>qui</span> <span class='ocrx_word' id='word_1_481' title='bbox 546 5071 608 5134; x_wconf 85' lang='lat' dir='ltr'>post</span> <span class='ocrx_word' id='word_1_482' title='bbox 627 5067 696 5132; x_wconf 81' lang='lat' dir='ltr'>pulli</span> <span class='ocrx_word' id='word_1_483' title='bbox 719 5071 828 5121; x_wconf 74' lang='lat' dir='ltr'>caestum</span> <span class='ocrx_word' id='word_1_484' title='bbox 850 5066 934 5133; x_wconf 82' lang='lat' dir='ltr'>bibat,</span> 
     </span>
     <span class='ocr_line' id='line_1_57' title="bbox 122 5137 936 5263; baseline 0.002 -71"><span class='ocrx_word' id='word_1_485' title='bbox 122 5142 336 5263; x_wconf 46' lang='lat' dir='ltr'>pgsgpffiztos</span> <span class='ocrx_word' id='word_1_486' title='bbox 354 5141 579 5206; x_wconf 80' lang='lat' dir='ltr'>copat,se‹1ueuti</span> <span class='ocrx_word' id='word_1_487' title='bbox 600 5137 644 5190; x_wconf 87' lang='lat' dir='ltr'>die</span> <span class='ocrx_word' id='word_1_488' title='bbox 665 5140 776 5192; x_wconf 72' lang='lat' dir='ltr'>musam</span> <span class='ocrx_word' id='word_1_489' title='bbox 803 5137 936 5194; x_wconf 83' lang='lat' dir='ltr'>celebrare</span> 
     </span>
    </p>
   </div>
   <div class='ocr_carea' id='block_1_12' title="bbox 87 5287 936 5534">
    <p class='ocr_par' dir='ltr' id='par_1_15' title="bbox 87 5287 936 5534">
     <span class='ocr_line' id='line_1_58' title="bbox 123 5287 936 5358; baseline -0.002 -14"><span class='ocrx_word' id='word_1_490' title='bbox 123 5289 179 5357; x_wconf 80' lang='lat' dir='ltr'>(Ee</span> <span class='ocrx_word' id='word_1_491' title='bbox 194 5290 306 5358; x_wconf 86' lang='lat' dir='ltr'>eodem.)</span> <span class='ocrx_word' id='word_1_492' title='bbox 332 5289 483 5343; x_wconf 85' lang='lat' dir='ltr'>Decretum</span> <span class='ocrx_word' id='word_1_493' title='bbox 507 5293 550 5342; x_wconf 90' lang='lat' dir='ltr'>est</span> <span class='ocrx_word' id='word_1_494' title='bbox 570 5287 657 5343; x_wconf 86' lang='lat' dir='ltr'>etiam</span> <span class='ocrx_word' id='word_1_495' title='bbox 684 5287 714 5341; x_wconf 94' lang='lat' dir='ltr'>in</span> <span class='ocrx_word' id='word_1_496' title='bbox 737 5287 839 5342; x_wconf 89' lang='lat' dir='ltr'>eodem</span> <span class='ocrx_word' id='word_1_497' title='bbox 863 5304 936 5343; x_wconf 86' lang='lat' dir='ltr'>con--</span> 
     </span>
     <span class='ocr_line' id='line_1_59' title="bbox 87 5374 933 5449; baseline 0.001 -18"><span class='ocrx_word' id='word_1_498' title='bbox 87 5374 165 5446; x_wconf 91' lang='lat' dir='ltr'>cilio,</span> <span class='ocrx_word' id='word_1_499' title='bbox 177 5381 208 5430; x_wconf 91' lang='lat' dir='ltr'>ut</span> <span class='ocrx_word' id='word_1_500' title='bbox 218 5378 368 5447; x_wconf 82' lang='lat' dir='ltr'>presbyter</span> <span class='ocrx_word' id='word_1_501' title='bbox 383 5377 486 5448; x_wconf 86' lang='lat' dir='ltr'>aliquis</span> <span class='ocrx_word' id='word_1_502' title='bbox 494 5377 543 5448; x_wconf 90' lang='lat' dir='ltr'>qni</span> <span class='ocrx_word' id='word_1_503' title='bbox 563 5381 627 5449; x_wconf 90' lang='lat' dir='ltr'>post</span> <span class='ocrx_word' id='word_1_504' title='bbox 642 5376 710 5447; x_wconf 88' lang='lat' dir='ltr'>galli</span> <span class='ocrx_word' id='word_1_505' title='bbox 725 5382 842 5431; x_wconf 89' lang='lat' dir='ltr'>cantum</span> <span class='ocrx_word' id='word_1_506' title='bbox 857 5377 933 5432; x_wconf 79' lang='lat' dir='ltr'>msti-</span> 
     </span>
     <span class='ocr_line' id='line_1_60' title="bbox 87 5462 934 5534; baseline 0 -14"><span class='ocrx_word' id='word_1_507' title='bbox 87 5464 130 5520; x_wconf 77' lang='lat' dir='ltr'>vis</span> <span class='ocrx_word' id='word_1_508' title='bbox 144 5462 278 5520; x_wconf 88' lang='lat' dir='ltr'>noctibus</span> <span class='ocrx_word' id='word_1_509' title='bbox 290 5463 402 5533; x_wconf 83' lang='lat' dir='ltr'>bibens,</span> <span class='ocrx_word' id='word_1_510' title='bbox 418 5465 549 5534; x_wconf 82' lang='lat' dir='ltr'>proximo</span> <span class='ocrx_word' id='word_1_511' title='bbox 565 5464 610 5519; x_wconf 94' lang='lat' dir='ltr'>dic</span> <span class='ocrx_word' id='word_1_512' title='bbox 633 5464 749 5519; x_wconf 83' lang='lat' dir='ltr'>missam</span> <span class='ocrx_word' id='word_1_513' title='bbox 774 5479 832 5519; x_wconf 92' lang='lat' dir='ltr'>non</span> <span class='ocrx_word' id='word_1_514' title='bbox 860 5465 934 5520; x_wconf 90' lang='lat' dir='ltr'>cele·</span> 
     </span>
    </p>
   </div>
   <div class='ocr_carea' id='block_1_13' title="bbox 997 1728 1852 2758">
    <p class='ocr_par' dir='ltr' id='par_1_16' title="bbox 1036 1728 1852 1851">
     <span class='ocr_line' id='line_1_61' title="bbox 1036 1728 1852 1850; baseline 0.007 -70"><span class='ocrx_word' id='word_1_515' title='bbox 1036 1732 1143 1850; x_wconf 52' lang='lat' dir='ltr'>eitum</span> <span class='ocrx_word' id='word_1_516' title='bbox 1157 1731 1248 1794; x_wconf 81' lang='lat' dir='ltr'>nepot,</span> <span class='ocrx_word' id='word_1_517' title='bbox 1264 1730 1334 1782; x_wconf 85' lang='lat' dir='ltr'>atter·</span> <span class='ocrx_word' id='word_1_518' title='bbox 1355 1730 1507 1797; x_wconf 68' lang='lat' dir='ltr'>profitetur,</span> <span class='ocrx_word' id='word_1_519' title='bbox 1520 1728 1597 1797; x_wconf 74' lang='lat' dir='ltr'>,quid</span> <span class='ocrx_word' id='word_1_520' title='bbox 1617 1729 1681 1783; x_wconf 85' lang='lat' dir='ltr'>iude</span> <span class='ocrx_word' id='word_1_521' title='bbox 1693 1731 1852 1796; x_wconf 77' lang='lat' dir='ltr'>socimdrun</span> 
     </span>
     <span class='ocr_line' id='line_1_62' title="bbox 1037 1811 1083 1851; baseline 0.022 -1"><span class='ocrx_word' id='word_1_522' title='bbox 1037 1811 1083 1851; x_wconf 80' lang='lat' dir='ltr'>sa.</span> 
     </span>
    </p>

    <p class='ocr_par' dir='ltr' id='par_1_17' title="bbox 997 1885 1849 2403">
     <span class='ocr_line' id='line_1_63' title="bbox 1037 1885 1849 1956; baseline 0.007 -17"><span class='ocrx_word' id='word_1_523' title='bbox 1037 1886 1096 1953; x_wconf 80' lang='lat' dir='ltr'>(En</span> <span class='ocrx_word' id='word_1_524' title='bbox 1110 1885 1220 1954; x_wconf 81' lang='lat' dir='ltr'>eodem.)</span> <span class='ocrx_word' id='word_1_525' title='bbox 1239 1887 1448 1956; x_wconf 90' lang='lat' dir='ltr'>interrogatum</span> <span class='ocrx_word' id='word_1_526' title='bbox 1464 1891 1516 1953; x_wconf 91' lang='lat' dir='ltr'>est,</span> <span class='ocrx_word' id='word_1_527' title='bbox 1534 1886 1557 1941; x_wconf 92' lang='lat' dir='ltr'>si</span> <span class='ocrx_word' id='word_1_528' title='bbox 1573 1886 1630 1942; x_wconf 90' lang='lat' dir='ltr'>duo</span> <span class='ocrx_word' id='word_1_529' title='bbox 1647 1888 1679 1943; x_wconf 94' lang='lat' dir='ltr'>in</span> <span class='ocrx_word' id='word_1_530' title='bbox 1709 1890 1849 1944; x_wconf 89' lang='lat' dir='ltr'>adulterio</span> 
     </span>
     <span class='ocr_line' id='line_1_64' title="bbox 1000 1971 1849 2050; baseline 0.009 -24"><span class='ocrx_word' id='word_1_531' title='bbox 1000 1971 1139 2044; x_wconf 85' lang='lat' dir='ltr'>inculpati</span> <span class='ocrx_word' id='word_1_532' title='bbox 1153 1973 1266 2039; x_wconf 80' lang='lat' dir='ltr'>tierent,</span> <span class='ocrx_word' id='word_1_533' title='bbox 1279 1979 1307 2028; x_wconf 92' lang='lat' dir='ltr'>et</span> <span class='ocrx_word' id='word_1_534' title='bbox 1320 1991 1393 2031; x_wconf 90' lang='lat' dir='ltr'>unus</span> <span class='ocrx_word' id='word_1_535' title='bbox 1410 1976 1603 2045; x_wconf 85' lang='lat' dir='ltr'>proliteretur,</span> <span class='ocrx_word' id='word_1_536' title='bbox 1633 1982 1661 2031; x_wconf 90' lang='lat' dir='ltr'>ct</span> <span class='ocrx_word' id='word_1_537' title='bbox 1677 1978 1752 2032; x_wconf 88' lang='lat' dir='ltr'>alter</span> <span class='ocrx_word' id='word_1_538' title='bbox 1768 1995 1849 2050; x_wconf 83' lang='lat' dir='ltr'>nega-</span> 
     </span>
     <span class='ocr_line' id='line_1_65' title="bbox 1001 2060 1847 2131; baseline 0.006 -17"><span class='ocrx_word' id='word_1_539' title='bbox 1001 2066 1054 2124; x_wconf 89' lang='lat' dir='ltr'>ret,</span> <span class='ocrx_word' id='word_1_540' title='bbox 1071 2060 1221 2131; x_wconf 89' lang='lat' dir='ltr'>quidinde</span> <span class='ocrx_word' id='word_1_541' title='bbox 1238 2061 1381 2131; x_wconf 87' lang='lat' dir='ltr'>agendum</span> <span class='ocrx_word' id='word_1_542' title='bbox 1406 2067 1490 2116; x_wconf 88' lang='lat' dir='ltr'>esset.</span> <span class='ocrx_word' id='word_1_543' title='bbox 1518 2062 1668 2116; x_wconf 86' lang='lat' dir='ltr'>Decretum</span> <span class='ocrx_word' id='word_1_544' title='bbox 1696 2070 1737 2117; x_wconf 82' lang='lat' dir='ltr'>est</span> <span class='ocrx_word' id='word_1_545' title='bbox 1764 2066 1847 2119; x_wconf 87' lang='lat' dir='ltr'>ctiam</span> 
     </span>
     <span class='ocr_line' id='line_1_66' title="bbox 1000 2148 1847 2224; baseline 0.006 -22"><span class='ocrx_word' id='word_1_546' title='bbox 1000 2153 1130 2203; x_wconf 88' lang='lat' dir='ltr'>asauctu</span> <span class='ocrx_word' id='word_1_547' title='bbox 1156 2148 1286 2217; x_wconf 90' lang='lat' dir='ltr'>concilio,</span> <span class='ocrx_word' id='word_1_548' title='bbox 1316 2155 1349 2203; x_wconf 92' lang='lat' dir='ltr'>ut</span> <span class='ocrx_word' id='word_1_549' title='bbox 1373 2149 1421 2203; x_wconf 88' lang='lat' dir='ltr'>ille</span> <span class='ocrx_word' id='word_1_550' title='bbox 1449 2150 1499 2221; x_wconf 92' lang='lat' dir='ltr'>qni</span> <span class='ocrx_word' id='word_1_551' title='bbox 1517 2151 1675 2220; x_wconf 81' lang='lat' dir='ltr'>negaverit,</span> <span class='ocrx_word' id='word_1_552' title='bbox 1705 2154 1847 2224; x_wconf 88' lang='lat' dir='ltr'>probabili</span> 
     </span>
     <span class='ocr_line' id='line_1_67' title="bbox 997 2237 1848 2314; baseline 0.007 -24"><span class='ocrx_word' id='word_1_553' title='bbox 997 2237 1105 2310; x_wconf 80' lang='lat' dir='ltr'>judicio</span> <span class='ocrx_word' id='word_1_554' title='bbox 1120 2253 1150 2291; x_wconf 91' lang='lat' dir='ltr'>ee</span> <span class='ocrx_word' id='word_1_555' title='bbox 1174 2242 1323 2308; x_wconf 80' lang='lat' dir='ltr'>expurget,</span> <span class='ocrx_word' id='word_1_556' title='bbox 1344 2237 1445 2310; x_wconf 90' lang='lat' dir='ltr'>etqui</span> <span class='ocrx_word' id='word_1_557' title='bbox 1469 2239 1613 2310; x_wconf 83' lang='lat' dir='ltr'>professus</span> <span class='ocrx_word' id='word_1_558' title='bbox 1634 2239 1732 2306; x_wconf 85' lang='lat' dir='ltr'>luerit,</span> <span class='ocrx_word' id='word_1_559' title='bbox 1763 2242 1848 2314; x_wconf 88' lang='lat' dir='ltr'>digne</span> 
     </span>
     <span class='ocr_line' id='line_1_68' title="bbox 1002 2324 1290 2403; baseline 0.003 -25"><span class='ocrx_word' id='word_1_560' title='bbox 1002 2324 1198 2403; x_wconf 77' lang='lat' dir='ltr'>poenitentiam</span> <span class='ocrx_word' id='word_1_561' title='bbox 1215 2330 1290 2394; x_wconf 72' lang='lat' dir='ltr'>agot.</span> 
     </span>
    </p>

    <p class='ocr_par' dir='ltr' id='par_1_18' title="bbox 1035 2421 1806 2497">
     <span class='ocr_line' id='line_1_69' title="bbox 1035 2421 1806 2497; baseline 0.008 -21"><span class='ocrx_word' id='word_1_562' title='bbox 1035 2423 1098 2476; x_wconf 80' lang='lat' dir='ltr'>Cer.</span> <span class='ocrx_word' id='word_1_563' title='bbox 1111 2421 1180 2476; x_wconf 90' lang='lat' dir='ltr'>Vlll.</span> <span class='ocrx_word' id='word_1_564' title='bbox 1190 2451 1224 2460; x_wconf 92' lang='lat'>-</span> <span class='ocrx_word' id='word_1_565' title='bbox 1237 2423 1270 2476; x_wconf 84' lang='lat' dir='ltr'>Ut</span> <span class='ocrx_word' id='word_1_566' title='bbox 1280 2437 1355 2477; x_wconf 87' lang='lat' dir='ltr'>nemo</span> <span class='ocrx_word' id='word_1_567' title='bbox 1365 2422 1526 2488; x_wconf 77' lang='lat' dir='ltr'>gladiumin</span> <span class='ocrx_word' id='word_1_568' title='bbox 1540 2424 1693 2482; x_wconf 83' lang='lat' dir='ltr'>Ecclesium</span> <span class='ocrx_word' id='word_1_569' title='bbox 1704 2433 1806 2497; x_wconf 86' lang='lat' dir='ltr'>portet.</span> 
     </span>
    </p>

    <p class='ocr_par' dir='ltr' id='par_1_19' title="bbox 998 2510 1847 2758">
     <span class='ocr_line' id='line_1_70' title="bbox 1036 2510 1847 2584; baseline 0.007 -18"><span class='ocrx_word' id='word_1_570' title='bbox 1036 2515 1087 2579; x_wconf 79' lang='lat' dir='ltr'>(lio</span> <span class='ocrx_word' id='word_1_571' title='bbox 1100 2510 1213 2580; x_wconf 63' lang='lat' dir='ltr'>eodem.)</span> <span class='ocrx_word' id='word_1_572' title='bbox 1233 2512 1379 2565; x_wconf 88' lang='lat' dir='ltr'>llecrctum</span> <span class='ocrx_word' id='word_1_573' title='bbox 1396 2518 1439 2566; x_wconf 89' lang='lat' dir='ltr'>est</span> <span class='ocrx_word' id='word_1_574' title='bbox 1454 2513 1540 2568; x_wconf 85' lang='lat' dir='ltr'>etiam</span> <span class='ocrx_word' id='word_1_575' title='bbox 1553 2515 1581 2567; x_wconf 91' lang='lat' dir='ltr'>ln</span> <span class='ocrx_word' id='word_1_576' title='bbox 1595 2516 1697 2570; x_wconf 87' lang='lat' dir='ltr'>eodem</span> <span class='ocrx_word' id='word_1_577' title='bbox 1714 2518 1847 2584; x_wconf 90' lang='lat' dir='ltr'>concilio,</span> 
     </span>
     <span class='ocr_line' id='line_1_71' title="bbox 999 2596 1847 2675; baseline 0.008 -21"><span class='ocrx_word' id='word_1_578' title='bbox 999 2606 1031 2654; x_wconf 93' lang='lat' dir='ltr'>ut</span> <span class='ocrx_word' id='word_1_579' title='bbox 1046 2616 1129 2654; x_wconf 88' lang='lat' dir='ltr'>nemo</span> <span class='ocrx_word' id='word_1_580' title='bbox 1142 2600 1271 2671; x_wconf 86' lang='lat' dir='ltr'>gladium</span> <span class='ocrx_word' id='word_1_581' title='bbox 1289 2600 1318 2655; x_wconf 92' lang='lat' dir='ltr'>iu</span> <span class='ocrx_word' id='word_1_582' title='bbox 1335 2600 1488 2657; x_wconf 86' lang='lat' dir='ltr'>Ecclesiam</span> <span class='ocrx_word' id='word_1_583' title='bbox 1503 2596 1609 2673; x_wconf 86' lang='lat' dir='ltr'>portet,</span> <span class='ocrx_word' id='word_1_584' title='bbox 1624 2605 1715 2675; x_wconf 88' lang='lat' dir='ltr'>regali</span> <span class='ocrx_word' id='word_1_585' title='bbox 1735 2611 1847 2661; x_wconf 87' lang='lat' dir='ltr'>tantum</span> 
     </span>
     <span class='ocr_line' id='line_1_72' title="bbox 998 2693 1127 2758; baseline -0.008 -15"><span class='ocrx_word' id='word_1_586' title='bbox 998 2693 1127 2758; x_wconf 84' lang='lat' dir='ltr'>excepto.</span> 
     </span>
    </p>
   </div>
   <div class='ocr_carea' id='block_1_14' title="bbox 999 2777 1847 2918">
    <p class='ocr_par' dir='ltr' id='par_1_20' title="bbox 999 2777 1847 2918">
     <span class='ocr_line' id='line_1_73' title="bbox 999 2777 1847 2848; baseline 0.008 -15"><span class='ocrx_word' id='word_1_587' title='bbox 999 2777 1065 2833; x_wconf 76' lang='lat' dir='ltr'>Car.</span> <span class='ocrx_word' id='word_1_588' title='bbox 1081 2777 1122 2832; x_wconf 90' lang='lat' dir='ltr'>lli.</span> <span class='ocrx_word' id='word_1_589' title='bbox 1139 2808 1173 2817; x_wconf 94' lang='lat'><em>-</em></span> <span class='ocrx_word' id='word_1_590' title='bbox 1187 2779 1225 2833; x_wconf 89' lang='lat' dir='ltr'>Ne</span> <span class='ocrx_word' id='word_1_591' title='bbox 1238 2779 1313 2832; x_wconf 83' lang='lat' dir='ltr'>muta</span> <span class='ocrx_word' id='word_1_592' title='bbox 1325 2779 1458 2847; x_wconf 84' lang='lat' dir='ltr'>colloquio</span> <span class='ocrx_word' id='word_1_593' title='bbox 1474 2781 1502 2832; x_wconf 89' lang='lat' dir='ltr'>in</span> <span class='ocrx_word' id='word_1_594' title='bbox 1512 2781 1631 2848; x_wconf 86' lang='lat' dir='ltr'>ecclesio,</span> <span class='ocrx_word' id='word_1_595' title='bbox 1654 2787 1706 2837; x_wconf 84' lang='lat' dir='ltr'>out</span> <span class='ocrx_word' id='word_1_596' title='bbox 1723 2786 1755 2838; x_wconf 87' lang='lat' dir='ltr'>in</span> <span class='ocrx_word' id='word_1_597' title='bbox 1777 2788 1847 2840; x_wconf 84' lang='lat' dir='ltr'>atrio</span> 
     </span>
     <span class='ocr_line' id='line_1_74' title="bbox 1316 2851 1523 2918; baseline 0.01 -16"><span class='ocrx_word' id='word_1_598' title='bbox 1316 2851 1432 2904; x_wconf 75' lang='lat' dir='ltr'>ecclesie</span> <span class='ocrx_word' id='word_1_599' title='bbox 1445 2852 1523 2918; x_wconf 77' lang='lat' dir='ltr'>fiunt.</span> 
     </span>
    </p>
   </div>
   <div class='ocr_carea' id='block_1_15' title="bbox 994 2935 1847 3449">
    <p class='ocr_par' dir='ltr' id='par_1_21' title="bbox 994 2935 1847 3449">
     <span class='ocr_line' id='line_1_75' title="bbox 1033 2935 1847 3009; baseline 0.011 -18"><span class='ocrx_word' id='word_1_600' title='bbox 1033 2937 1091 3008; x_wconf 79' lang='lat' dir='ltr'>(En</span> <span class='ocrx_word' id='word_1_601' title='bbox 1103 2935 1213 3005; x_wconf 84' lang='lat' dir='ltr'>eodem.)</span> <span class='ocrx_word' id='word_1_602' title='bbox 1227 2935 1334 2991; x_wconf 91' lang='lat' dir='ltr'>Statuit</span> <span class='ocrx_word' id='word_1_603' title='bbox 1345 2938 1432 2991; x_wconf 90' lang='lat' dir='ltr'>etiam</span> <span class='ocrx_word' id='word_1_604' title='bbox 1453 2939 1700 3009; x_wconf 79' lang='lat' dir='ltr'>sanctasynodus,</span> <span class='ocrx_word' id='word_1_605' title='bbox 1717 2946 1752 2996; x_wconf 91' lang='lat' dir='ltr'>ut</span> <span class='ocrx_word' id='word_1_606' title='bbox 1774 2946 1847 3000; x_wconf 83' lang='lat' dir='ltr'>male</span> 
     </span>
     <span class='ocr_line' id='line_1_76' title="bbox 996 3024 1845 3098; baseline 0.011 -18"><span class='ocrx_word' id='word_1_607' title='bbox 996 3025 1172 3081; x_wconf 87' lang='lat' dir='ltr'>consuetudo</span> <span class='ocrx_word' id='word_1_608' title='bbox 1188 3040 1252 3094; x_wconf 85' lang='lat' dir='ltr'>quae</span> <span class='ocrx_word' id='word_1_609' title='bbox 1266 3024 1342 3095; x_wconf 87' lang='lat' dir='ltr'>apud</span> <span class='ocrx_word' id='word_1_610' title='bbox 1369 3041 1469 3081; x_wconf 85' lang='lat' dir='ltr'>omnes</span> <span class='ocrx_word' id='word_1_611' title='bbox 1481 3042 1553 3096; x_wconf 78' lang='lat' dir='ltr'>ysena</span> <span class='ocrx_word' id='word_1_612' title='bbox 1565 3026 1625 3096; x_wconf 84' lang='lat' dir='ltr'>jam</span> <span class='ocrx_word' id='word_1_613' title='bbox 1639 3028 1770 3098; x_wconf 89' lang='lat' dir='ltr'>inolevit,</span> <span class='ocrx_word' id='word_1_614' title='bbox 1784 3049 1845 3088; x_wconf 90' lang='lat' dir='ltr'>om·</span> 
     </span>
     <span class='ocr_line' id='line_1_77' title="bbox 996 3113 1845 3187; baseline 0.008 -17"><span class='ocrx_word' id='word_1_615' title='bbox 996 3114 1064 3170; x_wconf 92' lang='lat' dir='ltr'>nino</span> <span class='ocrx_word' id='word_1_616' title='bbox 1081 3113 1340 3185; x_wconf 90' lang='lat' dir='ltr'>prohibeatur,hoc</span> <span class='ocrx_word' id='word_1_617' title='bbox 1350 3118 1403 3182; x_wconf 88' lang='lat' dir='ltr'>est,</span> <span class='ocrx_word' id='word_1_618' title='bbox 1415 3115 1492 3185; x_wconf 92' lang='lat' dir='ltr'>quod</span> <span class='ocrx_word' id='word_1_619' title='bbox 1503 3116 1645 3187; x_wconf 91' lang='lat' dir='ltr'>colloquia</span> <span class='ocrx_word' id='word_1_620' title='bbox 1661 3135 1713 3174; x_wconf 90' lang='lat' dir='ltr'>sna</span> <span class='ocrx_word' id='word_1_621' title='bbox 1729 3120 1760 3174; x_wconf 92' lang='lat' dir='ltr'>in</span> <span class='ocrx_word' id='word_1_622' title='bbox 1775 3123 1845 3177; x_wconf 85' lang='lat' dir='ltr'>atrio</span> 
     </span>
     <span class='ocr_line' id='line_1_78' title="bbox 996 3201 1843 3272; baseline 0.012 -17"><span class='ocrx_word' id='word_1_623' title='bbox 996 3202 1114 3272; x_wconf 85' lang='lat' dir='ltr'>alicujus</span> <span class='ocrx_word' id='word_1_624' title='bbox 1129 3201 1255 3255; x_wconf 83' lang='lat' dir='ltr'>ecclesiae</span> <span class='ocrx_word' id='word_1_625' title='bbox 1270 3203 1449 3257; x_wconf 90' lang='lat' dir='ltr'>constituunt</span> <span class='ocrx_word' id='word_1_626' title='bbox 1464 3203 1606 3271; x_wconf 87' lang='lat' dir='ltr'>habenda,</span> <span class='ocrx_word' id='word_1_627' title='bbox 1623 3210 1652 3260; x_wconf 90' lang='lat' dir='ltr'>et</span> <span class='ocrx_word' id='word_1_628' title='bbox 1679 3213 1750 3262; x_wconf 91' lang='lat' dir='ltr'>tunc</span> <span class='ocrx_word' id='word_1_629' title='bbox 1769 3226 1801 3263; x_wconf 88' lang='lat' dir='ltr'>ea</span> <span class='ocrx_word' id='word_1_630' title='bbox 1816 3210 1843 3265; x_wconf 90' lang='lat' dir='ltr'>in</span> 
     </span>
     <span class='ocr_line' id='line_1_79' title="bbox 995 3288 1842 3359; baseline 0.012 -16"><span class='ocrx_word' id='word_1_631' title='bbox 995 3288 1057 3359; x_wconf 86' lang='lat' dir='ltr'>ipsa</span> <span class='ocrx_word' id='word_1_632' title='bbox 1074 3290 1197 3343; x_wconf 86' lang='lat' dir='ltr'>maxima</span> <span class='ocrx_word' id='word_1_633' title='bbox 1214 3295 1346 3344; x_wconf 83' lang='lat' dir='ltr'>exercent</span> <span class='ocrx_word' id='word_1_634' title='bbox 1372 3291 1501 3355; x_wconf 88' lang='lat' dir='ltr'>ecclesia,</span> <span class='ocrx_word' id='word_1_635' title='bbox 1526 3292 1576 3347; x_wconf 93' lang='lat' dir='ltr'>ubi</span> <span class='ocrx_word' id='word_1_636' title='bbox 1590 3295 1738 3350; x_wconf 88' lang='lat' dir='ltr'>orationes</span> <span class='ocrx_word' id='word_1_637' title='bbox 1758 3304 1787 3353; x_wconf 90' lang='lat' dir='ltr'>et</span> <span class='ocrx_word' id='word_1_638' title='bbox 1803 3298 1842 3353; x_wconf 91' lang='lat' dir='ltr'>di·</span> 
     </span>
     <span class='ocr_line' id='line_1_80' title="bbox 994 3376 1569 3449; baseline 0.009 -19"><span class='ocrx_word' id='word_1_639' title='bbox 994 3376 1061 3431; x_wconf 84' lang='lat' dir='ltr'>vina</span> <span class='ocrx_word' id='word_1_640' title='bbox 1075 3381 1186 3432; x_wconf 80' lang='lat' dir='ltr'>tantum</span> <span class='ocrx_word' id='word_1_641' title='bbox 1200 3377 1264 3432; x_wconf 90' lang='lat' dir='ltr'>lieri</span> <span class='ocrx_word' id='word_1_642' title='bbox 1279 3393 1395 3449; x_wconf 77' lang='lat' dir='ltr'>aequum</span> <span class='ocrx_word' id='word_1_643' title='bbox 1411 3383 1454 3435; x_wconf 87' lang='lat' dir='ltr'>est</span> <span class='ocrx_word' id='word_1_644' title='bbox 1467 3379 1569 3436; x_wconf 83' lang='lat' dir='ltr'>officia.</span> 
     </span>
    </p>
   </div>
   <div class='ocr_carea' id='block_1_16' title="bbox 994 3472 1841 3671">
    <p class='ocr_par' dir='ltr' id='par_1_22' title="bbox 994 3472 1841 3671">
     <span class='ocr_line' id='line_1_81' title="bbox 994 3472 1841 3550; baseline 0.013 -23"><span class='ocrx_word' id='word_1_645' title='bbox 994 3472 1059 3528; x_wconf 82' lang='lat' dir='ltr'>Car.</span> <span class='ocrx_word' id='word_1_646' title='bbox 1076 3475 1105 3528; x_wconf 87' lang='lat' dir='ltr'>X.</span> <span class='ocrx_word' id='word_1_647' title='bbox 1127 3504 1162 3514; x_wconf 89' lang='lat'><em>-</em></span> <span class='ocrx_word' id='word_1_648' title='bbox 1181 3477 1221 3529; x_wconf 87' lang='lat' dir='ltr'>De</span> <span class='ocrx_word' id='word_1_649' title='bbox 1243 3477 1400 3543; x_wconf 83' lang='lat' dir='ltr'>Evangelio,</span> <span class='ocrx_word' id='word_1_650' title='bbox 1425 3478 1456 3532; x_wconf 90' lang='lat' dir='ltr'>ln</span> <span class='ocrx_word' id='word_1_651' title='bbox 1473 3480 1612 3548; x_wconf 86' lang='lat' dir='ltr'>principio</span> <span class='ocrx_word' id='word_1_652' title='bbox 1634 3486 1695 3535; x_wconf 86' lang='lat' dir='ltr'>erut</span> <span class='ocrx_word' id='word_1_653' title='bbox 1719 3484 1841 3550; x_wconf 79' lang='lat' dir='ltr'>Verbum,</span> 
     </span>
     <span class='ocr_line' id='line_1_82' title="bbox 1028 3547 1839 3671; baseline 0.015 -71"><span class='ocrx_word' id='word_1_654' title='bbox 1028 3547 1172 3671; x_wconf 52' lang='grc' dir='ltr'>ἷξὸηιέιιιίι</span> <span class='ocrx_word' id='word_1_655' title='bbox 1195 3548 1395 3616; x_wconf 80' lang='lat' dir='ltr'>peculiaribus,</span> <span class='ocrx_word' id='word_1_656' title='bbox 1421 3550 1545 3616; x_wconf 70' lang='lat' dir='ltr'>nepulit</span> <span class='ocrx_word' id='word_1_657' title='bbox 1575 3565 1628 3605; x_wconf 90' lang='lat' dir='ltr'>non</span> <span class='ocrx_word' id='word_1_658' title='bbox 1651 3554 1711 3608; x_wconf 82' lang='lat' dir='ltr'>suis</span> <span class='ocrx_word' id='word_1_659' title='bbox 1742 3561 1839 3625; x_wconf 85' lang='lat' dir='ltr'>tempo·</span> 
     </span>
    </p>
   </div>
   <div class='ocr_carea' id='block_1_17' title="bbox 993 3703 1839 4222">
    <p class='ocr_par' dir='ltr' id='par_1_23' title="bbox 993 3703 1839 4222">
     <span class='ocr_line' id='line_1_83' title="bbox 1029 3703 1839 3778; baseline 0.015 -20"><span class='ocrx_word' id='word_1_660' title='bbox 1029 3703 1207 3772; x_wconf 81' lang='lat' dir='ltr'>(Eneodem.)</span> <span class='ocrx_word' id='word_1_661' title='bbox 1235 3704 1356 3770; x_wconf 83' lang='lat' dir='ltr'>Quidam</span> <span class='ocrx_word' id='word_1_662' title='bbox 1381 3705 1469 3761; x_wconf 89' lang='lat' dir='ltr'>etiam</span> <span class='ocrx_word' id='word_1_663' title='bbox 1493 3705 1643 3778; x_wconf 86' lang='lat' dir='ltr'>laicorum,</span> <span class='ocrx_word' id='word_1_664' title='bbox 1666 3715 1694 3766; x_wconf 91' lang='lat' dir='ltr'>et</span> <span class='ocrx_word' id='word_1_665' title='bbox 1720 3715 1839 3770; x_wconf 80' lang='lat' dir='ltr'>maxime</span> 
     </span>
     <span class='ocr_line' id='line_1_84' title="bbox 994 3792 1838 3874; baseline 0.013 -29"><span class='ocrx_word' id='word_1_666' title='bbox 994 3796 1144 3858; x_wconf 73' lang='lat' dir='ltr'>matronas,</span> <span class='ocrx_word' id='word_1_667' title='bbox 1160 3792 1310 3848; x_wconf 90' lang='lat' dir='ltr'>habentin</span> <span class='ocrx_word' id='word_1_668' title='bbox 1337 3794 1556 3863; x_wconf 90' lang='lat' dir='ltr'>consuetudine,</span> <span class='ocrx_word' id='word_1_669' title='bbox 1580 3813 1612 3851; x_wconf 91' lang='grc' dir='ltr'>ιιι</span> <span class='ocrx_word' id='word_1_670' title='bbox 1635 3815 1688 3870; x_wconf 90' lang='lat' dir='ltr'>per</span> <span class='ocrx_word' id='word_1_671' title='bbox 1714 3801 1838 3874; x_wconf 85' lang='lat' dir='ltr'>singulos</span> 
     </span>
     <span class='ocr_line' id='line_1_85' title="bbox 994 3879 1838 3955; baseline 0.013 -20"><span class='ocrx_word' id='word_1_672' title='bbox 994 3879 1055 3936; x_wconf 89' lang='lat' dir='ltr'>dies</span> <span class='ocrx_word' id='word_1_673' title='bbox 1070 3880 1254 3951; x_wconf 84' lang='lat' dir='ltr'>Evangelium</span> <span class='ocrx_word' id='word_1_674' title='bbox 1271 3898 1277 3935; x_wconf 94' lang='lat'>:</span> <span class='ocrx_word' id='word_1_675' title='bbox 1293 3883 1325 3936; x_wconf 93' lang='lat' dir='ltr'>ln</span> <span class='ocrx_word' id='word_1_676' title='bbox 1336 3882 1479 3954; x_wconf 89' lang='lat' dir='ltr'>principio</span> <span class='ocrx_word' id='word_1_677' title='bbox 1486 3890 1548 3939; x_wconf 88' lang='lat' dir='ltr'>erat</span> <span class='ocrx_word' id='word_1_678' title='bbox 1558 3885 1733 3955; x_wconf 88' lang='lat' dir='ltr'>Verbum,et</span> <span class='ocrx_word' id='word_1_679' title='bbox 1744 3894 1838 3946; x_wconf 78' lang='lat' dir='ltr'>missu</span> 
     </span>
     <span class='ocr_line' id='line_1_86' title="bbox 993 3968 1836 4040; baseline 0.014 -19"><span class='ocrx_word' id='word_1_680' title='bbox 993 3968 1159 4039; x_wconf 89' lang='lat' dir='ltr'>peculiares,</span> <span class='ocrx_word' id='word_1_681' title='bbox 1171 3969 1225 4023; x_wconf 92' lang='lat' dir='ltr'>hoc</span> <span class='ocrx_word' id='word_1_682' title='bbox 1240 3975 1292 4036; x_wconf 90' lang='lat' dir='ltr'>est,</span> <span class='ocrx_word' id='word_1_683' title='bbox 1305 3972 1340 4024; x_wconf 88' lang='lat' dir='ltr'>de</span> <span class='ocrx_word' id='word_1_684' title='bbox 1355 3978 1452 4025; x_wconf 88' lang='lat' dir='ltr'>sancta</span> <span class='ocrx_word' id='word_1_685' title='bbox 1462 3971 1609 4040; x_wconf 81' lang='lat' dir='ltr'>Trinitate,</span> <span class='ocrx_word' id='word_1_686' title='bbox 1629 3979 1681 4030; x_wconf 85' lang='grc' dir='ltr'>ιιιιι</span> <span class='ocrx_word' id='word_1_687' title='bbox 1695 3977 1731 4032; x_wconf 90' lang='lat' dir='ltr'>de</span> <span class='ocrx_word' id='word_1_688' title='bbox 1745 3985 1836 4035; x_wconf 88' lang='lat' dir='ltr'>sancto</span> 
     </span>
     <span class='ocr_line' id='line_1_87' title="bbox 993 4054 1835 4129; baseline 0.015 -18"><span class='ocrx_word' id='word_1_689' title='bbox 993 4055 1127 4111; x_wconf 81' lang='lat' dir='ltr'>Michaelo</span> <span class='ocrx_word' id='word_1_690' title='bbox 1144 4054 1272 4129; x_wconf 88' lang='lat' dir='ltr'>[dicant],</span> <span class='ocrx_word' id='word_1_691' title='bbox 1289 4062 1316 4112; x_wconf 89' lang='lat' dir='ltr'>et</span> <span class='ocrx_word' id='word_1_692' title='bbox 1332 4058 1378 4113; x_wconf 92' lang='lat' dir='ltr'>ido</span> <span class='ocrx_word' id='word_1_693' title='bbox 1394 4059 1533 4114; x_wconf 89' lang='lat' dir='ltr'>sancitum</span> <span class='ocrx_word' id='word_1_694' title='bbox 1549 4062 1635 4115; x_wconf 88' lang='lat' dir='ltr'>estin</span> <span class='ocrx_word' id='word_1_695' title='bbox 1656 4064 1759 4121; x_wconf 89' lang='lat' dir='ltr'>eodem</span> <span class='ocrx_word' id='word_1_696' title='bbox 1775 4083 1835 4123; x_wconf 90' lang='lat' dir='ltr'>con·</span> 
     </span>
     <span class='ocr_line' id='line_1_88' title="bbox 993 4143 1837 4222; baseline 0.018 -25"><span class='ocrx_word' id='word_1_697' title='bbox 993 4143 1070 4214; x_wconf 91' lang='lat' dir='ltr'>cilio,</span> <span class='ocrx_word' id='word_1_698' title='bbox 1084 4149 1116 4198; x_wconf 91' lang='lat' dir='ltr'>ut</span> <span class='ocrx_word' id='word_1_699' title='bbox 1129 4146 1182 4200; x_wconf 90' lang='lat' dir='ltr'>hoc</span> <span class='ocrx_word' id='word_1_700' title='bbox 1197 4145 1315 4200; x_wconf 90' lang='lat' dir='ltr'>ulterius</span> <span class='ocrx_word' id='word_1_701' title='bbox 1325 4162 1383 4201; x_wconf 94' lang='lat' dir='ltr'>non</span> <span class='ocrx_word' id='word_1_702' title='bbox 1394 4147 1573 4214; x_wconf 88' lang='lat' dir='ltr'>Dat,nisisuo</span> <span class='ocrx_word' id='word_1_703' title='bbox 1585 4156 1728 4222; x_wconf 80' lang='lat' dir='ltr'>tempore,</span> <span class='ocrx_word' id='word_1_704' title='bbox 1745 4162 1775 4210; x_wconf 91' lang='lat' dir='ltr'>et</span> <span class='ocrx_word' id='word_1_705' title='bbox 1786 4157 1837 4212; x_wconf 90' lang='lat' dir='ltr'>nisi</span> 
     </span>
    </p>
   </div>
   <div class='ocr_carea' id='block_1_18' title="bbox 875 4204 1838 4394">
    <p class='ocr_par' dir='ltr' id='par_1_24' title="bbox 875 4204 1838 4394">
     <span class='ocr_line' id='line_1_89' title="bbox 875 4204 1838 4313; baseline 0.02 -31"><span class='ocrx_word' id='word_1_706' title='bbox 875 4228 937 4313; x_wconf 83' lang='lat' dir='ltr'>pro·</span> <span class='ocrx_word' id='word_1_707' title='bbox 956 4204 1096 4303; x_wconf 81' lang='lat' dir='ltr'>Daliquis</span> <span class='ocrx_word' id='word_1_708' title='bbox 1113 4232 1241 4288; x_wconf 84' lang='lat' dir='ltr'>fidelium</span> <span class='ocrx_word' id='word_1_709' title='bbox 1265 4235 1364 4289; x_wconf 74' lang='lat' dir='ltr'>erudire</span> <span class='ocrx_word' id='word_1_710' title='bbox 1388 4236 1457 4290; x_wconf 90' lang='lat' dir='ltr'>velit</span> <span class='ocrx_word' id='word_1_711' title='bbox 1480 4253 1532 4306; x_wconf 91' lang='lat' dir='ltr'>pro</span> <span class='ocrx_word' id='word_1_712' title='bbox 1549 4242 1708 4295; x_wconf 88' lang='lat' dir='ltr'>reverentia</span> <span class='ocrx_word' id='word_1_713' title='bbox 1737 4252 1838 4300; x_wconf 81' lang='lat' dir='ltr'>sancte</span> 
     </span>
     <span class='ocr_line' id='line_1_90' title="bbox 911 4320 1838 4394; baseline 0.018 -21"><span class='ocrx_word' id='word_1_714' title='bbox 911 4320 921 4373; x_wconf 80' lang='lat'>¹.</span> <span class='ocrx_word' id='word_1_715' title='bbox 990 4320 1145 4389; x_wconf 83' lang='lat' dir='ltr'>Trinitatis,</span> <span class='ocrx_word' id='word_1_716' title='bbox 1164 4337 1219 4375; x_wconf 92' lang='lat' dir='ltr'>non</span> <span class='ocrx_word' id='word_1_717' title='bbox 1230 4337 1282 4391; x_wconf 91' lang='lat' dir='ltr'>pro</span> <span class='ocrx_word' id='word_1_718' title='bbox 1292 4323 1389 4394; x_wconf 68' lang='lat' dir='ltr'>aliqua</span> <span class='ocrx_word' id='word_1_719' title='bbox 1402 4323 1577 4380; x_wconf 86' lang='lat' dir='ltr'>divinatione</span> <span class='ocrx_word' id='word_1_720' title='bbox 1593 4343 1600 4380; x_wconf 75' lang='grc' dir='ltr'>ε</span> <span class='ocrx_word' id='word_1_721' title='bbox 1619 4333 1647 4382; x_wconf 86' lang='grc' dir='ltr'>ιι</span> <span class='ocrx_word' id='word_1_722' title='bbox 1658 4329 1683 4382; x_wconf 91' lang='lat' dir='ltr'>si</span> <span class='ocrx_word' id='word_1_723' title='bbox 1698 4333 1838 4389; x_wconf 85' lang='lat' dir='ltr'>voluerint</span> 
     </span>
    </p>
   </div>
   <div class='ocr_carea' id='block_1_19' title="bbox 991 4409 1837 4571">
    <p class='ocr_par' dir='ltr' id='par_1_25' title="bbox 991 4409 1837 4571">
     <span class='ocr_line' id='line_1_91' title="bbox 992 4409 1837 4476; baseline 0.015 -15"><span class='ocrx_word' id='word_1_724' title='bbox 992 4413 1024 4462; x_wconf 90' lang='lat' dir='ltr'>ut</span> <span class='ocrx_word' id='word_1_725' title='bbox 1035 4409 1089 4463; x_wconf 86' lang='lat' dir='ltr'>sibi</span> <span class='ocrx_word' id='word_1_726' title='bbox 1106 4409 1198 4464; x_wconf 74' lang='lat' dir='ltr'>missos</span> <span class='ocrx_word' id='word_1_727' title='bbox 1214 4415 1373 4474; x_wconf 85' lang='lat' dir='ltr'>cantentur,</span> <span class='ocrx_word' id='word_1_728' title='bbox 1397 4412 1432 4466; x_wconf 91' lang='lat' dir='ltr'>de</span> <span class='ocrx_word' id='word_1_729' title='bbox 1446 4413 1548 4468; x_wconf 90' lang='lat' dir='ltr'>eodem</span> <span class='ocrx_word' id='word_1_730' title='bbox 1564 4415 1610 4468; x_wconf 92' lang='lat' dir='ltr'>die</span> <span class='ocrx_word' id='word_1_731' title='bbox 1629 4418 1753 4475; x_wconf 73' lang='lat' dir='ltr'>erudiant</span> <span class='ocrx_word' id='word_1_732' title='bbox 1775 4422 1837 4476; x_wconf 86' lang='lat' dir='ltr'>mis·</span> 
     </span>
     <span class='ocr_line' id='line_1_92' title="bbox 991 4495 1734 4571; baseline 0.015 -22"><span class='ocrx_word' id='word_1_733' title='bbox 991 4511 1043 4564; x_wconf 89' lang='lat' dir='ltr'>sas,</span> <span class='ocrx_word' id='word_1_734' title='bbox 1062 4495 1103 4549; x_wconf 87' lang='lat' dir='ltr'>vel</span> <span class='ocrx_word' id='word_1_735' title='bbox 1120 4512 1171 4567; x_wconf 88' lang='lat' dir='ltr'>pro</span> <span class='ocrx_word' id='word_1_736' title='bbox 1188 4498 1278 4551; x_wconf 86' lang='lat' dir='ltr'>salute</span> <span class='ocrx_word' id='word_1_737' title='bbox 1293 4497 1433 4563; x_wconf 87' lang='lat' dir='ltr'>vivorum,</span> <span class='ocrx_word' id='word_1_738' title='bbox 1450 4506 1498 4554; x_wconf 89' lang='lat' dir='ltr'>aut</span> <span class='ocrx_word' id='word_1_739' title='bbox 1510 4517 1562 4571; x_wconf 88' lang='lat' dir='ltr'>pro</span> <span class='ocrx_word' id='word_1_740' title='bbox 1579 4502 1734 4560; x_wconf 80' lang='lat' dir='ltr'>defunctis.</span> 
     </span>
    </p>
   </div>
   <div class='ocr_carea' id='block_1_20' title="bbox 989 4593 1839 5198">
    <p class='ocr_par' dir='ltr' id='par_1_26' title="bbox 1063 4593 1767 4668">
     <span class='ocr_line' id='line_1_93' title="bbox 1063 4593 1767 4668; baseline 0.017 -21"><span class='ocrx_word' id='word_1_741' title='bbox 1063 4593 1127 4649; x_wconf 80' lang='lat' dir='ltr'>Car.</span> <span class='ocrx_word' id='word_1_742' title='bbox 1143 4595 1186 4649; x_wconf 89' lang='lat' dir='ltr'>lll.</span> <span class='ocrx_word' id='word_1_743' title='bbox 1201 4598 1281 4650; x_wconf 89' lang='lat' dir='ltr'>-De</span> <span class='ocrx_word' id='word_1_744' title='bbox 1294 4599 1492 4666; x_wconf 84' lang='lat' dir='ltr'>computatione</span> <span class='ocrx_word' id='word_1_745' title='bbox 1506 4604 1767 4668; x_wconf 79' lang='lat' dir='ltr'>consanguinitatis.</span> 
     </span>
    </p>

    <p class='ocr_par' dir='ltr' id='par_1_27' title="bbox 989 4681 1839 5198">
     <span class='ocr_line' id='line_1_94' title="bbox 1028 4681 1838 4760; baseline 0.019 -25"><span class='ocrx_word' id='word_1_746' title='bbox 1028 4683 1081 4748; x_wconf 80' lang='lat' dir='ltr'>(lin</span> <span class='ocrx_word' id='word_1_747' title='bbox 1100 4681 1191 4736; x_wconf 84' lang='lat' dir='ltr'>eodem</span> <span class='ocrx_word' id='word_1_748' title='bbox 1212 4684 1347 4755; x_wconf 74' lang='lat' dir='ltr'>coercitio.)</span> <span class='ocrx_word' id='word_1_749' title='bbox 1371 4685 1493 4750; x_wconf 82' lang='lat' dir='ltr'>Quidam</span> <span class='ocrx_word' id='word_1_750' title='bbox 1515 4688 1602 4742; x_wconf 88' lang='lat' dir='ltr'>etiam</span> <span class='ocrx_word' id='word_1_751' title='bbox 1621 4695 1838 4760; x_wconf 87' lang='lat' dir='ltr'>generationem</span> 
     </span>
     <span class='ocr_line' id='line_1_95' title="bbox 990 4771 1838 4845; baseline 0.015 -23"><span class='ocrx_word' id='word_1_752' title='bbox 990 4771 1247 4840; x_wconf 89' lang='lat' dir='ltr'>consanguinitatis</span> <span class='ocrx_word' id='word_1_753' title='bbox 1269 4772 1310 4827; x_wconf 90' lang='lat' dir='ltr'>ita</span> <span class='ocrx_word' id='word_1_754' title='bbox 1325 4773 1424 4828; x_wconf 91' lang='lat' dir='ltr'>volunt</span> <span class='ocrx_word' id='word_1_755' title='bbox 1454 4784 1616 4845; x_wconf 75' lang='lat' dir='ltr'>numerare,</span> <span class='ocrx_word' id='word_1_756' title='bbox 1641 4783 1674 4832; x_wconf 91' lang='lat' dir='ltr'>ut</span> <span class='ocrx_word' id='word_1_757' title='bbox 1696 4781 1790 4837; x_wconf 81' lang='lat' dir='ltr'>freter</span> <span class='ocrx_word' id='word_1_758' title='bbox 1813 4786 1838 4836; x_wconf 94' lang='lat' dir='ltr'>et</span> 
     </span>
     <span class='ocr_line' id='line_1_96' title="bbox 990 4858 1837 4942; baseline 0.014 -30"><span class='ocrx_word' id='word_1_759' title='bbox 990 4874 1071 4912; x_wconf 86' lang='lat' dir='ltr'>soror</span> <span class='ocrx_word' id='word_1_760' title='bbox 1085 4859 1142 4911; x_wconf 89' lang='lat' dir='ltr'>sint</span> <span class='ocrx_word' id='word_1_761' title='bbox 1156 4858 1252 4929; x_wconf 88' lang='lat' dir='ltr'>primi.</span> <span class='ocrx_word' id='word_1_762' title='bbox 1282 4861 1446 4916; x_wconf 90' lang='lat' dir='ltr'>llocautcm</span> <span class='ocrx_word' id='word_1_763' title='bbox 1469 4866 1569 4919; x_wconf 90' lang='lat' dir='ltr'>statuit</span> <span class='ocrx_word' id='word_1_764' title='bbox 1590 4872 1687 4921; x_wconf 86' lang='lat' dir='ltr'>sancta</span> <span class='ocrx_word' id='word_1_765' title='bbox 1716 4871 1837 4942; x_wconf 88' lang='lat' dir='ltr'>synodus</span> 
     </span>
     <span class='ocr_line' id='line_1_97' title="bbox 990 4946 1839 5026; baseline 0.016 -26"><span class='ocrx_word' id='word_1_766' title='bbox 990 4946 1214 5001; x_wconf 89' lang='lat' dir='ltr'>sicutetiamab</span> <span class='ocrx_word' id='word_1_767' title='bbox 1239 4948 1367 5020; x_wconf 88' lang='lat' dir='ltr'>antiquis</span> <span class='ocrx_word' id='word_1_768' title='bbox 1395 4951 1525 5006; x_wconf 85' lang='lat' dir='ltr'>Patribus</span> <span class='ocrx_word' id='word_1_769' title='bbox 1549 4954 1699 5011; x_wconf 89' lang='lat' dir='ltr'>decretum</span> <span class='ocrx_word' id='word_1_770' title='bbox 1730 4966 1783 5026; x_wconf 89' lang='lat' dir='ltr'>est,</span> <span class='ocrx_word' id='word_1_771' title='bbox 1811 4964 1839 5014; x_wconf 91' lang='lat' dir='ltr'>ut</span> 
     </span>
     <span class='ocr_line' id='line_1_98' title="bbox 991 5033 1837 5116; baseline 0.02 -29"><span class='ocrx_word' id='word_1_772' title='bbox 991 5033 1030 5088; x_wconf 91' lang='lat' dir='ltr'>ita</span> <span class='ocrx_word' id='word_1_773' title='bbox 1044 5050 1102 5088; x_wconf 92' lang='lat' dir='ltr'>uon</span> <span class='ocrx_word' id='word_1_774' title='bbox 1116 5040 1220 5098; x_wconf 84' lang='lat' dir='ltr'>essent,</span> <span class='ocrx_word' id='word_1_775' title='bbox 1238 5036 1286 5090; x_wconf 88' lang='lat' dir='ltr'>sed</span> <span class='ocrx_word' id='word_1_776' title='bbox 1303 5042 1448 5108; x_wconf 84' lang='lat' dir='ltr'>atnepos,</span> <span class='ocrx_word' id='word_1_777' title='bbox 1465 5045 1493 5094; x_wconf 91' lang='lat' dir='ltr'>et</span> <span class='ocrx_word' id='word_1_778' title='bbox 1519 5043 1623 5114; x_wconf 81' lang='lat' dir='ltr'>neptis.</span> <span class='ocrx_word' id='word_1_779' title='bbox 1641 5045 1672 5101; x_wconf 89' lang='lat' dir='ltr'>id</span> <span class='ocrx_word' id='word_1_780' title='bbox 1695 5053 1751 5116; x_wconf 86' lang='lat' dir='ltr'>est,</span> <span class='ocrx_word' id='word_1_781' title='bbox 1765 5048 1837 5104; x_wconf 84' lang='lat' dir='ltr'>filins</span> 
     </span>
     <span class='ocr_line' id='line_1_99' title="bbox 989 5121 1626 5198; baseline 0.014 -22"><span class='ocrx_word' id='word_1_782' title='bbox 989 5121 1096 5187; x_wconf 81' lang='lat' dir='ltr'>fratris,</span> <span class='ocrx_word' id='word_1_783' title='bbox 1109 5137 1141 5176; x_wconf 85' lang='lat' dir='ltr'>cc</span> <span class='ocrx_word' id='word_1_784' title='bbox 1157 5122 1215 5177; x_wconf 88' lang='lat' dir='ltr'>lilia</span> <span class='ocrx_word' id='word_1_785' title='bbox 1231 5125 1340 5179; x_wconf 87' lang='lat' dir='ltr'>sororis</span> <span class='ocrx_word' id='word_1_786' title='bbox 1356 5127 1444 5198; x_wconf 91' lang='lat' dir='ltr'>primi</span> <span class='ocrx_word' id='word_1_787' title='bbox 1456 5128 1626 5186; x_wconf 89' lang='lat' dir='ltr'>habeantur.</span> 
     </span>
    </p>
   </div>
   <div class='ocr_carea' id='block_1_21' title="bbox 990 5220 1837 5364">
    <p class='ocr_par' dir='ltr' id='par_1_28' title="bbox 990 5220 1837 5364">
     <span class='ocr_line' id='line_1_100' title="bbox 990 5220 1837 5364; baseline 0.021 -91"><span class='ocrx_word' id='word_1_788' title='bbox 990 5220 1055 5275; x_wconf 81' lang='lat' dir='ltr'>Cae.</span> <span class='ocrx_word' id='word_1_789' title='bbox 1085 5221 1142 5276; x_wconf 90' lang='lat' dir='ltr'>llll.</span> <span class='ocrx_word' id='word_1_790' title='bbox 1170 5251 1203 5260; x_wconf 88' lang='lat'><em>-</em></span> <span class='ocrx_word' id='word_1_791' title='bbox 1232 5221 1361 5348; x_wconf 61' lang='lat' dir='ltr'>AEclifincoip¹</span> <span class='ocrx_word' id='word_1_792' title='bbox 1377 5226 1517 5364; x_wconf 45' lang='lat' dir='ltr'>&#39;megaera</span> <span class='ocrx_word' id='word_1_793' title='bbox 1545 5229 1575 5282; x_wconf 87' lang='lat' dir='ltr'>in</span> <span class='ocrx_word' id='word_1_794' title='bbox 1606 5231 1680 5287; x_wconf 86' lang='lat' dir='ltr'>otrio</span> <span class='ocrx_word' id='word_1_795' title='bbox 1717 5235 1837 5290; x_wconf 60' lang='lat' dir='ltr'>Eccum</span> 
     </span>
    </p>
   </div>
   <div class='ocr_carea' id='block_1_22' title="bbox 989 5378 1836 5549">
    <p class='ocr_par' dir='ltr' id='par_1_29' title="bbox 989 5378 1836 5549">
     <span class='ocr_line' id='line_1_101' title="bbox 1024 5378 1836 5451; baseline 0.021 -18"><span class='ocrx_word' id='word_1_796' title='bbox 1024 5378 1084 5450; x_wconf 80' lang='lat' dir='ltr'>(Ec</span> <span class='ocrx_word' id='word_1_797' title='bbox 1097 5379 1209 5451; x_wconf 80' lang='lat' dir='ltr'>eodem.)</span> <span class='ocrx_word' id='word_1_798' title='bbox 1227 5381 1372 5437; x_wconf 88' lang='lat' dir='ltr'>Statutum</span> <span class='ocrx_word' id='word_1_799' title='bbox 1393 5391 1437 5438; x_wconf 90' lang='lat' dir='ltr'>est</span> <span class='ocrx_word' id='word_1_800' title='bbox 1459 5387 1544 5441; x_wconf 89' lang='lat' dir='ltr'>etiam</span> <span class='ocrx_word' id='word_1_801' title='bbox 1574 5390 1742 5447; x_wconf 82' lang='lat' dir='ltr'>utaedilicie</span> <span class='ocrx_word' id='word_1_802' title='bbox 1756 5394 1836 5449; x_wconf 89' lang='lat' dir='ltr'>laico·</span> 
     </span>
     <span class='ocr_line' id='line_1_102' title="bbox 989 5469 1836 5549; baseline 0.018 -27"><span class='ocrx_word' id='word_1_803' title='bbox 989 5482 1064 5533; x_wconf 81' lang='lat' dir='ltr'>rnsn,</span> <span class='ocrx_word' id='word_1_804' title='bbox 1093 5484 1158 5539; x_wconf 75' lang='lat' dir='ltr'>que</span> <span class='ocrx_word' id='word_1_805' title='bbox 1186 5469 1314 5525; x_wconf 88' lang='lat' dir='ltr'>ecclesiis</span> <span class='ocrx_word' id='word_1_806' title='bbox 1344 5471 1482 5543; x_wconf 84' lang='lat' dir='ltr'>adjuncta</span> <span class='ocrx_word' id='word_1_807' title='bbox 1503 5481 1580 5543; x_wconf 86' lang='lat' dir='ltr'>sunt,</span> <span class='ocrx_word' id='word_1_808' title='bbox 1603 5478 1784 5549; x_wconf 79' lang='lat' dir='ltr'>auferantur,</span> <span class='ocrx_word' id='word_1_809' title='bbox 1811 5487 1836 5537; x_wconf 85' lang='lat' dir='ltr'>ct</span> 
     </span>
    </p>
   </div>
   <div class='ocr_carea' id='block_1_23' title="bbox 0 0 1944 6112">
    <p class='ocr_par' dir='ltr' id='par_1_30' title="bbox 0 0 1944 6112">
     <span class='ocr_line' id='line_1_103' title="bbox 0 0 1944 6112; baseline 0 5"><span class='ocrx_word' id='word_1_810' title='bbox 0 0 1944 6112; x_wconf 95' lang='lat' dir='ltr'> </span> 
     </span>
    </p>
   </div>
  </div>
 </body>
</html>
