3894 6120
86 227 139 281 err
739 217 1192 308 subministrabimus
1631 182 1669 277 s
1795 223 1842 279 rso

88 363 237 415 conamur,
260 347 315 403 boe
328 346 428 418 procul
451 344 541 401 dubio
555 350 585 400 et
612 345 650 399 ed
673 343 826 415 praesentis
847 341 940 398 nostri
958 344 1047 412 Aper
1060 339 1324 413 quosdecernirnus
1335 345 1422 414 atque
1432 340 1569 413 jubemus
1599 347 1632 398 ut
1646 341 1750 398 nullus
1761 343 1844 415 judex

88 435 172 508 regni
185 440 291 491 statum
301 439 331 491 et
344 438 459 490 eternae
469 431 661 490 beatitudinis
686 431 840 502 premium
857 430 941 486 nobis
997 428 1130 499 publicus
1142 429 1185 483 vol
1197 427 1318 500 quilibet
1327 444 1359 485 ax
1371 427 1524 501 judiciaria
1545 433 1703 502 potestate,
1731 430 1790 486 nisi
1802 447 1845 486 so·

89 524 270 596 profuturum
285 523 511 579 eseecredimns.
522 521 706 593 Quapropter
717 520 853 575 omnibus
869 520 941 575 lide·
997 519 1042 573 lus
1057 516 1134 573 illius
1149 515 1203 572 loci
1220 517 1351 589 provisor
1360 522 1390 574 et
1415 518 1568 574 advocatos
1592 518 1730 591 praedicti
1743 536 1843 578 mona·

88 608 621 683 libusnostris,praesentibusscilieet
645 612 732 681 atquo
756 608 871 678 futuris,
891 623 942 662 no·
997 606 1089 675 sterii,
1110 606 1139 659 in
1155 605 1291 660 Ecclesiae
1322 610 1372 662 out
1394 606 1456 662 loca
1474 607 1517 663 rol
1545 623 1632 679 agros
1650 624 1706 663 eeu
1723 609 1846 681 reliquas

79 707 151 758 ‚tum
168 716 229 756 essa
246 700 381 756 volumus
409 698 554 772 quomodo
580 714 645 765 nos,
667 712 719 767 per
744 696 941 751 interventum
996 693 1299 765 possessionesprel'ati
1318 693 1492 761 monasterii,
1519 710 1591 767 quae
1616 695 1762 752 moderno
1777 703 1845 752 tern-

89 790 200 846 dilectea
217 788 349 860 conjugis
361 793 465 843 nostroe
480 789 510 841 ol
523 786 631 857 reginae
660 785 849 856 cunigunde,
882 800 941 840 una
996 783 1154 854 porejosto
1168 786 1196 836 et
1205 780 1414 838 rationabiliter
1427 782 1571 854 possidere
1586 783 1715 853 ridetur,
1743 784 1774 840 in
1790 788 1847 859 qui·

89 894 155 933 cum
174 877 295 933 consilio
312 876 444 946 willigisi
464 874 706 945 Mogontiacensis
730 873 873 929 AEcclcsin
899 889 943 928 ar·
996 871 1121 926 buslibet
1136 869 1297 942 episcopiis,
1315 872 1395 944 pagis
1410 872 1452 926 rel
1463 871 1625 939 territoriis,
1641 874 1688 929 vel
1709 873 1847 948 quidquid

89 965 263 1036 cbiepiecopi
278 963 448 1030 honorandi,
459 979 492 1017 ac
510 961 686 1018 berenhardi
699 961 790 1027 ducis,
800 961 959 1016 aliorumf
997 960 1105 1016 ibidem
1121 964 1238 1032 propter
1251 959 1521 1016 divinumamorem
1542 965 1572 1016 et
1591 960 1671 1017 illius
1689 962 1783 1018 sancti
1799 964 1848 1020 loci

90 1069 147 1126 que
160 1054 289 1109 fidelium
313 1058 489 1119 nostrorum,
515 1057 582 1106 vota
614 1057 643 1106 ot
663 1050 814 1122 petitiones
828 1051 943 1107 domnae
998 1048 1214 1104 venerationem
1240 1049 1375 1103 collatum
1396 1048 1492 1118 luerit,
1512 1050 1548 1105 ad
1562 1065 1665 1105 caueae
1690 1051 1848 1108 audiendas

90 1141 264 1197 Godesdbivi
279 1140 493 1197 lleriinrdensis
523 1138 693 1194 monasterii
712 1138 882 1193 venerabilis
894 1139 942 1193 ab·
998 1138 1042 1191 vel
1058 1136 1349 1206 lredeexigendaeut
1364 1136 1525 1192 mansiones
1540 1139 1584 1193 vel
1605 1142 1724 1208 paratas
1747 1138 1847 1195 iacien-

90 1228 385 1299 batissrncunctaeque
399 1224 631 1297 congregationis
655 1229 760 1279 sanctie
781 1224 875 1278 blariae
890 1223 945 1278 sibi
999 1225 1111 1280 dasaut
1130 1223 1312 1296 fidejussores
1331 1224 1482 1293 tollendos,
1503 1229 1552 1279 aut
1573 1226 1649 1281 ullas
1682 1225 1846 1283 reddibitio-

90 1315 253 1370 commissae
268 1319 432 1385 soquentes,
462 1318 562 1367 nostra
583 1312 664 1384 regia
692 1311 862 1367 auctoritate
888 1315 945 1367 tres
999 1330 1049 1368 nes
1065 1313 1109 1368 rel
1123 1313 1236 1368 illicitas
1246 1311 1409 1368 occasiones
1424 1312 1620 1385 requirendas,
1640 1319 1694 1370 aut
1721 1316 1846 1372 bomine·

92 1404 230 1460 Ecclesiae
241 1404 272 1459 in
283 1402 366 1474 pagis
383 1401 536 1455 bursibant
550 1405 578 1454 ct
592 1400 758 1473 scopingon
777 1399 944 1466 nominalis,
998 1399 1090 1472 ipsius
1104 1400 1272 1456 monasterii
1291 1407 1348 1456 tarn
1361 1401 1503 1473 ingenuos
1530 1417 1618 1474 quarn
1647 1407 1677 1458 et
1697 1419 1798 1459 servos
1811 1407 1847 1460 vel

92 1490 123 1545 in
154 1491 228 1546 villis
254 1504 372 1562 quoque
396 1488 505 1556 limini,
529 1488 709 1560 wadiringas
729 1493 758 1543 et
781 1486 944 1544 Stocbbeim
1000 1490 1074 1545 latos
1099 1489 1204 1561 injuste
1231 1490 1455 1563 distringendos,
1476 1490 1534 1546 ullo
1560 1507 1693 1563 unquam
1724 1498 1846 1565 tempore

93 1584 359 1648 constructas,cum
388 1576 522 1632 omnibus
539 1576 625 1631 rebus
652 1582 681 1631 et
706 1574 945 1631 decimationibus
965 1578 1114 1678 Bingredi
1134 1578 1246 1646 audeat,
1271 1579 1315 1634 vel
1335 1594 1369 1634 ea
1393 1595 1459 1650 quea
1478 1594 1566 1650 supra
1599 1585 1765 1635 memorata
1789 1587 1847 1636 sunt

94 1666 188 1721 suisa
212 1667 377 1722 illudowico
397 1666 573 1737 imperatore
602 1664 640 1720 ob
658 1665 819 1720 remedium
842 1665 946 1720 animae
1000 1667 1118 1737 penitus
1132 1667 1245 1739 exigere
1265 1671 1316 1723 aut
1337 1668 1489 1723 exactitare
1511 1671 1679 1739 presumat,
1702 1669 1755 1725 sed
1771 1669 1847 1726 liceat

95 1770 155 1809 snae
170 1754 370 1827 adprmlatum
387 1753 580 1808 llerilortcnse
598 1753 805 1809 monasterium
822 1752 945 1816 traditis,
1001 1752 1109 1809 ibidem
1134 1756 1191 1809 lieo
1211 1754 1427 1825 famulantibus,
1452 1756 1505 1811 sub
1525 1761 1633 1812 nostrae
1659 1756 1846 1815 immunitatis

95 1844 189 1899 eidem
222 1843 396 1899 monasterio
434 1858 514 1898 more
540 1848 753 1899 antecessorum
781 1848 947 1898 nostrorum
1000 1841 1124 1898 tuitione
1140 1842 1239 1916 quieto
1256 1843 1358 1899 ordine
1380 1843 1476 1901 vivere
1490 1860 1523 1900 ac
1548 1844 1687 1911 residere,
1717 1847 1846 1919 quatinus

96 1932 311 1999 confirmamus,
336 1947 369 1986 eo
400 1936 501 1987 tenore
529 1937 561 1986 ut
583 1931 643 2002 jam
670 1932 868 1987 dictadomna
895 1933 946 1987 Go·
1002 1931 1106 1986 melius
1118 1931 1182 1987 illos
1199 1932 1320 1988 delectet
1332 1932 1411 1988 omni
1424 1937 1617 2005 temporepro
1637 1934 1771 1990 nobisct
1788 1952 1846 1991 oon·

97 2020 207 2076 deedbu
221 2020 363 2076 abbatissa
391 2035 548 2092 omnesque
576 2020 606 2074 in
626 2019 729 2074 codem
757 2021 866 2075 bonore
894 2019 949 2073 eibi
999 2021 1069 2092 juge
1084 2026 1275 2095 nostraatque
1290 2022 1443 2078 stabilitate
1455 2022 1543 2078 totius
1565 2022 1679 2095 regnia
1699 2023 1759 2079 Deo
1774 2024 1853 2080 nobis

97 2109 281 2164 succedentes
290 2124 357 2163 cum
378 2107 525 2180 predictis
548 2107 744 2164 ecclesiasticis
775 2109 862 2164 rebus
874 2108 950 2163 aliis·
1003 2109 1108 2174 colluti,
1123 2109 1479 2166 Dominimisericordiam
1493 2110 1631 2167 attentius
1660 2127 1791 2168 exorare.
1805 2113 1847 2168 ln·

97 2213 154 2270 qne
173 2196 339 2252 omnibusa
354 2195 471 2266 regibus
494 2201 523 2251 et
546 2196 770 2268 imperatoribus
797 2212 850 2269 per
876 2212 949 2269 prte-
1003 2198 1322 2270 snpereliamdecimas
1342 2201 1386 2255 vel
1410 2198 1564 2255 decimales
1578 2199 1718 2256 ecclesiae
1746 2204 1777 2256 ln
1791 2201 1846 2273 qui·

97 2283 319 2356 ceptipaginam
330 2282 400 2338 illuc
420 2283 529 2338 traditis
557 2284 678 2339 liberam
703 2283 807 2339 debinc
824 2288 950 2355 potesta·
1003 2286 1113 2357 busque
1128 2286 1280 2360 episcopiis
1294 2287 1335 2343 ita
1352 2291 1469 2343 teneant
1493 2293 1581 2360 atque
1595 2288 1765 2360 disponant,
1786 2289 1849 2346 sicot

96 2379 156 2429 tem
169 2373 296 2429 babeant
306 2386 372 2426 cum
392 2372 452 2426 suis
477 2371 617 2426 ministris
632 2372 824 2428 ecclesiastico
849 2373 950 2427 ordino
1004 2373 1056 2427 sub
1069 2374 1298 2429 antecessoribus
1313 2375 1419 2430 nostris
1433 2375 1550 2446 regibus
1568 2373 1704 2432 videlicet
1725 2382 1756 2432 et
1769 2376 1848 2448 impe

98 2462 347 2534 disponerentque
362 2459 536 2530 gubernare,
561 2465 672 2514 remota
695 2461 827 2515 omnium
856 2460 948 2517 bomi·
1003 2461 1147 2518 ratoribus
1161 2466 1258 2518 tenere
1284 2478 1338 2535 per
1352 2469 1486 2535 precepta
1501 2463 1555 2519 visi
1574 2470 1643 2520 ennt
1661 2470 1751 2537 atque
1766 2465 1850 2538 dispo-

99 2565 169 2606 num
185 2547 425 2606 contradictione.
450 2547 571 2620 iusuper
593 2549 647 2604 sub
661 2549 763 2604 eadem
779 2549 951 2605 corrobora·
1004 2565 1083 2605 uere.
1099 2550 1247 2624 Episcopis
1260 2567 1328 2607 vero
1358 2551 1461 2623 quibus
1477 2550 1627 2608 servitium
1644 2557 1674 2607 et
1691 2553 1849 2609 mansiona-

99 2637 177 2693 tione
204 2635 407 2693 concludimus
435 2635 578 2709 quidquid
601 2654 619 2692 a
646 2637 790 2709 religiosis
813 2643 842 2693 et
860 2639 950 2694 ileum
1005 2638 1060 2693 tica
1075 2637 1320 2709 dabenttempore
1335 2639 1470 2694 circuitus
1493 2639 1548 2703 sui,
1573 2639 1735 2696 secundum
1755 2641 1852 2715 scripta

99 2725 269 2782 timentibus
283 2723 417 2796 personis
438 2724 474 2778 ad
491 2740 566 2797 saepe
589 2725 649 2796 jam
670 2727 780 2782 dictum
806 2732 950 2783 monaste·
1005 2741 1066 2791 sna,
1082 2724 1203 2798 singulis
1221 2725 1304 2781 annis
1317 2727 1492 2798 persolvant.
1517 2726 1597 2781 litut
1616 2725 1679 2783 baec
1702 2729 1853 2785 auctmilas

100 2813 176 2869 rium
192 2813 388 2871 llanturtanse
403 2810 432 2865 in
460 2813 597 2882 praesenti
624 2814 764 2869 traditum
790 2820 833 2870 ost
852 2815 896 2870 vel
919 2816 950 2871 in
1005 2813 1196 2869 concessionis
1205 2818 1290 2886 alque
1301 2813 1531 2870 confirmationis
1550 2820 1659 2871 nostre
1675 2815 1791 2873 firmior
1804 2817 1853 2873 lra-

101 2903 197 2957 luturo
212 2898 387 2956 tradendum
410 2899 476 2953 erit.
497 2900 529 2955 itt
544 2901 651 2957 uthaec
666 2909 772 2958 nostre
802 2904 952 2976 regiado·
971 2905 992 2962 C
1008 2901 1119 2968 beatur,
1142 2907 1172 2957 et
1194 2918 1247 2973 per
1269 2901 1367 2958 lutura
1398 2907 1530 2974 tempora
1551 2918 1568 2957 a
1591 2905 1704 2959 cunctis
1727 2903 1854 2960 fidelibus

103 2990 227 3046 nationis
236 2988 431 3044 corroboratio
441 2988 477 3043 ab
491 2988 543 3044 bac
568 2988 682 3046 borain
707 2995 791 3046 antea
818 2993 902 3047 lirma
927 2997 956 3047 et
1010 2997 1114 3044 sancte
1126 2989 1175 3044 Dei
1193 2988 1325 3044 Ecclesia
1341 2990 1502 3062 nostrisque
1523 2991 1713 3063 praesentibus
1738 2997 1767 3048 et
1779 2992 1854 3048 lotn-

103 3079 268 3135 inconrulsa
307 3081 485 3145 permaneat,
529 3078 602 3132 banc
646 3084 751 3134 nostroe
792 3079 955 3134 donationis
1010 3076 1050 3130 ris
1073 3078 1176 3133 melius
1201 3078 1335 3133 credatur
1360 3082 1446 3150 atque
1469 3078 1635 3149 diligentius
1663 3085 1854 3147 conservetur,

103 3166 351 3223 confirmationem
365 3164 431 3220 iude
454 3164 646 3236 conscriptam
667 3167 755 3238 sigilli
778 3168 869 3223 nostri
896 3168 953 3223 im·
1011 3181 1099 3221 manu
1110 3166 1229 3238 propria
1238 3166 1405 3222 subteream
1420 3166 1595 3222 firmavimus
1610 3171 1638 3221 et
1659 3167 1750 3240 sigilli
1772 3166 1857 3224 nocui

104 3257 251 3327 pressione
278 3255 391 3325 signare
425 3253 563 3323 jussimus
590 3270 734 3328 manuque
771 3256 897 3327 propria,
925 3261 957 3312 ut
1011 3253 1198 3326 impressione
1211 3254 1353 3327 assignari
1365 3255 1514 3326 jussimus.

106 3345 180 3401 inira
194 3344 317 3410 videtur,
331 3342 588 3398 corroboravimus.
1046 3343 1160 3413 Signum
1179 3343 1273 3399 domm
1286 3344 1409 3398 Heinrict
1435 3345 1478 3411 (t.
1507 3343 1555 3410 ll.)
1581 3346 1652 3413 regis
1674 3346 1856 3402 invement

141 3435 256 3502 Signum
269 3431 363 3486 domm
373 3431 496 3485 Heinrici
508 3431 547 3501 (t.
564 3431 612 3499 lt.)
626 3438 699 3502 repis
713 3433 901 3489 irruatissimi.
1046 3430 1207 3501 ligilbortus
1239 3431 1429 3490 cancellarius
1450 3432 1510 3487 vice
1529 3431 1661 3503 willigisi
1685 3433 1859 3507 archicapel-

142 3521 302 3594 Egilbertns
319 3518 507 3574 cancellarius
533 3519 596 3575 vice
625 3520 759 3594 Willigisi
782 3522 955 3594 archicapel·
1011 3518 1069 3573 lani
1084 3534 1200 3589 recogn.

108 3611 166 3666 leni
182 3625 277 3681 recog.
1048 3608 1116 3663 [lata
1130 3622 1179 3664 vul
1190 3607 1250 3663 liel.
1267 3607 1445 3678 Sept.,anno
1467 3608 1623 3665 Dominicea
1652 3609 1860 3667 incarnationis

143 3700 214 3755 Data
241 3714 260 3752 ιι
288 3695 329 3750 ld.
354 3699 440 3769 aug,
461 3711 536 3752 anno
563 3697 718 3754 [lominica
750 3699 957 3755 incarnationis
1014 3697 1090 3763 tout,
1117 3695 1275 3752 indictione
1314 3712 1360 3763 xv,
1396 3712 1473 3752 anno
1498 3713 1565 3752 vero
1602 3696 1702 3753 domni
1734 3697 1861 3756 {immisi

112 3788 188 3852 ¹002,
205 3785 304 3842 indict.
318 3801 363 3853 xv,
380 3800 456 3841 anno
480 3800 547 3840 vero
575 3786 674 3842 domni
702 3787 829 3845 lleinrici
846 3787 922 3859 regis
935 3804 955 3843 ι.
1012 3784 1088 3856 regis
1103 3788 1238 3840 nactum
1254 3783 1441 3856 Noviomago.

144 3878 245 3931 Actum
260 3873 383 3930 ltruitdi.
1395 3875 1469 3932 lllll.

504 3961 564 4017 llll.
1048 3964 1079 4019 S.
1102 3964 1215 4019 Hennes·
1240 3963 1416 4034 privilegium
1437 3979 1488 4034 pro
1502 3965 1611 4021 rocleno
1635 3963 1860 4022 Poderbonnmi

215 4054 243 4109 S.
258 4052 367 4105 llerrrr'cr'
376 4050 552 4120 priuilegium
572 4064 624 4120 pro
639 4051 848 4107 NoooCorbev'o.
1331 4051 1424 4122 (inno
1447 4052 1537 4122 loon.)

436 4137 529 4206 (Anno
546 4136 636 4206 tout.)
975 4190 998 4244 D
1316 4137 1454 4212 [Droulsa
1471 4137 1556 4212 ibid]

317 4222 456 4297 [tironiae
473 4223 626 4291 ubisuprn
641 4241 670 4296 p.
687 4224 745 4297 bb]
1048 4228 1079 4282 C.
1108 4228 1140 4282 ln
1176 4226 1294 4282 nomino
1335 4232 1440 4282 sanetae
1455 4231 1484 4282 et
1510 4226 1664 4283 individuae
1702 4228 1861 4293 Trinitatis,

146 4317 174 4370 C.
209 4317 241 4369 ln
268 4311 385 4366 nomine
422 4315 527 4365 sanctae
555 4315 582 4364 et
603 4311 757 4368 individuos
797 4312 954 4381 trinitatis,
1014 4316 1171 4370 baiamons
1185 4313 1281 4370 divina
1291 4315 1413 4383 lavante,
1424 4314 1646 4372 clementiores.

112 4405 265 4459 lleranrcus
279 4399 375 4454 divina
389 4399 502 4454 lavente
516 4398 669 4454 clementia
685 4416 744 4456 rer.
1049 4403 1153 4458 Notum
1166 4402 1204 4458 sit
1213 4404 1347 4459 omnibns
1368 4403 1502 4459 lidelibns
1528 4405 1642 4471 nostris,
1672 4405 1866 4475 praesentibus

147 4493 253 4547 Notum
268 4488 305 4544 sit
318 4487 453 4544 omnibus
480 4486 611 4542 lldolibus
632 4490 749 4559 nostris,
769 4490 959 4561 presentibus
1013 4491 1120 4547 seilicet
1132 4497 1161 4547 et
1174 4492 1288 4560 futuris,
1318 4492 1443 4564 qualiter
1470 4507 1534 4558 noe,
1554 4491 1688 4548 incendio
1700 4493 1866 4550 Pederbur·

111 4580 216 4637 scilicet
230 4584 260 4635 et
275 4576 388 4644 laturis,
403 4576 526 4650 qualiter
540 4577 708 4633 venerabilis
732 4579 818 4634 abbas
842 4579 959 4635 nomine
1013 4579 1246 4635 nensisecelesiae
1276 4578 1432 4634 miserabili
1449 4578 1641 4645 condolentes,
1668 4579 1867 4653 peticionique

111 4673 197 4726 llosat
208 4671 336 4722 nostram
361 4666 432 4721 adiit
459 4665 665 4735 excellentiam,
690 4666 859 4739 suppliciter
874 4683 959 4723 orans
1012 4669 1104 4724 nostri
1115 4668 1207 4725 iidelis
1221 4666 1528 4724 Retbariirenerebilis
1540 4666 1678 4739 episcopi,
1702 4666 1755 4740 qui
1769 4667 1869 4724 eidem

112 4764 144 4813 nt
155 4763 251 4814 nostra
266 4754 420 4827 magnilica
444 4754 639 4810 munilicentia
661 4757 891 4827 prospiceremus
900 4772 961 4812 mo·
1014 4757 1075 4812 sedi
1087 4757 1305 4829 modoprreesee
1315 4756 1437 4822 videtur,
1453 4760 1484 4810 ut
1494 4755 1632 4827 oportuit,
1646 4760 1822 4826 annuentes,
1833 4756 1866 4812 in

110 4845 236 4901 nuterio
264 4842 310 4897 cui
334 4842 479 4913 presidere
498 4841 655 4912 videretur,
682 4843 760 4914 quod
774 4849 819 4899 est
831 4847 959 4900 constru·
1013 4846 1248 4916 supplementum
1260 4845 1320 4916 jam
1337 4843 1419 4900 dictae
1430 4844 1556 4899 ecclesie
1568 4843 1597 4898 in
1606 4843 1866 4915 jusconcedinrne,

110 4940 187 4990 ctum
201 4948 288 5005 super
301 4930 421 4986 lluviurn
431 4929 549 4986 vuisera
564 4930 593 4985 in
609 4931 671 4986 loco
685 4930 735 5002 qni
760 4931 865 4987 dicitnr
882 4933 961 4988 Nova
1014 4939 1041 4988 ct
1053 4949 1106 5005 per
1119 4934 1173 4989 boc
1186 4934 1282 5005 regale
1296 4936 1464 5005 preceptum
1487 4931 1706 4987 corroboramus
1720 4932 1867 4990 forestum

111 5021 229 5077 Corbeia
258 5021 289 5075 in
323 5020 464 5075 bonorem
494 5019 543 5074 liei
567 5023 596 5074 et
628 5019 719 5074 sancti
742 5018 960 5091 protomartyris
1014 5022 1091 5092 quod
1104 5021 1207 5092 incipit
1220 5022 1256 5077 de
1267 5020 1392 5077 Lulbera
1405 5020 1525 5076 llnminc
1544 5025 1573 5075 et
1594 5020 1687 5076 tendit
1708 5035 1761 5092 per
1776 5021 1873 5094 0snig

112 5109 261 5182 Stephani,
289 5108 339 5163 ubi
358 5112 387 5163 et
414 5107 505 5163 sancti
531 5107 585 5162 lllti
607 5108 743 5180 martyris
769 5109 892 5179 pretiosa
917 5110 961 5180 pl·
1014 5115 1042 5165 el
1056 5108 1148 5166 Sinidi
1158 5126 1247 5182 usquc
1261 5110 1290 5165 in
1305 5109 1380 5165 viam
1397 5125 1461 5182 quie
1476 5109 1555 5164 ducit
1565 5109 1601 5164 ad
1627 5109 1813 5176 liorobueen,
1842 5116 1873 5167 et

111 5213 202 5268 gnora
216 5195 323 5251 servari
339 5201 507 5251 noscuntur.
532 5195 619 5265 CuJus
636 5194 769 5266 petitioni
797 5194 961 5252 rationabili
1014 5198 1049 5253 de
1070 5197 1235 5253 bominibus
1265 5198 1387 5272 predicti
1414 5196 1543 5268 episcopi
1571 5202 1630 5252 tam
1657 5195 1756 5251 liberis
1777 5212 1872 5270 quam

111 5288 229 5357 propter
246 5282 375 5339 divinum
390 5299 520 5339 amorem
534 5287 563 5338 et
581 5282 795 5339 venerationem
808 5284 959 5341 beatorum
1014 5292 1043 5341 et
1073 5285 1160 5342 servis
1185 5287 1265 5342 nulla
1291 5285 1444 5358 judiciaria
1469 5291 1611 5357 potestate
1621 5284 1872 5355 constringendis,

112 5377 270 5447 martyrum
299 5388 447 5427 assensum
469 5371 634 5443 prebentes,
657 5371 709 5425 bos
735 5370 830 5442 apices
852 5373 959 5428 sarem·
1014 5370 1070 5427 nisi
1089 5387 1186 5427 coram
1216 5373 1353 5428 advocato
1380 5386 1468 5445 quem
1485 5371 1547 5443 ipse
1569 5371 1871 5443 episeopuselegerit,

112 5461 178 5516 tatis
189 5465 295 5517 nostres
307 5459 382 5514 circa
401 5459 496 5531 ipsum
512 5459 717 5515 monasterium
732 5459 795 5514 lieri
807 5459 957 5530 jussimus,
1014 5465 1110 5516 nostra
1134 5461 1324 5533 omniumque
1340 5464 1505 5515 nostrorum
1529 5474 1726 5515 successorum
1744 5465 1774 5513 et
1802 5476 1871 5515 om·
