3878 6112
640 291 721 351 vita
740 293 769 349 S.
792 294 1017 353 annurtiant.
1636 304 1705 367 ,blf

66 421 195 485 ‚unntnn
223 415 257 473 frt
284 413 419 488 strepitus
451 415 650 487 tumultusque
677 415 798 488 validus,
814 420 835 472 lt
855 416 965 489 sistit)
979 417 1124 486 eecclesiae,
1141 416 1197 474 sibi
1211 420 1248 475 ab
1260 418 1435 491 imperatore
1449 421 1595 491 traditam,
1610 428 1704 482 etsol·

66 505 125 565 inis
152 505 348 562 exultantibus
363 503 400 545 ¹¹⁸
414 519 494 560 erma
507 507 666 576 exposcunt
688 508 732 571 ¹¹³,
743 505 801 561 im·
856 505 965 577 lempni
978 505 1087 577 abipso
1105 506 1285 564 dedicatione
1304 508 1485 564 devotissime
1498 518 1703 581 consecratam,

81 596 175 653 minas
197 595 334 666 ingerunt
356 592 541 649 ¹¹⁸adversus
563 593 801 665 apostelieirica·
855 597 884 648 et
915 594 1011 650 divino
1038 595 1154 650 servitio
1183 596 1332 663 excultam,
1358 597 1546 670 pluribusque
1559 599 1705 656 beneficiis

66 692 74 743 t
97 684 301 742 bernwardum
315 683 491 755 episcopum.
519 684 641 754 Legatos
664 685 802 738 autemet
855 697 887 736 ac
908 682 992 738 donis
1006 683 1042 739 ab
1065 699 1099 738 eo
1112 683 1243 755 dimtsm,
1259 686 1308 741 ubi
1323 685 1409 742 etiam
1424 702 1476 741 soa
1504 693 1658 744 matertere
1670 688 1705 728 ¹²⁶

66 791 107 831 rna
122 773 319 837 bernwardus,
348 788 400 827 nec
425 771 554 827 tumultu
581 769 662 838 moti,
678 772 799 827 necmi-
854 772 955 826 matris
983 771 1113 845 regimen
1133 773 1246 844 egebat,
1262 773 1292 828 in
1307 774 1704 846 praecipualfastiriteteilla·

66 862 115 931 ili,
142 863 210 918 licet
231 860 444 917 numerosiores
458 861 598 915 haberent
613 860 737 916 militnm
753 876 800 915 oo-
855 875 919 914 rum
937 857 970 896 ¹¹⁷
996 860 1075 916 adire
1089 860 1270 932 disponebat,
1294 863 1444 933 praemisso
1468 865 1547 920 omni
1564 872 1704 938 apparatu

66 966 101 1007 nn
115 967 196 1006 arma
222 950 360 1016 fremunt,
387 949 436 1005 sed
469 948 642 1004 seditionem
671 964 800 1019 compes·
855 948 890 1003 sd
905 951 1014 1003 sanum
1029 949 1271 1020 sollempnitatem
1297 952 1508 1008 confluentibus
1534 955 1702 1012 necessario.

66 1039 178 1113 piscopi
201 1038 351 1111 negotium
376 1038 573 1109 inposterum
598 1036 674 1092 diem
701 1042 801 1109 prote·
855 1038 925 1092 Cum
947 1037 1008 1106 jam
1030 1038 1128 1091 omnia
1155 1042 1254 1110 parata
1280 1044 1418 1095 essentet
1446 1040 1507 1112 ipse
1526 1041 1556 1098 in
1575 1045 1704 1116 proximo

66 1126 121 1184 ι115
144 1132 312 1200 suggerunt,
340 1126 370 1181 in
400 1127 488 1182 fidem
517 1142 598 1182 susm
630 1126 799 1196 suscipiunt,
854 1124 1065 1194 futurusesset,
1098 1127 1331 1197 supervenientes
1356 1133 1705 1203 nocturnotemporeho·

66 1215 199 1288 iscepum
222 1215 413 1271 adventurum
437 1214 640 1286 justiciamque
659 1214 802 1270 uboedien·
854 1213 947 1269 mines
961 1213 1168 1286 archiepiscopi
1182 1221 1286 1271 cuncta
1298 1216 1466 1274 invadentes
1480 1219 1701 1290 dissipaverunt,

66 1311 206 1363 saturum.
855 1302 1018 1374 aliquantos
1033 1319 1099 1357 rere
1115 1303 1285 1359 domesticos
1309 1304 1434 1376 episcopi
1448 1307 1602 1363 crudeliter
1614 1325 1703 1366 cesos

66 1394 173 1451 {nterea
194 1393 425 1465 archiepiscopus
451 1391 548 1448 furora
568 1391 660 1447 nimio
682 1406 798 1448 snccen-
856 1391 1039 1446 dimiserunt.

66 1484 172 1554 editur,
188 1498 275 1555 quem
302 1482 378 1538 infra
392 1498 527 1537 corenam
541 1482 664 1537 fratrum
678 1481 800 1537 vicarius
891 1480 935 1533 32.
964 1480 1022 1534 Hac
1048 1477 1156 1550 injuria
1176 1483 1283 1546 exacta,
1313 1479 1485 1535 venerabilis
1508 1484 1611 1552 praesul
1637 1485 1707 1541 Gan·

66 1578 123 1641 tur,
152 1577 181 1627 et
203 1572 298 1627 banno
318 1570 480 1643 apostolice
500 1570 678 1626 auctoritatis
703 1570 738 1626 ad
753 1587 798 1642 sy·
856 1566 1510 1641 denesheimensecoenobiurnadireetquaeque
1525 1573 1706 1630 emendanda

77 1660 109 1716 in
129 1661 251 1717 eandem
266 1659 423 1715 ecclesiam
443 1656 576 1730 sequenti
591 1659 716 1714 diluculo
729 1659 836 1755 inri·B
855 1660 950 1710 essent
976 1655 1120 1726 corrigere
1144 1656 1325 1727 disponebat,
1341 1672 1378 1711 ne
1395 1674 1452 1730 qna
1473 1675 1524 1712 sua
1538 1661 1622 1732 culpe
1632 1667 1706 1718 esset

66 1766 135 1823 nque
166 1749 215 1804 illa
242 1746 535 1804 actiosoluta¹¹⁶est
553 1747 800 1818 Matratinoiteque
854 1744 1028 1814 neglectum.
1058 1745 1110 1801 Cui
1136 1743 1245 1799 obstitit
1281 1745 1423 1800 immensa
1452 1747 1607 1804 multitudo
1646 1766 1704 1807 non

66 1839 120 1895 snio
135 1838 208 1893 clam
234 1836 474 1909 archiepiscopus,
504 1827 638 1891 omnibus
661 1835 799 1906 ignoran·
855 1833 950 1888 minus
976 1833 1064 1887 armis
1078 1833 1226 1899 instructa,
1242 1849 1330 1904 quam
1345 1834 1414 1889 siad
1436 1836 1584 1906 publicum
1596 1837 1705 1896 bellum

66 1944 118 1984 um
140 1927 198 1982 suis
217 1926 362 1984 abscessit.
382 1925 510 1980 Vicnrius
525 1930 622 1979 antem
651 1921 684 1959 ¹¹⁷
699 1940 801 1978 secun-
852 1924 1033 1990 cogerentur.
1066 1921 1120 1975 flos
1148 1919 1322 1975 concirit¹²⁸
1343 1921 1467 1994 Sopbya,
1490 1929 1607 1981 cunctos
1626 1927 1703 1983 ride·

66 2017 174 2073 tionem
201 2015 302 2088 synodi
323 2015 452 2086 sequenti
468 2013 515 2068 die
543 2012 620 2080 (fura.
648 2015 694 2079 23)
723 2012 802 2067 udor·
853 1999 919 2064 ticet
947 2025 1020 2081 quos
1045 2011 1090 2065 rel
1121 2010 1157 2065 de
1197 2010 1335 2065 vassatico
1365 2012 1572 2085 archiepiscopi
1598 2015 1644 2070 rel
1668 2017 1704 2072 de

81 2104 225 2178 principio
252 2102 373 2159 actionis
398 2100 646 2173 archiepiscopum
665 2099 801 2172 inquiril;
852 2098 963 2153 familia
981 2097 1059 2153 illius
1086 2114 1242 2154 convocare
1256 2103 1381 2169 poterat,
1409 2116 1510 2156 omnes
1536 2118 1602 2157 suos
1621 2109 1704 2159 notos

66 2188 201 2262 quianon
223 2188 332 2256 aderet,
347 2188 383 2242 ab
406 2186 487 2241 omni
502 2185 655 2257 episcopali
671 2183 801 2239 ministe·
853 2190 883 2240 et
893 2184 1059 2250 familiares,
1075 2189 1102 2241 et
1117 2184 1152 2241 de
1171 2186 1289 2258 proprie
1303 2185 1413 2241 familia
1432 2203 1550 2242 manum
1562 2189 1700 2256 ratidam;

66 2293 109 2350 [ne
133 2277 167 2331 ad
188 2275 372 2348 praesentiam
396 2290 480 2346 papa
507 2273 666 2345 suspendit.
687 2273 801 2327 Cunctis
853 2278 947 2328 torres
962 2277 989 2327 et
1001 2272 1158 2329 munitiora
1172 2273 1233 2328 loca
1245 2272 1321 2328 circa
1336 2274 1492 2329 aecclesiam
1507 2282 1617 2331 armato
1629 2293 1704 2333 com·

66 2365 177 2437 tiscopis
191 2364 333 2436 synodum
346 2363 377 2417 in
393 2362 480 2418 natali
494 2361 611 2418 flumini
624 2362 658 2417 ad
674 2376 800 2432 praesen·
853 2362 935 2434 plent
946 2361 1049 2427 milite,
1064 2366 1200 2417 etcontra
1209 2377 1298 2416 unum
1310 2362 1468 2429 hominem,
1477 2379 1562 2418 sunm
1571 2365 1704 2422 videlieet

66 2469 128 2526 ape
156 2452 312 2526 apostolica
336 2451 506 2507 anctoritate
526 2449 801 2519 indicit3archiepi-
854 2449 1701 2524 episcopum,inermem,etbenedictionemiltisportantem,

66 2543 248 2599 nibilominus
271 2541 377 2612 scripta
405 2540 434 2594 in
461 2539 538 2593 hunc
558 2538 675 2594 modum
686 2537 799 2604 dirigit:
852 2539 893 2594 ita
921 2539 1070 2595 castellum
1101 2539 1247 2607 muniunt,
1276 2539 1358 2610 qnasi
1388 2540 1537 2596 barbarico
1554 2543 1703 2614 procinctu

66 2632 149 2701 raeda
171 2637 198 2686 te
225 2631 391 2687 subtraxisti
405 2633 430 2682 et
438 2628 525 2698 Jussis
540 2626 800 2696 nomnnsponertcte
852 2643 882 2682 se
910 2627 1063 2683 defendere
1088 2632 1190 2698 parent
1213 2626 1266 2694 1”;
1282 2633 1313 2682 ut
1338 2629 1476 2684 veraciter
1489 2628 1560 2685 illud
1576 2632 1703 2702 Apostoli

66 2724 114 2776 ersa
139 2718 231 2788 (nisti,
259 2720 422 2772 auctoritate
449 2720 605 2772 sanctorum
618 2715 800 2784 apostotorum
851 2715 1003 2787 impletum
1018 2715 1048 2771 in
1063 2716 1113 2772 illo
1129 2716 1272 2772 rideatur:
1283 2717 1378 2773 Omnes
1389 2719 1438 2786 qai
1452 2720 1599 2786 pteoofunt
1613 2722 1704 2776 uicem

66 2807 174 2879 tPonli,
200 2813 225 2863 ct
253 2809 361 2862 illorum
389 2807 489 2861 sicorii
514 2820 596 2874 pope
610 2804 736 2860 siluestri
750 2800 796 2868 ¹¹⁸,
851 2805 881 2858 fn
905 2805 1017 2859 Christo
1043 2806 1253 2874 persecutionem
1278 2806 1419 2874 potientur
1433 2805 1482 2874 (fl
1497 2808 1566 2860 iim.
1583 2823 1624 2870 nr,
1648 2810 1701 2876 ts).

66 2896 261 2954 fauemdotoli
284 2897 376 2964 officie
398 2894 470 2950 scios
499 2899 524 2948 te
549 2909 635 2964 usqne
661 2893 699 2947 od
725 2907 798 2962 prae-
851 2891 1017 2962 llispraesnl
1042 2891 1156 2960 auditis,
1173 2908 1239 2947 suos
1254 2893 1324 2963 quid
1339 2898 1406 2963 agat
1431 2894 1567 2949 consulit.
1601 2895 1702 2951 Cuncti

78 2986 155 3043 illius
182 3000 350 3056 suspensum.
380 2983 426 3040 Sic
442 2981 479 3019 ¹¹⁹
504 2983 630 3037 secunda
652 2981 724 3037 actio
737 2986 798 3035 ter·
851 2980 979 3052 periculo
992 2981 1151 3036 cedendum
1177 2984 1320 3049 statuunt;
1336 2980 1502 3051 diriguntur
1517 2998 1632 3055 quoqne
1652 2985 1701 3056 qui

76 3079 128 3131 est,
817 3040 1000 3125 cveritatem
1028 3070 1182 3141 diligenter
1217 3069 1405 3140 investigent3
1438 3070 1488 3142 qni
1513 3072 1610 3126 omnia
1637 3088 1702 3144 qnae

66 3159 174 3215 'icarios
199 3162 294 3212 antem
310 3154 345 3193 ¹¹⁰
370 3171 436 3211 eum
461 3154 565 3210 domno
582 3153 715 3225 episcopo
732 3152 797 3209 Ber·
852 3161 1016 3229 sparserant
1036 3155 1072 3199 ¹⁵⁰
1087 3174 1162 3223 rere,
1180 3159 1210 3213 et
1223 3157 1268 3212 his
1279 3157 1581 3229 majorarenuncisnt.

87 3248 269 3320 aliquantum
288 3250 428 3313 meratus,
448 3243 601 3316 praecipuis
628 3243 798 3297 muneribus
887 3249 932 3302 33.
957 3246 1006 3302 His
1028 3246 1083 3301 hoc
1103 3247 1187 3302 modo
1203 3245 1300 3317 gestis,
1316 3246 1442 3319 episcopi
1457 3248 1622 3319 hujusmodi
1638 3266 1704 3307 con·

66 3352 166 3393 omnes
182 3335 226 3390 sui
249 3332 435 3399 remunerati,
457 3332 487 3386 in
502 3347 572 3402 pace
594 3330 728 3387 dimissus
741 3335 798 3400 est;
852 3334 1020 3390 troversiam
1048 3334 1079 3391 in
1112 3333 1239 3390 aecclesia
1262 3334 1387 3406 grassari
1412 3342 1562 3392 cernentes
1591 3339 1635 3406 ¹⁸¹,
1654 3356 1701 3395 sn-

67 3441 175 3496 ensqne
201 3424 233 3460 “¹
257 3423 292 3479 ad
317 3420 504 3494 apostolicum
532 3423 560 3474 et
581 3419 796 3491 imperatorem,
852 3436 962 3492 perque
988 3421 1062 3477 tanti
1089 3421 1226 3476 viritem
1251 3421 1387 3478 inauditis
1419 3427 1448 3478 et
1473 3424 1703 3482 intolerabilibus

66 3513 103 3569 sis
121 3512 253 3568 ordinem
268 3511 391 3582 apernit.
403 3510 495 3580 Super
509 3524 567 3580 qno
587 3509 712 3578 graviter
726 3508 800 3564 indi·
853 3508 966 3578 injuriis
973 3507 1094 3564 nimium
1107 3509 1246 3576 dolentes,
1257 3516 1429 3566 conventum
1438 3511 1654 3570 Francsnarord
1668 3519 1703 3556 ¹⁸¹

66 3601 85 3671 ⁸,
110 3602 216 3673 jubent
239 3599 386 3654 universos
408 3597 574 3653 Theotiscos
592 3597 626 3634 ¹¹⁸
650 3596 799 3668 episcopos
854 3601 919 3665 pest
941 3595 1168 3667 assumptionem
1193 3600 1298 3652 sanctae
1327 3598 1423 3654 itariae
1450 3605 1596 3667 expetunt.
1626 3602 1702 3658 invi·

66 3691 134 3746 stete
145 3687 259 3744 Domini
268 3687 303 3742 ad
318 3687 433 3742 illorum
455 3686 638 3757 presentiam
654 3685 798 3753 festinare,
853 3688 950 3738 tantur
962 3683 1049 3739 etiem
1064 3683 1456 3755 archiepiscopissoloniensis
1469 3692 1497 3742 ct
1510 3689 1700 3746 Treverensis.

67 3780 167 3835 umad
188 3777 340 3850 synodum,
371 3775 501 3830 sedcnm
521 3771 800 3828 bmnisuorssssti·
853 3773 977 3827 Ventum
999 3776 1028 3826 et
1053 3771 1088 3826 ad
1115 3772 1192 3828 diem
1216 3773 1340 3842 concilii,
1368 3774 1588 3844 presidentibus
1612 3778 1702 3833 archi·

65 3863 408 3932 ita¹¹⁸instrnctos,utad
424 3861 801 3933 bellum,quoeumqueim·
854 3859 1008 3931 episcopis,
1038 3860 1184 3930 willegiso
1210 3861 1412 3932 ldogontiensi,
1444 3860 1594 3918 lleribertn
1619 3864 1701 3921 Colo·

66 3956 241 4029 precipiat,
255 3954 373 4026 possent
386 3951 551 4022 procedere.
566 3950 704 4005 Praefatus
729 3966 800 4021 quo·
855 3948 958 4017 niensi,
975 3948 1105 4004 Liudolfo
1131 3948 1308 4018 Trererensi,
1328 3965 1393 4004 cum
1408 3951 1517 4004 caeteris
1532 3952 1620 4006 serris
1639 3954 1701 4024 Dei,

66 4045 200 4101 itherirns
226 4058 284 4098 non
299 4041 391 4096 multo
409 4044 475 4112 post
497 4039 689 4111 episcopalem
702 4040 800 4094 cathe-
855 4039 991 4095 Rethario
1019 4037 1292 4105 Potherbrnnnensi,
1316 4037 1459 4094 liodberto
1485 4038 1622 4110 Spirensi,
1649 4043 1701 4096 Be-

66 4137 195 4190 larannne
210 4131 342 4186 obtinuit.
855 4127 971 4199 ringere
1000 4127 1034 4164 ¹⁸²
1066 4127 1213 4194 ilardensi,
1251 4127 1419 4198 Eggehardo
1455 4127 1630 4184 sleswicensi
1656 4130 1701 4188 ¹⁸⁸,

66 4226 194 4278 'ceterae
221 4220 370 4291 episcopus
398 4217 582 4273 Bernwardus
605 4232 722 4286 sperans
751 4215 801 4271 Dei
855 4216 909 4272 Sed
937 4215 1005 4287 quia
1032 4216 1217 4287 dggehardns
1247 4214 1281 4254 ¹⁸⁵
1299 4216 1360 4289 ipse
1376 4217 1586 4273 llildcnesheim
1601 4217 1702 4291 hospi-

66 4315 90 4366 st
115 4314 304 4380 utrorumque
324 4305 488 4379 principum
509 4304 671 4371 clementia,
688 4289 836 4359 summaD
855 4304 979 4372 tabatnr,
994 4303 1143 4360 barbarico
1170 4305 1297 4360 tumultu
1322 4321 1374 4360 sus
1391 4306 1503 4361 civitate
1522 4311 1550 4362 et
1576 4309 1703 4363 aecclesia

66 4416 77 4456 a
102 4404 346 4465 conversaturum,
368 4395 512 4450 abbatiam
529 4391 564 4431 ¹¹⁸
590 4394 801 4449 llildewarden·
856 4392 1173 4465 depopulata,domnus
1185 4394 1371 4450 Bernwardus
1386 4392 1560 4450 ¹³⁶molestia
1574 4396 1703 4466 corporis

660 4551 776 4605 vnlllAE
791 4551 992 4607 LECTIONES.

66 4679 235 4738 scitantibus
260 4681 287 4733 2.
317 4675 352 4714 Η·
380 4679 501 4748 poscunt
525 4677 556 4730 2.
587 4674 621 4712 ¹¹⁶
658 4674 805 4745 ingerunt,
832 4691 898 4730 cum
920 4680 1018 4730 tamen
1047 4676 1121 4747 apud
1150 4675 1289 4731 vicarium
1317 4683 1346 4733 et
1373 4678 1534 4736 dominnm.
1569 4683 1599 4737 B.
1629 4687 1704 4740 esset

66 4769 123 4808 ssns
147 4750 300 4806 exercitus.
329 4747 383 4803 Sed
412 4763 464 4800 nec
489 4747 616 4800 tumultu
646 4746 716 4800 moti
741 4747 768 4799 2.
799 4743 835 4784 ¹¹⁵
854 4748 997 4818 protelare
1028 4749 1055 4801 2.
1086 4743 1124 4782 ¹¹⁶
1152 4747 1251 4802 relicta
1279 4763 1349 4803 corr.
1376 4751 1510 4806 salutat.
1539 4754 1652 4809 mnero
1673 4756 1700 4808 2.

66 4838 155 4891 murp.
176 4821 225 4892 qui
249 4819 404 4874 Gerbertus
425 4821 452 4871 2.
470 4814 505 4857 ¹¹⁹
533 4817 572 4870 sic
598 4822 626 4870 et
643 4834 668 4870 s.
697 4819 724 4871 2.
742 4815 778 4853 ¹²⁰
795 4833 918 4887 nemque
934 4821 961 4872 2.
989 4812 1024 4854 ⁴⁹¹
1051 4817 1222 4872 Pervenicns
1246 4824 1342 4874 autem
1367 4819 1401 4874 ad
1416 4823 1442 4874 2.
1475 4820 1511 4859 ¹²¹
1524 4823 1660 4878 commoti
1672 4827 1700 4878 2.

66 4895 167 4950 ntiscos
191 4894 218 4945 2.
249 4890 285 4928 ¹³⁴
312 4889 384 4943 deest
406 4891 433 4942 2.
451 4887 486 4924 ¹¹⁵
513 4903 539 4941 a.
565 4886 808 4942 hildinuardensis
840 4889 975 4943 aecclesiae
1007 4887 1043 4942 ab
1082 4889 1310 4944 antecessoribus
1343 4891 1402 4944 suis
1445 4891 1543 4947 divino
1582 4892 1701 4948 servicio

66 4980 89 5020 m
103 4968 190 5033 etque
204 4960 397 5026 exercitatum,
423 4958 478 5012 sibi
499 4973 615 5029 quoque
638 4957 674 5012 nb
701 4958 740 5012 im
764 4964 874 5014 cratere
888 4958 1034 5025 traditam,
1057 4958 1105 5012 ubi
1119 4961 1149 5012 2,
1172 4959 1205 4995 ¹²⁰
1232 4960 1262 5014 in
1276 4975 1363 5029 marg.
1381 4962 1500 5017 flemma
1522 4963 1701 5020 sanctissima

66 5050 106 5091 sm
130 5033 268 5087 Dominus
292 5031 382 5084 multo
407 5029 473 5083 facit
502 5028 637 5082 miracula
666 5031 692 5082 2.
717 5030 725 5065 ¹
776 5028 894 5085 illorum
923 5032 950 5085 2.
980 5026 1015 5066 ¹²⁸
1039 5029 1176 5084 conscivit
1202 5032 1227 5084 l.
1250 5031 1412 5086 conciverat
1438 5034 1464 5086 2.
1487 5030 1533 5068 ¹²⁹
1558 5039 1699 5105 paranti.

98 5104 213 5160 Mittunt
235 5109 331 5156 tamen
362 5100 473 5170 aliquos
496 5098 547 5169 qni
567 5114 717 5153 accensum
738 5115 797 5153 non
812 5099 873 5154 sine
899 5115 1004 5170 magno
1019 5099 1146 5180 periculo
1160 5102 1359 5171 temptandum
1380 5103 1519 5171 referant3
1540 5105 1702 5161 consnlcins

66 5191 98 5231 co
121 5173 290 5229 cedendum.
320 5171 367 5226 Sin
393 5186 473 5224 secus
500 5185 585 5239 agere
610 5169 757 5234 deliberet,
782 5168 919 5225 nimirum
953 5185 1112 5225 maximnm
1140 5171 1299 5241 dampnum
1326 5174 1469 5229 conciliet.
1506 5175 1557 5231 llis
1595 5177 1701 5248 praesui

74 5246 103 5301 2.
131 5243 168 5282 ¹⁸⁰
189 5260 216 5348 q
245 5246 320 5298 fame
346 5245 488 5312 sparserat
510 5242 537 5294 2.
566 5237 598 5276 ¹⁸¹
630 5255 655 5294 c.
682 5256 704 5294 s.
739 5245 759 5295 t.
788 5257 814 5295 v.
843 5246 865 5295 t.
896 5241 916 5296 i.
944 5245 974 5295 et
1001 5240 1020 5296 i.
1050 5239 1069 5296 i.
1093 5257 1121 5296 n.
1147 5242 1289 5299 deleam
1317 5246 1344 5299 2.
1373 5241 1410 5282 ¹⁸¹
1438 5243 1650 5303 francanafordi
1671 5249 1700 5302 2.

67 5333 136 5389 gere
150 5317 179 5370 2.
207 5319 229 5351 ⁸⁸
242 5311 435 5369 stiesurioensi
448 5314 474 5366 2,
492 5308 526 5350 ¹²³
536 5309 609 5365 deest
621 5313 648 5366 2.
661 5307 696 5347 ¹⁸⁰
711 5310 860 5382 episeopus
871 5314 901 5368 2.

768 5422 878 5478 NOTAE.

66 5530 244 5585 lassaltorum
259 5530 343 5582 ccelu.
886 5523 944 5596 (51)
974 5523 1222 5581 llilwardshausen
1238 5527 1273 5582 ad
1296 5528 1441 5599 Wiseram,
1466 5531 1540 5587 iufra
1553 5533 1698 5589 Eundem.
