3894 6120
374 329 376 332 .
472 274 659 335 Peumata.
678 304 714 319 -
732 274 813 337 vna
832 270 1045 330 abacelam.
1582 268 1635 336 m

70 416 131 460 eam
159 399 272 456 discere
310 397 455 470 precepit.
484 397 555 464 Quae
592 399 731 455 continuo
749 391 877 455 editis?
898 394 966 451 Ecce
989 395 1086 467 puella
1110 397 1280 455 tenuissima
1302 402 1396 466 erecto
1418 399 1522 457 vexillo
1544 400 1634 458 intre·

86 489 176 564 jussit
202 487 374 545 obedienter
402 486 511 543 discere
540 502 573 542 ac
594 487 732 560 perficere
787 484 859 559 pide
871 498 921 539 vos
939 484 1087 556 precedit,
1102 492 1133 544 et
1149 492 1247 544 contm
1262 472 1403 613 spiribRes
1417 488 1561 560 nequities
1582 507 1636 563 pn·

70 580 136 638 Cum
151 584 253 635 antem
267 577 312 632 vir
328 576 494 632 licitantem
509 576 689 632 voluntatem
705 582 734 631 et
788 587 879 648 gnere
901 588 960 628 non
984 574 1098 632 metuit.
1127 575 1198 633 llece
1226 577 1349 633 lorica·
1404 576 1474 635 fidei
1496 578 1637 652 galeaque

70 667 178 727 ludium
199 667 232 722 in
250 667 305 722 hac
328 665 379 722 Dei
404 664 514 719 famula
535 664 732 730 intellexisset,
788 659 890 719 salutis
904 659 1014 730 induta,
1031 662 1129 718 animo
1146 663 1342 738 imperterrito
1361 669 1462 721 contra
1486 665 1636 722 inimicum

70 756 193 824 lamine,
208 755 246 811 ad
266 753 318 810 liei
333 752 461 809 ollloium
473 752 732 808 cumconseorevit.
789 749 927 809 dimicare
953 753 997 805 est
1013 747 1052 786 ’θ’
1071 757 1180 822 parata.
1211 755 1286 827 Ergo
1310 753 1335 810 si
1356 769 1453 827 neque
1473 755 1638 828 precedere

82 844 116 885 ω
139 845 170 900 in
195 859 290 899 unum
307 841 465 911 sororibus,
484 841 631 898 abbatiam
650 857 735 896 soro·
790 854 885 912 neque
907 837 975 895 huic
993 834 1032 875 ¹⁷⁰
1045 856 1215 898 concurrere
1234 842 1351 916 possitis
1373 840 1422 912 ¹²¹,
1449 844 1551 900 saltem
1574 858 1638 898 mm

70 950 121 991 nm
143 931 188 988 illi
207 927 431 986 commendarit.
454 930 579 1000 Accepto
599 943 666 984 vero
685 943 733 982 ve·
790 926 933 984 similibus
965 926 1079 1000 piatatis
1108 931 1247 1003 exemplis
1273 930 1412 1004 consequi
1448 931 1598 989 studeatis.
1624 952 1636 981 ι

69 1022 130 1079 sctis
147 1019 306 1076 virtutibus
321 1015 506 1089 honestisque
525 1015 657 1072 moribus
681 1015 737 1070 ela·
790 1020 858 1074 Post
882 1017 944 1074 bec
958 1017 1071 1089 aliaque
1090 1019 1177 1076 verbe
1199 1019 1308 1088 divine,
1323 1020 1472 1093 completis
1486 1020 1640 1076 missenum

71 1111 133 1180 tuit,
149 1115 177 1167 et
196 1107 282 1181 qnasi
306 1106 386 1162 omni
409 1104 469 1161 vite
495 1121 547 1160 sna
575 1105 734 1161 secundum
790 1105 893 1162 oldciis
914 1103 963 1176 ¹⁷¹,
980 1104 1092 1162 cellule
1125 1123 1188 1162 eam
1207 1108 1342 1178 inclusit;
1366 1114 1396 1165 et
1412 1125 1478 1182 que
1500 1106 1540 1147 ‘¹⁸
1561 1124 1640 1165 mm·

70 1201 132 1257 isset
147 1199 276 1256 enutrite
296 1193 345 1264 ²⁸⁸,
364 1194 476 1250 cunctis
495 1194 622 1268 prebuit
638 1209 735 1250 exem·
791 1193 948 1266 punctioue
980 1190 1077 1249 divine
1104 1192 1283 1251 secularibus
1312 1193 1349 1232 ”¹
1364 1201 1480 1252 mortua
1509 1195 1567 1251 tuit
1593 1191 1642 1266 ²¹⁸,

82 1290 142 1346 tlon
164 1287 244 1343 enim
261 1284 353 1340 voluit
374 1282 537 1338 ministrari
559 1279 598 1319 ”’
617 1281 667 1337 sed
686 1281 738 1336 mi·
791 1281 892 1339 ordine
914 1285 1097 1338 mortuorum
1116 1284 1174 1339 Deo
1198 1284 1279 1340 illam
1299 1285 1562 1341 commendaverat.
1582 1283 1644 1340 lbi·

70 1393 137 1450 eque
159 1391 240 1431 more
260 1370 452 1443 magisteriali
469 1367 507 1408 ’Β
521 1386 610 1442 super
630 1366 668 1406 ²⁸⁹
682 1385 736 1424 ce·
792 1385 848 1443 que
863 1367 901 1406 ¹⁴¹⁸
923 1371 981 1425 Deo
1002 1370 1153 1427 serviendo
1176 1375 1235 1427 tres
1253 1388 1343 1428 annos
1365 1373 1425 1428 rita
1445 1372 1576 1443 angelica
1599 1371 1644 1427 vi·

70 1466 184 1535 saltavit,
206 1464 258 1520 ssd
278 1461 362 1534 quasi
382 1464 477 1514 mater
505 1466 623 1515 cunctas
639 1458 739 1514 dilexit
793 1459 888 1527 vebat,
907 1465 936 1516 et
958 1459 1077 1517 diversis
1091 1460 1275 1532 passionibus
1289 1465 1428 1534 temptata
1448 1458 1497 1528 ²²²,
1528 1462 1564 1517 ad
1577 1461 1646 1516 nlti-

70 1557 121 1612 lire
141 1571 197 1622 res,
223 1558 257 1608 ut
281 1549 392 1607 femine
406 1548 544 1603 secularis
558 1548 589 1603 in
603 1548 659 1602 boc
686 1562 737 1602 ne·
794 1563 874 1603 mum
890 1547 1018 1604 animam
1037 1548 1162 1620 pleniter
1183 1554 1372 1622 expurgatam
1390 1547 1429 1585 ¹³⁸
1443 1564 1497 1603 sno
1522 1549 1648 1605 reddidit

70 1642 152 1698 tidem
169 1641 206 1696 ed
231 1639 334 1694 boram
363 1639 542 1706 gravaretur,
567 1634 617 1691 sed
641 1633 774 1731 potiusB
794 1635 931 1704 Creatori,
951 1641 984 1692 ut
1004 1635 1035 1692 in
1050 1636 1186 1692 omnibus
1209 1637 1419 1693 bonorillcetnr
1439 1637 1526 1706 Deus,
1552 1637 1648 1710 quiin

70 1746 87 1786 r.
101 1729 192 1787 Omne
217 1743 336 1800 quoque
359 1722 505 1795 predium
531 1723 609 1796 quod
638 1722 737 1795 acqui·
793 1725 967 1780 sanctissuis
983 1739 1097 1797 semper
1112 1728 1155 1781 est
1173 1724 1317 1782 mirabilis
1331 1723 1377 1782 ¹⁷⁹.

70 1818 119 1874 sie
147 1817 194 1873 cui
215 1818 343 1888 preerat
367 1827 434 1868 cum
454 1811 564 1867 auxilio
586 1810 683 1867 fratris
706 1811 738 1866 in
830 1813 872 1870 tl.
898 1814 1004 1869 Eodem
1023 1811 1225 1886 temporeion.
1247 1815 1350 1888 rodat)
1376 1812 1485 1887 quippe
1500 1811 1542 1850 ’⁸⁰
1561 1815 1648 1872 llein·

72 1907 224 1962 ontulcrat.
246 1905 400 1964 Preterce,
418 1900 505 1955 fratre
523 1898 691 1956 exhortante
709 1902 740 1954 et
792 1901 868 1957 rictu
894 1899 1053 1973 imperator
1076 1917 1140 1957 cum
1174 1904 1356 1960 exercituin
1384 1902 1583 1973 burgundiam
1607 1903 1649 1959 ire

71 1995 226 2051 claustrum
242 1992 331 2046 simul
351 1988 388 2028 ’Ψ
401 1988 650 2061 etmonesterium
665 2003 739 2060 pene
793 1988 945 2061 disposuit,
969 1992 998 2045 et
1018 2005 1052 2044 eo
1075 1989 1180 2045 itinere
1202 1991 1390 2048 wormatiam
1410 1986 1447 2025 ²⁸¹
1463 1991 1554 2049 venit.
1577 1994 1650 2050 Cum

70 2098 124 2139 non
142 2083 238 2138 solum
262 2078 424 2145 renovarit,
440 2077 489 2132 sed
509 2076 597 2132 etiam
616 2074 739 2131 raediti·
793 2083 892 2133 eutom
910 2077 1060 2149 egregium
1078 2077 1151 2134 illud
1172 2080 1383 2137 monasterium
1403 2094 1476 2150 pens
1499 2086 1650 2154 peractum

94 2169 222 2228 dedicari
242 2167 317 2231 iecit,
347 2172 377 2222 et
403 2163 560 2220 inservito
584 2164 681 2221 divino
704 2159 741 2199 ‘³⁸
792 2166 920 2233 vidisset,
945 2165 1122 2238 episcopum,
1147 2172 1180 2223 ut
1199 2184 1230 2224 se
1252 2173 1394 2241 praesente
1417 2176 1648 2240 consecraretur,

70 2260 120 2317 bus
146 2258 203 2314 sibi
224 2255 389 2313 commissis
421 2253 467 2310 die
488 2257 635 2324 noctuque
654 2250 741 2307 corde
793 2255 915 2312 assiduis
946 2254 1146 2327 rogationibus
1168 2253 1208 2291 ¹⁸²
1228 2256 1339 2329 petivit.
1366 2255 1498 2329 Cumque
1524 2258 1571 2314 uir
1597 2255 1652 2314 Dei

70 2347 229 2404 abilissimo
243 2342 281 2382 ¹⁸⁸
300 2341 472 2415 permensit,
495 2356 654 2413 earumque
668 2354 742 2395 0011·
794 2344 918 2401 multum
940 2343 1124 2413 reniteretur,
1155 2345 1275 2401 tandem
1299 2345 1483 2416 imperatoris
1508 2343 1653 2403 voluntati

70 2452 83 2492 u
100 2434 197 2492 fratris
217 2431 363 2506 adjutorio
378 2431 414 2468 Ἰ*
430 2429 652 2498 rationabiliter,
668 2428 742 2483 siout
795 2432 877 2507 quasi
901 2436 1016 2488 coaetus
1040 2433 1197 2489 consensit.
1222 2435 1297 2504 Ergo
1313 2432 1394 2490 omni
1416 2435 1558 2505 spurcitia
1582 2433 1653 2491 ioris

70 2523 192 2597 leposeit
205 2520 241 2560 ²⁸⁸
255 2520 337 2588 ordo,
354 2535 408 2591 per
422 2517 521 2573 omnia
534 2517 688 2590 disposuit.
796 2521 923 2594 projecta
940 2518 1078 2593 omnique
1102 2520 1225 2594 fulgine
1239 2521 1352 2580 detersa
1368 2519 1416 2591 ¹⁸⁸,
1439 2523 1488 2580 die
1507 2523 1652 2597 sequenti,

70 2631 76 2669 ι
97 2628 214 2685 quoque
235 2608 272 2647 ²⁵⁸
295 2606 435 2680 exemplis
449 2623 483 2662 ac
509 2604 545 2643 ¹⁸⁷
561 2603 743 2662 documentis
796 2613 971 2683 imperatore
989 2613 1133 2681 presente
1153 2611 1325 2683 etJubente‚
1340 2627 1405 2667 cum
1429 2613 1545 2685 magnis
1560 2611 1651 2670 laudi·

70 2702 123 2758 lem
137 2699 297 2765 sororibus,
314 2696 424 2753 Cerittu
442 2695 602 2762 nominata,
618 2696 678 2751 Deo
694 2694 743 2751 de·
797 2701 851 2756 bus
866 2702 896 2754 et
908 2697 1034 2753 marimo
1050 2698 1121 2754 cleri
1146 2700 1298 2772 plebisque
1310 2700 1451 2772 tripudio,
1477 2702 1576 2757 multis
1595 2701 1654 2773 epi·

70 2791 104 2846 ris
124 2787 301 2862 majorisque
314 2785 381 2841 vite
396 2783 606 2840 districtionem
629 2784 666 2839 ab
681 2781 743 2855 cpi·
798 2787 890 2860 scopis
903 2786 1104 2858 presentibus,
1118 2789 1177 2844 lieo
1192 2788 1286 2845 dicata
1299 2793 1342 2845 est
1355 2790 1417 2845 hec
1431 2789 1539 2846 domus
1553 2788 1599 2846 ¹⁸⁴.

70 2879 181 2934 tutabat.
210 2877 343 2947 Cumque
366 2872 416 2929 ille
440 2872 492 2928 Dei
514 2872 690 2928 volunlatem
712 2870 744 2925 in
836 2879 878 2933 li.
893 2878 960 2932 Post
977 2873 1133 2931 biennium
1148 2880 1248 2933 autem
1265 2879 1323 2950 (on.
1343 2878 1442 2949 lolli)
1458 2894 1506 2934 res
1533 2880 1654 2935 misera·

70 2967 116 3023 stis
131 2965 212 3022 tactis
227 2962 265 2999 ¹⁸⁸
280 2964 354 3018 bene
373 2960 527 3031 adimpleri
541 2957 577 2996 ¹⁸⁹
591 2975 675 3029 posse
689 2957 740 3013 ilr-
759 2959 780 3015 C
798 2965 864 3020 bilis
886 2964 916 3019 in
930 2963 1107 3020 monasterio
1131 2965 1236 3022 codem
1261 2965 1402 3022 accideret
1421 2962 1469 3021 ²⁸⁸.
1502 2967 1573 3023 llam
1587 2983 1654 3040 pars

70 3073 114 3114 ten
127 3059 208 3128 virgo
225 3054 278 3110 llei
296 3052 438 3126 petitione
453 3049 617 3106 incessabili
631 3049 744 3106 assidue
800 3052 983 3110 occidentalis
1002 3052 1099 3108 subite
1119 3054 1205 3111 ruina
1221 3060 1305 3111 nocte
1322 3054 1448 3127 quadem
1461 3054 1592 3112 lunditns
1607 3062 1677 3113 ce-'

70 3164 83 3215 ',
102 3145 170 3219 quia
184 3145 296 3216 majora
314 3142 408 3196 lacere
432 3140 525 3208 veltet,
546 3138 687 3194 inclusam
715 3153 745 3194 se
799 3141 877 3197 cidit.
894 3139 948 3196 Sed
968 3138 1023 3194 boo
1038 3139 1172 3197 mirabile
1183 3141 1248 3212 fuit,
1259 3141 1336 3215 quod
1353 3141 1433 3198 nulle
1447 3159 1588 3215 campana
1601 3146 1654 3201 sub

70 3251 111 3291 tus
126 3236 290 3289 removeret
316 3228 363 3285 ¹⁶⁰.
387 3228 516 3283 ‘landem
543 3227 587 3282 vir
610 3227 660 3284 liei
674 3226 747 3299 peti·
800 3235 859 3285 tam
871 3243 978 3300 magna
992 3228 1080 3297 mole,
1097 3229 1156 3285 nisi
1173 3235 1287 3287 mutum
1303 3246 1361 3285 una
1376 3229 1492 3302 exigua,
1510 3232 1655 3289 confracta

71 3321 265 3385 consentiens,
291 3319 400 3373 clusam
419 3313 455 3350 ²⁶¹
476 3315 540 3370 fieri
557 3315 654 3386 jussit,
669 3315 747 3371 diem
801 3323 852 3373 ost.
871 3317 973 3372 Dehec
989 3331 1021 3371 rc
1036 3316 1087 3372 Dei
1102 3335 1210 3383 servire,
1237 3324 1271 3374 ut
1298 3323 1360 3373 eret
1384 3335 1510 3384 necesse,
1534 3326 1653 3378 coutur-

70 3411 170 3469 tstituit
184 3409 242 3478 ²⁰²,
258 3407 337 3463 etad
355 3406 393 3440 ¹⁸³
421 3405 615 3477 peragendam
629 3404 680 3459 liei
704 3404 746 3459 le·
801 3407 884 3463 batus
897 3403 945 3473 ²⁸⁸,
957 3405 1103 3477 quandem
1117 3408 1200 3480 quasi
1215 3406 1381 3463 maestitiam
1396 3407 1427 3462 iu
1447 3409 1528 3466 vultu
1553 3411 1656 3483 prete·

70 3506 176 3557 ntatwr
191 3499 228 3555 ad
255 3495 466 3552 monasterium
485 3492 747 3548 sanctimonialium
801 3496 892 3550 rebat.
913 3494 1089 3549 decedentes
1109 3502 1206 3552 autem
1222 3495 1357 3567 discipuli
1371 3492 1410 3530 ¹⁸²
1437 3496 1511 3568 ejus,
1529 3515 1654 3570 quorum

71 3589 125 3645 rsis
156 3586 294 3643 iratribus
318 3583 407 3638 uenit.
432 3582 563 3654 Cumque
587 3581 656 3637 illuc
678 3597 748 3636 veu-
803 3596 966 3654 nonpanoa
988 3581 1144 3639 multitudo
1166 3583 1281 3639 assidue
1304 3579 1342 3616 ’⁸⁸
1360 3582 1444 3638 illum
1468 3587 1652 3657 sequebatur,

69 3684 90 3744 t,
108 3676 245 3732 iratribus
260 3674 291 3729 in
313 3687 405 3726 unum
422 3669 750 3741 convocatis,rirgiuem
803 3670 908 3726 talibus
929 3683 997 3724 eum
1020 3668 1104 3724 dictis
1123 3671 1375 3727 consolabantur:
1402 3671 1579 3743 aldiramur,
1609 3691 1654 3731 se-

70 3766 164 3823 statuit
184 3768 213 3820 et
233 3763 306 3818 dixit
320 3758 357 3797 ’θ’
373 3776 412 3814 :e
434 3760 546 3814 Fratres
565 3758 624 3813 mei
637 3757 750 3812 carissi·
805 3759 877 3826 nior,
896 3758 986 3830 J‘uste,
1013 3757 1091 3828 quod
1110 3775 1145 3815 ex
1159 3758 1317 3815 intortunio
1328 3758 1416 3829 hujus
1436 3760 1532 3832 operis
1547 3762 1579 3815 in
1593 3765 1655 3817 tau·

70 3853 164 3910 ,hanc
184 3851 338 3923 virginem,
360 3847 410 3904 Dei
426 3864 523 3904 amore
539 3847 649 3919 pariter
667 3851 695 3902 et
713 3847 750 3902 ti·
805 3852 867 3901 tum
891 3843 1017 3901 turbaris
1040 3860 1107 3901 cum
1130 3846 1280 3903 cotidianis
1301 3847 1428 3918 postules
1447 3845 1484 3883 ²⁸⁹
1498 3848 1655 3905 oblationi-

70 3957 163 4008 nsam,
187 3939 312 3995 lubricas
331 3935 534 4008 hujusmundi
562 3934 679 3991 delicias
708 3948 753 3990 re·
805 3935 860 3990 bus
872 3932 919 4004 ¹⁹⁰,
934 3939 967 3989 ut
989 3932 1029 3988 ita
1045 3934 1146 4007 peragi
1166 3935 1251 3991 liceat
1277 3934 1350 3989 siout
1374 3935 1432 3991 lieo
1447 3937 1568 4007 placeat.
1584 3937 1654 3995 Ora·

79 4036 109 4087 et
130 4031 187 4085 Deo
209 4028 325 4100 placere
349 4025 607 4095 concupiscentem.
634 4024 698 4080 llaec
715 4019 752 4059 ’³⁸
806 4024 901 4081 tiones
915 4037 1041 4093 nemque
1055 4027 1120 4078 tues
1135 4024 1209 4079 Deus
1224 4022 1350 4090 exaudit,
1380 4027 1460 4079 tuam
1477 4026 1655 4083 voluntatem

78 4116 276 4189 evangelicum
289 4129 349 4169 non
363 4110 399 4149 ¹⁸⁶
415 4113 501 4168 surde
514 4128 583 4167 euro
598 4110 751 4183 recipiens,
807 4111 922 4183 publice
947 4109 1124 4180 adimplevit.
1155 4112 1286 4183 Namque
1305 4108 1343 4145 ²⁹¹
1368 4112 1448 4183 quod
1469 4113 1527 4168 Deo
1550 4113 1653 4185 placet,

87 4212 219 4273 matrem,
247 4207 385 4274 cognatos
405 4205 434 4257 et
458 4201 574 4269 amicos,
602 4199 703 4256 domos
723 4203 753 4255 et
768 4238 791 4292 D
809 4215 885 4271 sepe
899 4197 1049 4270 probatur,
1066 4198 1140 4255 sicut
1155 4199 1285 4272 legitur:
1307 4219 1322 4251 e
1346 4200 1437 4265 Quem
1457 4202 1532 4257 Deus
1550 4202 1654 4275 diligit,

72 4295 125 4362 uit,
141 4298 170 4351 et
184 4292 236 4349 soli
254 4288 290 4329 ’θ’
304 4290 362 4346 Deo
377 4305 408 4346 se
428 4290 585 4361 adjungere
602 4287 752 4361 disposuit.
811 4306 826 4339 ι
842 4286 962 4359 corripit
980 4287 1068 4358 (Pseu.
1085 4304 1127 4356 ιιι,
1144 4291 1189 4359 12)
1218 4287 1327 4354 »Quod
1342 4289 1420 4343 enim
1436 4287 1475 4325 '⁸¹
1487 4291 1545 4346 Deo
1559 4289 1656 4362 displi-

70 4399 183 4454 ,senes,
203 4396 318 4437 necnon
332 4382 361 4434 et
375 4395 435 4446 vos,
448 4379 579 4450 juvenes,
602 4376 675 4432 nibil
688 4375 756 4432 buic
809 4377 880 4446 cuit,
894 4377 969 4431 sicut
979 4375 1086 4447 petisti,
1116 4376 1224 4449 rejecit.
1244 4376 1353 4432 idcirco
1380 4377 1505 4450 suspiria
1527 4379 1657 4452 deponas

70 4476 163 4530 entest
187 4469 262 4536 Quid
276 4467 396 4524 tacetis?
416 4466 490 4532 Quid
507 4466 613 4522 rubore
636 4467 756 4520 conten-
810 4468 840 4521 et
853 4463 1001 4537 patientie
1012 4463 1211 4521 fortitudinem
1226 4464 1358 4538 recipies.
1383 4465 1441 4522 lloo
1456 4471 1500 4523 est
1512 4467 1657 4526 landabile

621 4586 739 4642 veelle
751 4586 955 4643 LECTIONES.

70 4679 103 4737 tit
126 4681 154 4735 2.
191 4677 229 4715 ¹¹⁸
251 4675 491 4758 congregatisque
514 4678 541 4730 2.
574 4651 617 4713 ’Μ
638 4674 751 4730 nutrita
774 4677 802 4731 2.
843 4675 880 4712 ¹⁴²
904 4689 945 4729 m.
974 4674 1024 4731 sed
1050 4674 1149 4756 desunt
1175 4678 1201 4730 2.
1239 4673 1277 4713 ¹⁴⁸
1301 4676 1459 4760 magistrali
1483 4682 1508 4734 t.
1545 4678 1582 4717 ²⁴⁹
1608 4697 1659 4736 vo·

70 4751 123 4807 lias
147 4750 265 4805 exaltari
305 4751 332 4802 2.
370 4745 565 4801 ²⁸⁰s1militer
590 4749 615 4801 t.
654 4742 692 4780 ’θ’
725 4761 758 4799 ac
807 4747 836 4800 2.
857 4745 914 4813 ,”’
946 4745 1061 4801 Domini
1097 4749 1125 4801 2.
1164 4744 1202 4781 ¹⁸⁸
1229 4745 1412 4803 stabilissime
1440 4752 1467 4804 2.
1505 4747 1543 4786 ¹³⁴
1571 4750 1658 4806 iretre

80 4824 109 4878 2.
147 4819 183 4857 ²⁸⁸
212 4818 305 4892 poscit
330 4821 356 4873 2.
393 4815 430 4854 ¹⁸⁰
458 4817 541 4872 istius
569 4831 638 4888 crgo
672 4821 779 4871 sancte
806 4815 933 4871 immine
963 4818 991 4871 2.
1019 4817 1069 4872 ubi
1109 4816 1195 4872 rubro
1230 4820 1409 4885 premittitur
1430 4834 1438 4873 ε
1459 4819 1498 4874 Ile
1532 4820 1659 4900 quadam

70 4908 112 4948 ue
134 4891 206 4964 petit
229 4889 388 4945 solitariam
411 4888 499 4971 ritem
527 4903 613 4959 agere
640 4886 676 4941 ab
704 4886 851 5013 episcopo,
881 4885 957 4958 quod
980 4891 1011 4941 et
1037 4886 1086 4942 ille
1111 4886 1187 4942 iecit.
1225 4884 1261 4924 ’ω
1283 4893 1313 4943 et
1334 4890 1361 4944 2.
1399 4887 1437 4926 ”’
1471 4890 1607 5013 operibus
1630 4893 1657 4947 2.

70 4968 126 5018 lere
153 4966 179 5018 2.
217 4960 257 4998 ’⁰⁰
278 4970 307 5015 et
322 4966 419 5016 umen
446 4974 527 5029 virgo
546 4974 604 5013 non
636 4972 717 5011 cessa
738 4962 768 5011 at
796 4956 911 5013 assidue
933 4957 1064 5029 rogando
1088 4972 1166 5025 eum,
1182 4961 1215 5013 ut
1240 4973 1304 5013 eem
1328 4975 1345 5014 a
1365 4959 1483 5015 seculari
1505 4975 1539 5013 us
1572 4960 1660 5016 rebus

70 5033 192 5090 :luderet
215 5037 244 5088 et
268 5046 332 5087 eam
362 5030 524 5086 includeret
554 5027 726 5084 solitariam.
763 5025 800 5064 ¹⁸¹
825 5029 989 5083 clausuram
1014 5029 1041 5083 2.
1079 5026 1118 5064 ”’
1141 5028 1171 5084 d.
1215 5029 1313 5084 statuit
1355 5045 1379 5085 c.
1409 5032 1437 5084 2.
1473 5027 1510 5067 ⁸⁸³
1539 5030 1613 5086 deest
1629 5034 1657 5088 2.

111 5102 149 5141 ¹⁸⁸
178 5104 225 5159 hio
250 5105 277 5157 2.
316 5100 353 5138 ’Μ
372 5117 436 5156 cum
465 5103 490 5155 2.
531 5097 569 5134 ”’
599 5103 750 5170 respuente
772 5099 828 5153 soli
855 5102 883 5153 2.
922 5095 959 5135 ²⁸⁸
990 5098 1086 5169 puella
1113 5098 1133 5155 l.
1172 5103 1253 5154 scuto
1290 5116 1318 5172 g.
1346 5101 1373 5155 2.
1410 5097 1448 5135 ²⁰⁹
1480 5114 1610 5171 pugnare
1628 5119 1658 5175 p.

82 5175 193 5231 deecit.
232 5171 270 5209 ¹¹¹
286 5173 405 5244 potestis
418 5175 445 5227 2.
483 5168 521 5205 ”’
547 5169 706 5226 solemniis.
744 5167 863 5241 ²⁷⁸quia
888 5171 915 5224 2.
953 5165 1056 5224 mes.
1085 5171 1112 5225 2.
1149 5167 1187 5207 ”’
1212 5173 1274 5225 erat
1298 5174 1325 5226 2.
1363 5167 1400 5206 ¹¹¹⁸
1417 5169 1458 5226 ibi
1488 5186 1604 5243 quoque
1633 5176 1658 5230 t.

70 5262 108 5302 im
132 5249 158 5301 2.
201 5243 239 5281 ”’
261 5249 416 5315 purgatam
428 5246 454 5298 2.
494 5237 646 5297 ”ladmiu
671 5242 698 5295 2.
727 5240 855 5310 qutedd.
882 5240 1021 5295 rubemus
1052 5240 1090 5294 llo
1118 5239 1296 5295 dedicatione
1324 5240 1442 5310 majoris
1477 5240 1604 5298 ecclesie
1628 5243 1661 5300 in

72 5314 441 5386 Heinriciimperatoriset
459 5311 581 5367 eliorum
594 5312 961 5382 multorumpreletorum.
1000 5306 1130 5366 maesse.
1141 5314 1169 5366 2.
1207 5309 1242 5349 ²⁶¹
1267 5310 1299 5365 in
1310 5327 1345 5365 ιι.
1361 5314 1390 5368 2.
1427 5308 1465 5347 ‘⁸¹
1479 5312 1612 5384 precibus
1631 5317 1660 5372 2.

70 5391 124 5444 ι2.
162 5385 359 5442 ²“altersdie
383 5383 507 5456 Philippi
522 5389 551 5437 et
562 5381 660 5439 iacobi
685 5381 752 5437 odd.
768 5383 794 5438 2.
826 5383 968 5452 quietiom
988 5381 1101 5436 rubram
1126 5382 1228 5438 tedet:
1254 5381 1402 5447 Quomodo
1421 5389 1488 5454 post
1508 5382 1661 5441 biennium

70 5475 123 5515 »ars
133 5458 259 5513 ecclesie
269 5456 347 5511 illius
356 5455 471 5511 cecidit.
512 5450 550 5489 ‘⁸⁸
573 5452 716 5507 ecciditin
732 5470 757 5508 e.
773 5455 851 5508 ιιι.2.
889 5449 926 5486 ¹⁸⁰
941 5452 1048 5507 setisc.
1074 5454 1117 5507 est
1153 5455 1182 5508 et
1205 5468 1232 5523 q.
1256 5467 1295 5506 m.
1323 5453 1349 5508 2.
1389 5450 1424 5490 ¹⁸¹
1452 5454 1608 5512 consiliarii
1633 5458 1661 5512 2.

70 5571 73 5586 .
111 5527 284 5602 ²⁸⁹postules
299 5530 324 5583 l.
361 5525 399 5562 ²⁹⁰
409 5524 586 5582 orationibus
596 5527 622 5578 2.
662 5521 698 5559 ²⁰¹
712 5539 837 5597 namque
852 5523 1018 5597 -corripit
1036 5521 1141 5578 deurit.
1158 5525 1185 5578 2.
1224 5521 1261 5559 ”’
1287 5523 1370 5581 deest.
1385 5526 1412 5580 2.

88 5637 226 5704 Parnon.
252 5634 338 5702 CXL.
1468 5639 1526 5698 l'l·
1653 5714 1684 5759 Α
