<?xml version="1.0" encoding="UTF-8"?>
<!DOCTYPE html PUBLIC "-//W3C//DTD XHTML 1.0 Transitional//EN"
    "http://www.w3.org/TR/xhtml1/DTD/xhtml1-transitional.dtd">
<html xmlns="http://www.w3.org/1999/xhtml" xml:lang="en" lang="en">
 <head>
  <title>
</title>
<meta http-equiv="Content-Type" content="text/html;charset=utf-8" />
  <meta name='ocr-system' content='tesseract 3.04.00' />
  <meta name='ocr-capabilities' content='ocr_page ocr_carea ocr_par ocr_line ocrx_word'/>
</head>
<body>
  <div class='ocr_page' id='page_1' title='image "./patrologiaecurs17unkngoog_0554.png"; bbox 0 0 3878 6112; ppageno 0'>
   <div class='ocr_carea' id='block_1_1' title="bbox 678 169 1341 232">
    <p class='ocr_par' dir='ltr' id='par_1_1' title="bbox 678 169 1341 232">
     <span class='ocr_line' id='line_1_1' title="bbox 678 169 1341 232; baseline -0.009 0"><span class='ocrx_word' id='word_1_1' title='bbox 678 175 874 232; x_wconf 75' lang='lat' dir='ltr'><strong>auutuotut</strong></span> <span class='ocrx_word' id='word_1_2' title='bbox 896 171 1156 231; x_wconf 72' lang='lat' dir='ltr'><strong>rumnctnusts</strong></span> <span class='ocrx_word' id='word_1_3' title='bbox 1174 169 1341 228; x_wconf 73' lang='lat' dir='ltr'><strong>uniscunt.</strong></span> 
     </span>
    </p>
   </div>
   <div class='ocr_carea' id='block_1_2' title="bbox 359 477 1659 852">
    <p class='ocr_par' dir='ltr' id='par_1_2' title="bbox 359 477 1659 852">
     <span class='ocr_line' id='line_1_2' title="bbox 787 477 1237 585; baseline -0.004 -2"><span class='ocrx_word' id='word_1_4' title='bbox 787 477 1237 585; x_wconf 76' lang='lat' dir='ltr'><strong>innuuntur</strong></span> 
     </span>
     <span class='ocr_line' id='line_1_3' title="bbox 359 709 1659 852; baseline -0.007 -1"><span class='ocrx_word' id='word_1_5' title='bbox 359 719 554 852; x_wconf 76' lang='lat' dir='ltr'><strong>liii</strong></span> <span class='ocrx_word' id='word_1_6' title='bbox 592 718 652 851; x_wconf 84' lang='lat' dir='ltr'><strong>S.</strong></span> <span class='ocrx_word' id='word_1_7' title='bbox 708 716 1045 849; x_wconf 83' lang='lat' dir='ltr'><strong>uuuuiui</strong></span> <span class='ocrx_word' id='word_1_8' title='bbox 1094 709 1659 845; x_wconf 77' lang='lat' dir='ltr'><strong>iuuuutuuuis</strong></span> 
     </span>
    </p>
   </div>
   <div class='ocr_carea' id='block_1_3' title="bbox 452 965 1573 1042">
    <p class='ocr_par' dir='ltr' id='par_1_3' title="bbox 452 965 1573 1042">
     <span class='ocr_line' id='line_1_4' title="bbox 452 965 1573 1042; baseline -0.006 -15"><span class='ocrx_word' id='word_1_9' title='bbox 452 970 498 1042; x_wconf 89' lang='lat' dir='ltr'><strong>(V.</strong></span> <span class='ocrx_word' id='word_1_10' title='bbox 516 973 546 1026; x_wconf 84' lang='lat' dir='ltr'><strong>ia</strong></span> <span class='ocrx_word' id='word_1_11' title='bbox 559 972 588 1027; x_wconf 90' lang='lat' dir='ltr'><strong>S.</strong></span> <span class='ocrx_word' id='word_1_12' title='bbox 604 972 718 1026; x_wconf 66' lang='lat' dir='ltr'><strong>lienum</strong></span> <span class='ocrx_word' id='word_1_13' title='bbox 733 972 799 1040; x_wconf 85' lang='lat' dir='ltr'><strong>imp.</strong></span> <span class='ocrx_word' id='word_1_14' title='bbox 821 968 859 1024; x_wconf 84' lang='lat' dir='ltr'><strong>od</strong></span> <span class='ocrx_word' id='word_1_15' title='bbox 872 984 974 1024; x_wconf 85' lang='lat' dir='ltr'><strong>annum</strong></span> <span class='ocrx_word' id='word_1_16' title='bbox 990 968 1069 1036; x_wconf 76' lang='lat' dir='ltr'><strong>toti,</strong></span> <span class='ocrx_word' id='word_1_17' title='bbox 1082 982 1179 1040; x_wconf 71' lang='lat' dir='ltr'><strong>witao,</strong></span> <span class='ocrx_word' id='word_1_18' title='bbox 1193 965 1276 1036; x_wconf 81' lang='lat' dir='ltr'><strong>teias</strong></span> <span class='ocrx_word' id='word_1_19' title='bbox 1290 967 1436 1022; x_wconf 78' lang='lat' dir='ltr'><strong>voluminis</strong></span> <span class='ocrx_word' id='word_1_20' title='bbox 1450 965 1500 1021; x_wconf 85' lang='lat' dir='ltr'><strong>col.</strong></span> <span class='ocrx_word' id='word_1_21' title='bbox 1515 965 1573 1030; x_wconf 83' lang='grc'>87.)</span> 
     </span>
    </p>
   </div>
   <div class='ocr_carea' id='block_1_4' title="bbox 417 1271 1670 1645">
    <p class='ocr_par' dir='ltr' id='par_1_4' title="bbox 417 1271 1670 1645">
     <span class='ocr_line' id='line_1_5' title="bbox 743 1271 1279 1378; baseline 0 -2"><span class='ocrx_word' id='word_1_22' title='bbox 743 1271 1279 1378; x_wconf 82' lang='lat' dir='ltr'><strong>iuniuoiuus</strong></span> 
     </span>
     <span class='ocr_line' id='line_1_6' title="bbox 417 1490 1670 1645; baseline -0.004 -2"><span class='ocrx_word' id='word_1_23' title='bbox 417 1512 624 1643; x_wconf 83' lang='lat' dir='ltr'>VITA</span> <span class='ocrx_word' id='word_1_24' title='bbox 683 1507 1030 1641; x_wconf 84' lang='lat' dir='ltr'><strong>SANCTAE</strong></span> <span class='ocrx_word' id='word_1_25' title='bbox 1089 1490 1670 1645; x_wconf 72' lang='lat' dir='ltr'><strong>WALBURGIS.‘³⁵³</strong></span> 
     </span>
    </p>
   </div>
   <div class='ocr_carea' id='block_1_5' title="bbox 148 1759 1886 1905">
    <p class='ocr_par' dir='ltr' id='par_1_5' title="bbox 148 1759 1886 1905">
     <span class='ocr_line' id='line_1_7' title="bbox 148 1759 1886 1840; baseline -0.006 -16"><span class='ocrx_word' id='word_1_26' title='bbox 148 1768 231 1840; x_wconf 75' lang='lat' dir='ltr'><strong>Apud</strong></span> <span class='ocrx_word' id='word_1_27' title='bbox 247 1767 373 1823; x_wconf 86' lang='lat' dir='ltr'><strong>Bolland.</strong></span> <span class='ocrx_word' id='word_1_28' title='bbox 390 1765 461 1820; x_wconf 82' lang='lat' dir='ltr'><strong>Acta</strong></span> <span class='ocrx_word' id='word_1_29' title='bbox 474 1768 628 1818; x_wconf 78' lang='lat' dir='ltr'><strong>satiatorum</strong></span> <span class='ocrx_word' id='word_1_30' title='bbox 656 1762 804 1818; x_wconf 85' lang='lat' dir='ltr'><strong>Februarii</strong></span> <span class='ocrx_word' id='word_1_31' title='bbox 817 1767 887 1817; x_wconf 92' lang='lat' dir='ltr'><strong>tom.</strong></span> <span class='ocrx_word' id='word_1_32' title='bbox 912 1762 961 1818; x_wconf 92' lang='lat' dir='ltr'><strong>lll.</strong></span> <span class='ocrx_word' id='word_1_33' title='bbox 987 1761 1033 1818; x_wconf 92' lang='lat' dir='ltr'><strong>die</strong></span> <span class='ocrx_word' id='word_1_34' title='bbox 1047 1764 1093 1828; x_wconf 73' lang='lat'><strong>25,</strong></span> <span class='ocrx_word' id='word_1_35' title='bbox 1118 1778 1150 1817; x_wconf 83' lang='lat' dir='ltr'><strong>er</strong></span> <span class='ocrx_word' id='word_1_36' title='bbox 1174 1778 1241 1816; x_wconf 87' lang='lat' dir='ltr'><strong>mss.</strong></span> <span class='ocrx_word' id='word_1_37' title='bbox 1267 1761 1413 1833; x_wconf 89' lang='lat' dir='ltr'><strong>Ultraject.</strong></span> <span class='ocrx_word' id='word_1_38' title='bbox 1439 1765 1468 1816; x_wconf 90' lang='lat' dir='ltr'><strong>et</strong></span> <span class='ocrx_word' id='word_1_39' title='bbox 1489 1760 1580 1816; x_wconf 89' lang='lat' dir='ltr'><strong>tribus</strong></span> <span class='ocrx_word' id='word_1_40' title='bbox 1603 1759 1678 1823; x_wconf 74' lang='lat' dir='ltr'><strong>alhs.</strong></span> <span class='ocrx_word' id='word_1_41' title='bbox 1703 1760 1809 1815; x_wconf 88' lang='lat' dir='ltr'><strong>collata</strong></span> <span class='ocrx_word' id='word_1_42' title='bbox 1826 1775 1886 1815; x_wconf 86' lang='lat' dir='ltr'><strong>cnm</strong></span> 
     </span>
     <span class='ocr_line' id='line_1_8' title="bbox 413 1830 1613 1905; baseline -0.005 -14"><span class='ocrx_word' id='word_1_43' title='bbox 413 1835 583 1905; x_wconf 74' lang='lat' dir='ltr'><strong>capgravio,</strong></span> <span class='ocrx_word' id='word_1_44' title='bbox 598 1833 723 1888; x_wconf 73' lang='lat' dir='ltr'>Historia</span> <span class='ocrx_word' id='word_1_45' title='bbox 736 1833 915 1901; x_wconf 90' lang='lat' dir='ltr'><strong>Sanctorum,</strong></span> <span class='ocrx_word' id='word_1_46' title='bbox 930 1838 997 1887; x_wconf 89' lang='lat' dir='ltr'><strong>ante</strong></span> <span class='ocrx_word' id='word_1_47' title='bbox 1011 1849 1101 1888; x_wconf 87' lang='lat' dir='ltr'><strong>annos</strong></span> <span class='ocrx_word' id='word_1_48' title='bbox 1119 1835 1169 1887; x_wconf 78' lang='lat'><strong>175</strong></span> <span class='ocrx_word' id='word_1_49' title='bbox 1185 1848 1287 1887; x_wconf 86' lang='lat' dir='ltr'><strong>excusa</strong></span> <span class='ocrx_word' id='word_1_50' title='bbox 1301 1831 1384 1888; x_wconf 87' lang='lat' dir='ltr'><strong>Surio</strong></span> <span class='ocrx_word' id='word_1_51' title='bbox 1399 1836 1427 1887; x_wconf 88' lang='lat' dir='ltr'><strong>ot</strong></span> <span class='ocrx_word' id='word_1_52' title='bbox 1439 1830 1613 1901; x_wconf 80' lang='lat' dir='ltr'><strong>Breviariis.)</strong></span> 
     </span>
    </p>
   </div>
   <div class='ocr_carea' id='block_1_6' title="bbox 93 2101 1894 4475">
    <p class='ocr_par' dir='ltr' id='par_1_6' title="bbox 418 2101 1886 2170">
     <span class='ocr_line' id='line_1_9' title="bbox 418 2101 1886 2170; baseline 0.002 -11"><span class='ocrx_word' id='word_1_53' title='bbox 418 2104 531 2160; x_wconf 78' lang='lat' dir='ltr'>CAPUT</span> <span class='ocrx_word' id='word_1_54' title='bbox 551 2101 696 2158; x_wconf 74' lang='lat' dir='ltr'><strong>putauit.</strong></span> <span class='ocrx_word' id='word_1_55' title='bbox 766 2156 772 2166; x_wconf 86' lang='grc'><strong><em>,</em></strong></span> <span class='ocrx_word' id='word_1_56' title='bbox 1002 2106 1025 2160; x_wconf 79' lang='grc' dir='ltr'><strong>Δ</strong></span> <span class='ocrx_word' id='word_1_57' title='bbox 1076 2107 1102 2158; x_wconf 77' lang='lat'><strong>2.</strong></span> <span class='ocrx_word' id='word_1_58' title='bbox 1119 2104 1185 2158; x_wconf 86' lang='lat' dir='ltr'><strong>Post</strong></span> <span class='ocrx_word' id='word_1_59' title='bbox 1206 2103 1259 2170; x_wconf 82' lang='lat' dir='ltr'><strong>(tit</strong></span> <span class='ocrx_word' id='word_1_60' title='bbox 1284 2102 1391 2157; x_wconf 91' lang='lat' dir='ltr'><strong>horum</strong></span> <span class='ocrx_word' id='word_1_61' title='bbox 1407 2118 1473 2157; x_wconf 81' lang='lat' dir='ltr'><strong>vcro</strong></span> <span class='ocrx_word' id='word_1_62' title='bbox 1495 2103 1652 2158; x_wconf 73' lang='lat' dir='ltr'><strong>discessum</strong></span> <span class='ocrx_word' id='word_1_63' title='bbox 1676 2120 1760 2159; x_wconf 85' lang='lat' dir='ltr'><strong>soror</strong></span> <span class='ocrx_word' id='word_1_64' title='bbox 1775 2121 1886 2162; x_wconf 90' lang='lat' dir='ltr'><strong>eorum·</strong></span> 
     </span>
    </p>

    <p class='ocr_par' dir='ltr' id='par_1_7' title="bbox 189 2190 1887 2264">
     <span class='ocr_line' id='line_1_10' title="bbox 189 2190 1887 2264; baseline -0.002 -12"><span class='ocrx_word' id='word_1_65' title='bbox 189 2194 314 2253; x_wconf 83' lang='lat' dir='ltr'><strong>GestaS.</strong></span> <span class='ocrx_word' id='word_1_66' title='bbox 334 2194 502 2261; x_wconf 74' lang='lat' dir='ltr'><strong>Wathurpis,</strong></span> <span class='ocrx_word' id='word_1_67' title='bbox 518 2193 617 2257; x_wconf 84' lang='lat' dir='ltr'><strong>editus,</strong></span> <span class='ocrx_word' id='word_1_68' title='bbox 633 2192 752 2261; x_wconf 77' lang='lat' dir='ltr'><strong>emporis</strong></span> <span class='ocrx_word' id='word_1_69' title='bbox 773 2190 929 2245; x_wconf 74' lang='lat' dir='ltr'><strong><em>translatio.</em></strong></span> <span class='ocrx_word' id='word_1_70' title='bbox 1040 2191 1117 2259; x_wconf 89' lang='lat' dir='ltr'><strong>dem,</strong></span> <span class='ocrx_word' id='word_1_71' title='bbox 1138 2192 1225 2247; x_wconf 87' lang='lat' dir='ltr'><strong>totius</strong></span> <span class='ocrx_word' id='word_1_72' title='bbox 1255 2190 1373 2246; x_wconf 85' lang='lat' dir='ltr'><strong>feminei</strong></span> <span class='ocrx_word' id='word_1_73' title='bbox 1404 2206 1486 2245; x_wconf 84' lang='lat' dir='ltr'><strong>sexus</strong></span> <span class='ocrx_word' id='word_1_74' title='bbox 1510 2192 1595 2247; x_wconf 90' lang='lat' dir='ltr'><strong>decus</strong></span> <span class='ocrx_word' id='word_1_75' title='bbox 1621 2197 1688 2264; x_wconf 88' lang='lat' dir='ltr'><strong>post</strong></span> <span class='ocrx_word' id='word_1_76' title='bbox 1710 2193 1737 2248; x_wconf 89' lang='lat' dir='ltr'><strong>S.</strong></span> <span class='ocrx_word' id='word_1_77' title='bbox 1763 2194 1887 2259; x_wconf 72' lang='lat' dir='ltr'><strong>hanam,</strong></span> 
     </span>
    </p>

    <p class='ocr_par' dir='ltr' id='par_1_8' title="bbox 93 2277 1894 4475">
     <span class='ocr_line' id='line_1_11' title="bbox 173 2277 1890 2355; baseline -0.002 -15"><span class='ocrx_word' id='word_1_78' title='bbox 173 2287 196 2340; x_wconf 92' lang='lat' dir='ltr'><strong>l.</strong></span> <span class='ocrx_word' id='word_1_79' title='bbox 215 2285 369 2355; x_wconf 84' lang='lat' dir='ltr'><strong>Postquam</strong></span> <span class='ocrx_word' id='word_1_80' title='bbox 383 2282 440 2336; x_wconf 84' lang='lat' dir='ltr'><strong>Deo</strong></span> <span class='ocrx_word' id='word_1_81' title='bbox 454 2280 539 2335; x_wconf 89' lang='lat' dir='ltr'><strong>chara</strong></span> <span class='ocrx_word' id='word_1_82' title='bbox 550 2280 708 2348; x_wconf 76' lang='lat' dir='ltr'><strong>inglorum</strong></span> <span class='ocrx_word' id='word_1_83' title='bbox 718 2277 797 2332; x_wconf 86' lang='lat' dir='ltr'><strong>natio</strong></span> <span class='ocrx_word' id='word_1_84' title='bbox 812 2293 864 2348; x_wconf 90' lang='lat' dir='ltr'><strong>per</strong></span> <span class='ocrx_word' id='word_1_85' title='bbox 878 2293 985 2332; x_wconf 89' lang='lat' dir='ltr'><strong>memo·</strong></span> <span class='ocrx_word' id='word_1_86' title='bbox 1039 2279 1224 2351; x_wconf 88' lang='lat' dir='ltr'><strong>Watdburga,</strong></span> <span class='ocrx_word' id='word_1_87' title='bbox 1251 2279 1480 2350; x_wconf 86' lang='lat' dir='ltr'><strong>quibuscumque</strong></span> <span class='ocrx_word' id='word_1_88' title='bbox 1503 2281 1598 2352; x_wconf 90' lang='lat' dir='ltr'><strong>potuit</strong></span> <span class='ocrx_word' id='word_1_89' title='bbox 1612 2296 1642 2334; x_wconf 89' lang='lat' dir='ltr'><strong>so</strong></span> <span class='ocrx_word' id='word_1_90' title='bbox 1657 2280 1801 2336; x_wconf 80' lang='lat' dir='ltr'><strong>imitabile</strong></span> <span class='ocrx_word' id='word_1_91' title='bbox 1817 2299 1890 2352; x_wconf 78' lang='lat' dir='ltr'><strong>pras·</strong></span> 
     </span>
     <span class='ocr_line' id='line_1_12' title="bbox 134 2360 1891 2439; baseline -0.001 -16"><span class='ocrx_word' id='word_1_92' title='bbox 134 2366 220 2423; x_wconf 91' lang='lat' dir='ltr'><strong>randi</strong></span> <span class='ocrx_word' id='word_1_93' title='bbox 234 2364 362 2437; x_wconf 81' lang='lat' dir='ltr'><strong>Gregorii</strong></span> <span class='ocrx_word' id='word_1_94' title='bbox 372 2378 455 2434; x_wconf 78' lang='lat' dir='ltr'><strong>papae</strong></span> <span class='ocrx_word' id='word_1_95' title='bbox 467 2363 660 2432; x_wconf 88' lang='lat' dir='ltr'><strong>apostolatum</strong></span> <span class='ocrx_word' id='word_1_96' title='bbox 674 2379 691 2415; x_wconf 91' lang='lat' dir='ltr'><strong>a</strong></span> <span class='ocrx_word' id='word_1_97' title='bbox 706 2360 875 2431; x_wconf 86' lang='lat' dir='ltr'><strong>gentilitatis</strong></span> <span class='ocrx_word' id='word_1_98' title='bbox 888 2376 985 2415; x_wconf 88' lang='lat' dir='ltr'><strong>errore</strong></span> <span class='ocrx_word' id='word_1_99' title='bbox 1039 2368 1110 2423; x_wconf 90' lang='lat' dir='ltr'><strong>bens</strong></span> <span class='ocrx_word' id='word_1_100' title='bbox 1125 2369 1301 2439; x_wconf 85' lang='lat' dir='ltr'><strong>exemptum,</strong></span> <span class='ocrx_word' id='word_1_101' title='bbox 1317 2367 1411 2423; x_wconf 91' lang='lat' dir='ltr'><strong>eidem</strong></span> <span class='ocrx_word' id='word_1_102' title='bbox 1426 2368 1564 2438; x_wconf 88' lang='lat' dir='ltr'><strong>puellaris</strong></span> <span class='ocrx_word' id='word_1_103' title='bbox 1579 2374 1699 2423; x_wconf 79' lang='lat' dir='ltr'><strong>catervae</strong></span> <span class='ocrx_word' id='word_1_104' title='bbox 1714 2371 1891 2425; x_wconf 85' lang='lat' dir='ltr'><strong>monasterio</strong></span> 
     </span>
     <span class='ocr_line' id='line_1_13' title="bbox 136 2448 1892 2526; baseline -0.008 -14"><span class='ocrx_word' id='word_1_105' title='bbox 136 2456 171 2512; x_wconf 89' lang='lat' dir='ltr'><strong>ad</strong></span> <span class='ocrx_word' id='word_1_106' title='bbox 186 2451 410 2510; x_wconf 76' lang='lat' dir='ltr'><strong>Christianitatis</strong></span> <span class='ocrx_word' id='word_1_107' title='bbox 434 2450 584 2505; x_wconf 86' lang='lat' dir='ltr'><strong>veritatem</strong></span> <span class='ocrx_word' id='word_1_108' title='bbox 609 2465 745 2504; x_wconf 90' lang='lat' dir='ltr'><strong>conversa</strong></span> <span class='ocrx_word' id='word_1_109' title='bbox 768 2452 820 2510; x_wconf 87' lang='lat' dir='ltr'><strong>est,</strong></span> <span class='ocrx_word' id='word_1_110' title='bbox 843 2448 927 2503; x_wconf 89' lang='lat' dir='ltr'><strong>multi</strong></span> <span class='ocrx_word' id='word_1_111' title='bbox 949 2449 985 2505; x_wconf 91' lang='lat' dir='ltr'><strong>ob</strong></span> <span class='ocrx_word' id='word_1_112' title='bbox 1038 2455 1069 2511; x_wconf 94' lang='lat' dir='ltr'><strong>in</strong></span> <span class='ocrx_word' id='word_1_113' title='bbox 1085 2455 1203 2526; x_wconf 75' lang='lat' dir='ltr'><strong>praelato</strong></span> <span class='ocrx_word' id='word_1_114' title='bbox 1219 2456 1279 2510; x_wconf 88' lang='lat' dir='ltr'><strong>loco</strong></span> <span class='ocrx_word' id='word_1_115' title='bbox 1295 2455 1481 2526; x_wconf 85' lang='lat' dir='ltr'><strong>lieydenhem</strong></span> <span class='ocrx_word' id='word_1_116' title='bbox 1506 2455 1665 2525; x_wconf 64' lang='lat' dir='ltr'><strong>praestituta</strong></span> <span class='ocrx_word' id='word_1_117' title='bbox 1691 2460 1736 2511; x_wconf 72' lang='lat' dir='ltr'><strong>uit</strong></span> <span class='ocrx_word' id='word_1_118' title='bbox 1757 2457 1892 2512; x_wconf 61' lang='lat' dir='ltr'><strong>mutuum.</strong></span> 
     </span>
     <span class='ocr_line' id='line_1_14' title="bbox 136 2536 1893 2618; baseline -0.007 -18"><span class='ocrx_word' id='word_1_119' title='bbox 136 2542 256 2600; x_wconf 87' lang='lat' dir='ltr'><strong>coelestis</strong></span> <span class='ocrx_word' id='word_1_120' title='bbox 269 2541 331 2613; x_wconf 89' lang='lat' dir='ltr'><strong>spei</strong></span> <span class='ocrx_word' id='word_1_121' title='bbox 345 2539 607 2596; x_wconf 79' lang='lat' dir='ltr'><strong>remunerationem</strong></span> <span class='ocrx_word' id='word_1_122' title='bbox 618 2553 650 2592; x_wconf 86' lang='lat' dir='ltr'><strong>ei</strong></span> <span class='ocrx_word' id='word_1_123' title='bbox 664 2551 764 2592; x_wconf 89' lang='lat' dir='ltr'><strong>eorum</strong></span> <span class='ocrx_word' id='word_1_124' title='bbox 776 2551 898 2590; x_wconf 89' lang='lat' dir='ltr'><strong>numero</strong></span> <span class='ocrx_word' id='word_1_125' title='bbox 910 2536 986 2588; x_wconf 90' lang='lat' dir='ltr'><strong>ultra</strong></span> <span class='ocrx_word' id='word_1_126' title='bbox 1040 2544 1144 2612; x_wconf 68' lang='lat' dir='ltr'><strong>millai,</strong></span> <span class='ocrx_word' id='word_1_127' title='bbox 1161 2545 1196 2600; x_wconf 77' lang='lat' dir='ltr'><strong>nu</strong></span> <span class='ocrx_word' id='word_1_128' title='bbox 1208 2544 1306 2600; x_wconf 82' lang='lat' dir='ltr'><strong>nmnln</strong></span> <span class='ocrx_word' id='word_1_129' title='bbox 1318 2561 1382 2615; x_wconf 71' lang='lat' dir='ltr'><strong>qun,</strong></span> <span class='ocrx_word' id='word_1_130' title='bbox 1398 2561 1414 2598; x_wconf 76' lang='lat' dir='ltr'><strong>n</strong></span> <span class='ocrx_word' id='word_1_131' title='bbox 1431 2544 1542 2600; x_wconf 63' lang='lat' dir='ltr'><strong>christu</strong></span> <span class='ocrx_word' id='word_1_132' title='bbox 1557 2551 1689 2616; x_wconf 66' lang='lat' dir='ltr'><strong>posinunt</strong></span> <span class='ocrx_word' id='word_1_133' title='bbox 1700 2562 1819 2618; x_wconf 57' lang='lat' dir='ltr'><strong>simper</strong></span> <span class='ocrx_word' id='word_1_134' title='bbox 1832 2547 1893 2601; x_wconf 63' lang='lat' dir='ltr'><strong>iffi.</strong></span> 
     </span>
     <span class='ocr_line' id='line_1_15' title="bbox 135 2625 1894 2705; baseline 0.002 -19"><span class='ocrx_word' id='word_1_135' title='bbox 135 2632 311 2689; x_wconf 81' lang='lat' dir='ltr'><strong>maritimam</strong></span> <span class='ocrx_word' id='word_1_136' title='bbox 324 2628 447 2702; x_wconf 87' lang='lat' dir='ltr'><strong>patriam</strong></span> <span class='ocrx_word' id='word_1_137' title='bbox 464 2644 554 2700; x_wconf 79' lang='lat' dir='ltr'><strong>usque</strong></span> <span class='ocrx_word' id='word_1_138' title='bbox 570 2627 605 2681; x_wconf 78' lang='lat' dir='ltr'><strong>ad</strong></span> <span class='ocrx_word' id='word_1_139' title='bbox 620 2625 676 2697; x_wconf 81' lang='grc'>(36)</span> <span class='ocrx_word' id='word_1_140' title='bbox 694 2627 868 2681; x_wconf 63' lang='lat' dir='ltr'><strong>Francorum</strong></span> <span class='ocrx_word' id='word_1_141' title='bbox 883 2639 984 2694; x_wconf 68' lang='lat' dir='ltr'><strong>perle-</strong></span> <span class='ocrx_word' id='word_1_142' title='bbox 1039 2633 1195 2688; x_wconf 83' lang='lat' dir='ltr'><strong>cecissima.</strong></span> <span class='ocrx_word' id='word_1_143' title='bbox 1214 2633 1339 2705; x_wconf 85' lang='lat' dir='ltr'><strong>Contigit</strong></span> <span class='ocrx_word' id='word_1_144' title='bbox 1353 2632 1459 2689; x_wconf 82' lang='lat' dir='ltr'><strong>ibidem</strong></span> <span class='ocrx_word' id='word_1_145' title='bbox 1472 2633 1619 2705; x_wconf 88' lang='lat' dir='ltr'><strong>quondam</strong></span> <span class='ocrx_word' id='word_1_146' title='bbox 1639 2635 1807 2704; x_wconf 87' lang='lat' dir='ltr'><strong>vespertina</strong></span> <span class='ocrx_word' id='word_1_147' title='bbox 1822 2635 1894 2690; x_wconf 88' lang='lat' dir='ltr'><strong>hora</strong></span> 
     </span>
     <span class='ocr_line' id='line_1_16' title="bbox 93 2713 1893 2794; baseline -0.002 -13"><span class='ocrx_word' id='word_1_148' title='bbox 93 2744 96 2749; x_wconf 69' lang='grc'>’</span> <span class='ocrx_word' id='word_1_149' title='bbox 134 2719 419 2791; x_wconf 79' lang='lat' dir='ltr'><strong>nerunlimperium·</strong></span> <span class='ocrx_word' id='word_1_150' title='bbox 435 2718 473 2771; x_wconf 68' lang='lat' dir='ltr'><strong>Ex</strong></span> <span class='ocrx_word' id='word_1_151' title='bbox 490 2713 985 2788; x_wconf 67' lang='lat' dir='ltr'><strong>quibusB⁰flif³0ffl³⁵⁸¹¹⁰lu³id⁰ffl</strong></span> <span class='ocrx_word' id='word_1_152' title='bbox 1039 2728 1165 2794; x_wconf 88' lang='lat' dir='ltr'><strong>peracta,</strong></span> <span class='ocrx_word' id='word_1_153' title='bbox 1195 2727 1354 2778; x_wconf 86' lang='lat' dir='ltr'><strong>revertente</strong></span> <span class='ocrx_word' id='word_1_154' title='bbox 1378 2721 1430 2776; x_wconf 88' lang='lat' dir='ltr'><strong>hac</strong></span> <span class='ocrx_word' id='word_1_155' title='bbox 1456 2722 1519 2793; x_wconf 87' lang='lat' dir='ltr'><strong>ipsa</strong></span> <span class='ocrx_word' id='word_1_156' title='bbox 1541 2722 1577 2777; x_wconf 93' lang='lat' dir='ltr'><strong>de</strong></span> <span class='ocrx_word' id='word_1_157' title='bbox 1602 2721 1721 2777; x_wconf 89' lang='lat' dir='ltr'><strong>ecclesia</strong></span> <span class='ocrx_word' id='word_1_158' title='bbox 1747 2724 1785 2778; x_wconf 92' lang='lat' dir='ltr'><strong>ad</strong></span> <span class='ocrx_word' id='word_1_159' title='bbox 1809 2741 1893 2780; x_wconf 89' lang='lat' dir='ltr'><strong>suuni</strong></span> 
     </span>
     <span class='ocr_line' id='line_1_17' title="bbox 135 2799 1891 2884; baseline 0.001 -21"><span class='ocrx_word' id='word_1_160' title='bbox 135 2809 190 2884; x_wconf 83' lang='grc'>(37)</span> <span class='ocrx_word' id='word_1_161' title='bbox 206 2811 262 2865; x_wconf 91' lang='lat' dir='ltr'><strong>huc</strong></span> <span class='ocrx_word' id='word_1_162' title='bbox 277 2808 308 2863; x_wconf 93' lang='lat' dir='ltr'><strong>in</strong></span> <span class='ocrx_word' id='word_1_163' title='bbox 320 2806 504 2878; x_wconf 76' lang='lat' dir='ltr'><strong>peregrinatu</strong></span> <span class='ocrx_word' id='word_1_164' title='bbox 520 2803 696 2876; x_wconf 72' lang='lat' dir='ltr'><strong>pervenisset</strong></span> <span class='ocrx_word' id='word_1_165' title='bbox 710 2800 887 2873; x_wconf 75' lang='lat' dir='ltr'><strong>pr0vinci³m</strong></span> <span class='ocrx_word' id='word_1_166' title='bbox 903 2799 986 2872; x_wconf 66' lang='lat' dir='ltr'><strong>quasi</strong></span> <span class='ocrx_word' id='word_1_167' title='bbox 1039 2810 1246 2878; x_wconf 90' lang='lat' dir='ltr'><strong>habitaculum,</strong></span> <span class='ocrx_word' id='word_1_168' title='bbox 1263 2812 1294 2864; x_wconf 90' lang='lat' dir='ltr'><strong>ut</strong></span> <span class='ocrx_word' id='word_1_169' title='bbox 1310 2809 1428 2882; x_wconf 85' lang='lat' dir='ltr'><strong>quidam</strong></span> <span class='ocrx_word' id='word_1_170' title='bbox 1444 2808 1568 2864; x_wconf 76' lang='lat' dir='ltr'><strong>ecclesiis</strong></span> <span class='ocrx_word' id='word_1_171' title='bbox 1578 2810 1707 2880; x_wconf 90' lang='lat' dir='ltr'><strong>ejusdem</strong></span> <span class='ocrx_word' id='word_1_172' title='bbox 1721 2816 1818 2866; x_wconf 86' lang='lat' dir='ltr'><strong>custos</strong></span> <span class='ocrx_word' id='word_1_173' title='bbox 1828 2813 1891 2883; x_wconf 74' lang='lat' dir='ltr'><strong>itti,</strong></span> 
     </span>
     <span class='ocr_line' id='line_1_18' title="bbox 126 2888 1892 2969; baseline -0.005 -5"><span class='ocrx_word' id='word_1_174' title='bbox 126 2899 261 2964; x_wconf 54' lang='lat' dir='ltr'><strong>balivam</strong></span> <span class='ocrx_word' id='word_1_175' title='bbox 275 2896 395 2968; x_wconf 60' lang='grc' dir='ltr'><strong>θᾶθρῑΰθ</strong></span> <span class='ocrx_word' id='word_1_176' title='bbox 410 2899 454 2951; x_wconf 63' lang='lat' dir='ltr'><strong>esi</strong></span> <span class='ocrx_word' id='word_1_177' title='bbox 465 2893 521 2950; x_wconf 72' lang='lat' dir='ltr'><strong>Sibi</strong></span> <span class='ocrx_word' id='word_1_178' title='bbox 535 2892 670 2965; x_wconf 64' lang='lat' dir='ltr'><strong>patrimi</strong></span> <span class='ocrx_word' id='word_1_179' title='bbox 682 2892 751 2947; x_wconf 71' lang='lat' dir='ltr'><strong>dum</strong></span> <span class='ocrx_word' id='word_1_180' title='bbox 763 2888 987 2961; x_wconf 79' lang='lat' dir='ltr'><strong>leetuoganiia-</strong></span> <span class='ocrx_word' id='word_1_181' title='bbox 1040 2897 1257 2952; x_wconf 87' lang='lat' dir='ltr'><strong>Gnomerandus</strong></span> <span class='ocrx_word' id='word_1_182' title='bbox 1272 2897 1400 2964; x_wconf 91' lang='lat' dir='ltr'><strong>nomine,</strong></span> <span class='ocrx_word' id='word_1_183' title='bbox 1420 2897 1623 2969; x_wconf 76' lang='lat' dir='ltr'><strong>ingruentibus</strong></span> <span class='ocrx_word' id='word_1_184' title='bbox 1647 2899 1741 2953; x_wconf 90' lang='lat' dir='ltr'><strong>noctis</strong></span> <span class='ocrx_word' id='word_1_185' title='bbox 1767 2901 1892 2955; x_wconf 89' lang='lat' dir='ltr'><strong>tenebris</strong></span> 
     </span>
     <span class='ocr_line' id='line_1_19' title="bbox 135 2977 1892 3059; baseline 0 -16"><span class='ocrx_word' id='word_1_186' title='bbox 135 2987 226 3044; x_wconf 86' lang='lat' dir='ltr'><strong>censis</strong></span> <span class='ocrx_word' id='word_1_187' title='bbox 246 2986 415 3059; x_wconf 76' lang='lat' dir='ltr'><strong>praesulatus</strong></span> <span class='ocrx_word' id='word_1_188' title='bbox 431 2982 467 3038; x_wconf 95' lang='lat' dir='ltr'><strong>ob</strong></span> <span class='ocrx_word' id='word_1_189' title='bbox 482 2999 533 3037; x_wconf 92' lang='lat' dir='ltr'><strong>sua</strong></span> <span class='ocrx_word' id='word_1_190' title='bbox 558 2981 662 3036; x_wconf 90' lang='lat' dir='ltr'><strong>merita</strong></span> <span class='ocrx_word' id='word_1_191' title='bbox 683 2981 803 3050; x_wconf 89' lang='lat' dir='ltr'><strong>adeptus</strong></span> <span class='ocrx_word' id='word_1_192' title='bbox 825 2983 868 3032; x_wconf 87' lang='lat' dir='ltr'><strong>est</strong></span> <span class='ocrx_word' id='word_1_193' title='bbox 888 2977 984 3032; x_wconf 89' lang='lat' dir='ltr'><strong>cathe-</strong></span> <span class='ocrx_word' id='word_1_194' title='bbox 1039 2984 1148 3056; x_wconf 71' lang='lat' dir='ltr'><strong>petenti</strong></span> <span class='ocrx_word' id='word_1_195' title='bbox 1165 2984 1328 3057; x_wconf 81' lang='lat' dir='ltr'><strong>Watbuigro</strong></span> <span class='ocrx_word' id='word_1_196' title='bbox 1343 2985 1508 3040; x_wconf 91' lang='lat' dir='ltr'><strong>lumensibi</strong></span> <span class='ocrx_word' id='word_1_197' title='bbox 1523 2985 1662 3058; x_wconf 77' lang='lat' dir='ltr'><strong>praevium</strong></span> <span class='ocrx_word' id='word_1_198' title='bbox 1678 2987 1788 3042; x_wconf 90' lang='lat' dir='ltr'><strong>stultus</strong></span> <span class='ocrx_word' id='word_1_199' title='bbox 1803 2988 1892 3042; x_wconf 89' lang='lat' dir='ltr'><strong>dene-</strong></span> 
     </span>
     <span class='ocr_line' id='line_1_20' title="bbox 136 3067 1891 3146; baseline -0.007 -14"><span class='ocrx_word' id='word_1_200' title='bbox 136 3077 227 3132; x_wconf 91' lang='lat' dir='ltr'><strong>dram.</strong></span> <span class='ocrx_word' id='word_1_201' title='bbox 245 3067 985 3145; x_wconf 72' lang='lat' dir='ltr'><strong>Exejusdemquoquo(39ibngliensisinsuloesilva</strong></span> <span class='ocrx_word' id='word_1_202' title='bbox 1040 3078 1130 3144; x_wconf 71' lang='lat' dir='ltr'><strong>giret,</strong></span> <span class='ocrx_word' id='word_1_203' title='bbox 1161 3073 1204 3128; x_wconf 76' lang='lat' dir='ltr'><strong>Ad</strong></span> <span class='ocrx_word' id='word_1_204' title='bbox 1231 3089 1317 3146; x_wconf 85' lang='lat' dir='ltr'><strong>quum</strong></span> <span class='ocrx_word' id='word_1_205' title='bbox 1342 3072 1479 3144; x_wconf 77' lang='lat' dir='ltr'><strong>injunium</strong></span> <span class='ocrx_word' id='word_1_206' title='bbox 1508 3073 1735 3145; x_wconf 68' lang='lat' dir='ltr'><strong>insuperabilem</strong></span> <span class='ocrx_word' id='word_1_207' title='bbox 1766 3077 1891 3131; x_wconf 69' lang='lat' dir='ltr'><strong>inlinens</strong></span> 
     </span>
     <span class='ocr_line' id='line_1_21' title="bbox 134 3154 1890 3238; baseline -0.006 -19"><span class='ocrx_word' id='word_1_208' title='bbox 134 3168 330 3238; x_wconf 88' lang='lat' dir='ltr'><strong>proruperunt</strong></span> <span class='ocrx_word' id='word_1_209' title='bbox 344 3157 783 3214; x_wconf 84' lang='lat' dir='ltr'><strong>hucadnostraslacundissiiuae</strong></span> <span class='ocrx_word' id='word_1_210' title='bbox 794 3154 985 3214; x_wconf 88' lang='lat' dir='ltr'><strong>arbores,duo</strong></span> <span class='ocrx_word' id='word_1_211' title='bbox 1039 3162 1218 3233; x_wconf 75' lang='lat' dir='ltr'><strong>patientiam,</strong></span> <span class='ocrx_word' id='word_1_212' title='bbox 1239 3167 1349 3228; x_wconf 63' lang='lat' dir='ltr'><strong>cunuti</strong></span> <span class='ocrx_word' id='word_1_213' title='bbox 1367 3162 1630 3218; x_wconf 72' lang='lat' dir='ltr'><strong>sanctimonialium</strong></span> <span class='ocrx_word' id='word_1_214' title='bbox 1653 3166 1811 3234; x_wconf 67' lang='lat' dir='ltr'><strong>nutnmutn,</strong></span> <span class='ocrx_word' id='word_1_215' title='bbox 1827 3181 1890 3236; x_wconf 72' lang='lat' dir='ltr'><strong>per.</strong></span> 
     </span>
     <span class='ocr_line' id='line_1_22' title="bbox 135 3242 1889 3322; baseline -0.007 -15"><span class='ocrx_word' id='word_1_216' title='bbox 135 3251 266 3307; x_wconf 65' lang='lat' dir='ltr'><strong>Videlicet</strong></span> <span class='ocrx_word' id='word_1_217' title='bbox 286 3247 393 3303; x_wconf 87' lang='lat' dir='ltr'><strong>uteriui</strong></span> <span class='ocrx_word' id='word_1_218' title='bbox 416 3246 520 3301; x_wconf 72' lang='lat' dir='ltr'><strong>fraires</strong></span> <span class='ocrx_word' id='word_1_219' title='bbox 536 3244 715 3298; x_wconf 74' lang='lat' dir='ltr'><strong>williboldus</strong></span> <span class='ocrx_word' id='word_1_220' title='bbox 730 3248 759 3297; x_wconf 75' lang='lat' dir='ltr'><strong>vl</strong></span> <span class='ocrx_word' id='word_1_221' title='bbox 774 3242 985 3309; x_wconf 77' lang='lat' dir='ltr'><strong>winniboldus,</strong></span> <span class='ocrx_word' id='word_1_222' title='bbox 1039 3251 1167 3322; x_wconf 74' lang='lat' dir='ltr'><strong>actisque</strong></span> <span class='ocrx_word' id='word_1_223' title='bbox 1183 3250 1288 3306; x_wconf 75' lang='lat' dir='ltr'><strong>divinis</strong></span> <span class='ocrx_word' id='word_1_224' title='bbox 1308 3251 1451 3318; x_wconf 66' lang='lat' dir='ltr'><strong>laudibus,</strong></span> <span class='ocrx_word' id='word_1_225' title='bbox 1479 3251 1682 3307; x_wconf 75' lang='lat' dir='ltr'><strong>dormitorium</strong></span> <span class='ocrx_word' id='word_1_226' title='bbox 1705 3253 1790 3308; x_wconf 69' lang='lat' dir='ltr'><strong>adiit,</strong></span> <span class='ocrx_word' id='word_1_227' title='bbox 1814 3254 1889 3308; x_wconf 70' lang='lat' dir='ltr'><strong>Tune</strong></span> 
     </span>
     <span class='ocr_line' id='line_1_23' title="bbox 135 3330 1887 3413; baseline 0.001 -19"><span class='ocrx_word' id='word_1_228' title='bbox 135 3355 202 3395; x_wconf 92' lang='lat' dir='ltr'><strong>cum</strong></span> <span class='ocrx_word' id='word_1_229' title='bbox 217 3339 275 3393; x_wconf 85' lang='lat' dir='ltr'><strong>ilco</strong></span> <span class='ocrx_word' id='word_1_230' title='bbox 291 3341 318 3391; x_wconf 91' lang='lat' dir='ltr'><strong>et</strong></span> <span class='ocrx_word' id='word_1_231' title='bbox 332 3334 499 3391; x_wconf 86' lang='lat' dir='ltr'><strong>horninibus</strong></span> <span class='ocrx_word' id='word_1_232' title='bbox 512 3349 611 3387; x_wconf 88' lang='lat' dir='ltr'><strong>sorore</strong></span> <span class='ocrx_word' id='word_1_233' title='bbox 630 3331 797 3386; x_wconf 79' lang='lat' dir='ltr'><strong>charissima</strong></span> <span class='ocrx_word' id='word_1_234' title='bbox 812 3330 982 3401; x_wconf 77' lang='lat' dir='ltr'><strong>walburga:</strong></span> <span class='ocrx_word' id='word_1_235' title='bbox 1040 3355 1106 3394; x_wconf 74' lang='lat' dir='ltr'><strong>mon</strong></span> <span class='ocrx_word' id='word_1_236' title='bbox 1118 3340 1225 3394; x_wconf 78' lang='lat' dir='ltr'><strong>mirum</strong></span> <span class='ocrx_word' id='word_1_237' title='bbox 1239 3340 1269 3392; x_wconf 89' lang='lat' dir='ltr'><strong>in</strong></span> <span class='ocrx_word' id='word_1_238' title='bbox 1282 3339 1399 3394; x_wconf 85' lang='lat' dir='ltr'><strong>modum</strong></span> <span class='ocrx_word' id='word_1_239' title='bbox 1410 3338 1517 3394; x_wconf 83' lang='lat' dir='ltr'><strong>ibidem</strong></span> <span class='ocrx_word' id='word_1_240' title='bbox 1534 3345 1613 3393; x_wconf 87' lang='lat' dir='ltr'><strong>tanta</strong></span> <span class='ocrx_word' id='word_1_241' title='bbox 1630 3340 1751 3395; x_wconf 92' lang='lat' dir='ltr'><strong>luminis</strong></span> <span class='ocrx_word' id='word_1_242' title='bbox 1767 3341 1887 3413; x_wconf 85' lang='lat' dir='ltr'><strong>flagran-</strong></span> 
     </span>
     <span class='ocr_line' id='line_1_24' title="bbox 135 3419 1885 3502; baseline -0.007 -19"><span class='ocrx_word' id='word_1_243' title='bbox 135 3443 260 3502; x_wconf 90' lang='lat' dir='ltr'><strong>quorum</strong></span> <span class='ocrx_word' id='word_1_244' title='bbox 284 3425 373 3498; x_wconf 91' lang='lat' dir='ltr'><strong>prior,</strong></span> <span class='ocrx_word' id='word_1_245' title='bbox 390 3421 569 3478; x_wconf 89' lang='lat' dir='ltr'><strong>Williholdus</strong></span> <span class='ocrx_word' id='word_1_246' title='bbox 593 3420 712 3490; x_wconf 86' lang='lat' dir='ltr'><strong>scilicet,</strong></span> <span class='ocrx_word' id='word_1_247' title='bbox 728 3419 879 3475; x_wconf 84' lang='lat' dir='ltr'><strong>ordinante</strong></span> <span class='ocrx_word' id='word_1_248' title='bbox 901 3419 983 3474; x_wconf 91' lang='lat' dir='ltr'><strong>illum</strong></span> <span class='ocrx_word' id='word_1_249' title='bbox 1040 3428 1080 3483; x_wconf 81' lang='lat' dir='ltr'><strong>tiu</strong></span> <span class='ocrx_word' id='word_1_250' title='bbox 1095 3427 1208 3491; x_wconf 78' lang='lat' dir='ltr'><strong>enituit,</strong></span> <span class='ocrx_word' id='word_1_251' title='bbox 1225 3434 1257 3482; x_wconf 85' lang='lat' dir='ltr'><strong>nt</strong></span> <span class='ocrx_word' id='word_1_252' title='bbox 1272 3427 1400 3498; x_wconf 69' lang='lat' dir='ltr'><strong>ejusdum</strong></span> <span class='ocrx_word' id='word_1_253' title='bbox 1422 3427 1561 3483; x_wconf 70' lang='lat' dir='ltr'><strong>domicilii</strong></span> <span class='ocrx_word' id='word_1_254' title='bbox 1580 3427 1779 3498; x_wconf 63' lang='lat' dir='ltr'><strong>pavimentum</strong></span> <span class='ocrx_word' id='word_1_255' title='bbox 1803 3446 1885 3500; x_wconf 61' lang='lat' dir='ltr'><strong>pene.</strong></span> 
     </span>
     <span class='ocr_line' id='line_1_25' title="bbox 135 3509 1887 3591; baseline -0.001 -19"><span class='ocrx_word' id='word_1_256' title='bbox 135 3516 303 3591; x_wconf 77' lang='lat' dir='ltr'><strong>praescripto</strong></span> <span class='ocrx_word' id='word_1_257' title='bbox 321 3511 475 3581; x_wconf 88' lang='lat' dir='ltr'><strong>Bonilacio,</strong></span> <span class='ocrx_word' id='word_1_258' title='bbox 496 3510 533 3566; x_wconf 90' lang='lat' dir='ltr'><strong>ad</strong></span> <span class='ocrx_word' id='word_1_259' title='bbox 556 3509 747 3581; x_wconf 86' lang='lat' dir='ltr'><strong>ilaystateusis</strong></span> <span class='ocrx_word' id='word_1_260' title='bbox 769 3509 898 3564; x_wconf 80' lang='lat' dir='ltr'><strong>Ecclesiae</strong></span> <span class='ocrx_word' id='word_1_261' title='bbox 915 3524 980 3580; x_wconf 92' lang='lat' dir='ltr'><strong>pro·</strong></span> <span class='ocrx_word' id='word_1_262' title='bbox 1040 3520 1116 3570; x_wconf 72' lang='lat' dir='ltr'><strong>liure</strong></span> <span class='ocrx_word' id='word_1_263' title='bbox 1131 3515 1286 3582; x_wconf 83' lang='lat' dir='ltr'><strong>videretur,</strong></span> <span class='ocrx_word' id='word_1_264' title='bbox 1303 3515 1385 3570; x_wconf 88' lang='lat' dir='ltr'><strong>etsie</strong></span> <span class='ocrx_word' id='word_1_265' title='bbox 1401 3531 1493 3587; x_wconf 89' lang='lat' dir='ltr'><strong>usque</strong></span> <span class='ocrx_word' id='word_1_266' title='bbox 1518 3516 1554 3571; x_wconf 91' lang='lat' dir='ltr'><strong>ad</strong></span> <span class='ocrx_word' id='word_1_267' title='bbox 1576 3516 1720 3571; x_wconf 89' lang='lat' dir='ltr'><strong>matutina</strong></span> <span class='ocrx_word' id='word_1_268' title='bbox 1733 3519 1887 3587; x_wconf 85' lang='lat' dir='ltr'><strong>permansit</strong></span> 
     </span>
     <span class='ocr_line' id='line_1_26' title="bbox 135 3597 1885 3676; baseline -0.001 -14"><span class='ocrx_word' id='word_1_269' title='bbox 135 3613 230 3662; x_wconf 90' lang='lat' dir='ltr'><strong>motus</strong></span> <span class='ocrx_word' id='word_1_270' title='bbox 246 3600 483 3675; x_wconf 88' lang='lat' dir='ltr'><strong>estpoatiticium</strong></span> <span class='ocrx_word' id='word_1_271' title='bbox 499 3616 507 3655; x_wconf 70' lang='grc' dir='ltr'>ι</span> <span class='ocrx_word' id='word_1_272' title='bbox 523 3599 622 3671; x_wconf 87' lang='lat' dir='ltr'><strong>ibique</strong></span> <span class='ocrx_word' id='word_1_273' title='bbox 637 3597 796 3668; x_wconf 80' lang='lat' dir='ltr'><strong>angelicam</strong></span> <span class='ocrx_word' id='word_1_274' title='bbox 817 3597 984 3669; x_wconf 89' lang='lat' dir='ltr'><strong>vitamper-</strong></span> <span class='ocrx_word' id='word_1_275' title='bbox 1039 3604 1191 3676; x_wconf 66' lang='lat' dir='ltr'><strong>praeconia.</strong></span> <span class='ocrx_word' id='word_1_276' title='bbox 1221 3604 1409 3675; x_wconf 82' lang='lat' dir='ltr'><strong>Stupentibus</strong></span> <span class='ocrx_word' id='word_1_277' title='bbox 1427 3603 1495 3659; x_wconf 91' lang='lat' dir='ltr'><strong>hine</strong></span> <span class='ocrx_word' id='word_1_278' title='bbox 1518 3604 1654 3661; x_wconf 90' lang='lat' dir='ltr'><strong>omuibus</strong></span> <span class='ocrx_word' id='word_1_279' title='bbox 1688 3606 1747 3661; x_wconf 86' lang='lat' dir='ltr'><strong>Deo</strong></span> <span class='ocrx_word' id='word_1_280' title='bbox 1774 3607 1885 3661; x_wconf 88' lang='lat' dir='ltr'><strong>sacratis</strong></span> 
     </span>
     <span class='ocr_line' id='line_1_27' title="bbox 135 3686 1885 3763; baseline -0.003 -11"><span class='ocrx_word' id='word_1_281' title='bbox 135 3697 251 3763; x_wconf 88' lang='lat' dir='ltr'><strong>ducens,</strong></span> <span class='ocrx_word' id='word_1_282' title='bbox 276 3692 395 3748; x_wconf 70' lang='lat' dir='ltr'><strong>medem</strong></span> <span class='ocrx_word' id='word_1_283' title='bbox 418 3688 581 3745; x_wconf 82' lang='lat' dir='ltr'><strong>beatissime</strong></span> <span class='ocrx_word' id='word_1_284' title='bbox 605 3688 686 3755; x_wconf 88' lang='lat' dir='ltr'><strong>abiit,</strong></span> <span class='ocrx_word' id='word_1_285' title='bbox 711 3702 769 3741; x_wconf 92' lang='lat' dir='ltr'><strong>non</strong></span> <span class='ocrx_word' id='word_1_286' title='bbox 796 3686 878 3742; x_wconf 89' lang='lat' dir='ltr'><strong>obiit.</strong></span> <span class='ocrx_word' id='word_1_287' title='bbox 905 3686 985 3740; x_wconf 80' lang='lat' dir='ltr'><strong>Alter</strong></span> <span class='ocrx_word' id='word_1_288' title='bbox 1039 3691 1250 3763; x_wconf 86' lang='lat' dir='ltr'><strong>virginibus,et</strong></span> <span class='ocrx_word' id='word_1_289' title='bbox 1261 3691 1470 3746; x_wconf 87' lang='lat' dir='ltr'><strong>exsultantibus</strong></span> <span class='ocrx_word' id='word_1_290' title='bbox 1484 3692 1520 3747; x_wconf 90' lang='lat' dir='ltr'><strong>ad</strong></span> <span class='ocrx_word' id='word_1_291' title='bbox 1535 3692 1765 3763; x_wconf 80' lang='lat' dir='ltr'><strong>religiosissimae</strong></span> <span class='ocrx_word' id='word_1_292' title='bbox 1780 3694 1885 3749; x_wconf 75' lang='lat' dir='ltr'><strong>matris</strong></span> 
     </span>
     <span class='ocr_line' id='line_1_28' title="bbox 134 3773 1885 3848; baseline -0.002 -9"><span class='ocrx_word' id='word_1_293' title='bbox 134 3801 201 3842; x_wconf 87' lang='lat' dir='ltr'><strong>vero</strong></span> <span class='ocrx_word' id='word_1_294' title='bbox 216 3788 308 3838; x_wconf 89' lang='lat' dir='ltr'><strong>totum</strong></span> <span class='ocrx_word' id='word_1_295' title='bbox 326 3797 355 3835; x_wconf 79' lang='lat' dir='ltr'><strong>so</strong></span> <span class='ocrx_word' id='word_1_296' title='bbox 370 3777 476 3835; x_wconf 71' lang='lat' dir='ltr'><strong>Christi</strong></span> <span class='ocrx_word' id='word_1_297' title='bbox 491 3775 605 3832; x_wconf 70' lang='lat' dir='ltr'><strong>terviliO</strong></span> <span class='ocrx_word' id='word_1_298' title='bbox 628 3775 807 3845; x_wconf 63' lang='lat' dir='ltr'><strong>mancipans,</strong></span> <span class='ocrx_word' id='word_1_299' title='bbox 822 3773 984 3828; x_wconf 66' lang='lat' dir='ltr'><strong>mundanti·</strong></span> <span class='ocrx_word' id='word_1_300' title='bbox 1039 3780 1160 3834; x_wconf 91' lang='lat' dir='ltr'><strong>lamilies</strong></span> <span class='ocrx_word' id='word_1_301' title='bbox 1192 3780 1327 3835; x_wconf 90' lang='lat' dir='ltr'><strong>lectulum</strong></span> <span class='ocrx_word' id='word_1_302' title='bbox 1360 3779 1605 3847; x_wconf 81' lang='lat' dir='ltr'><strong>concurrentibus,</strong></span> <span class='ocrx_word' id='word_1_303' title='bbox 1635 3781 1740 3848; x_wconf 77' lang='lat' dir='ltr'><strong>illique</strong></span> <span class='ocrx_word' id='word_1_304' title='bbox 1771 3782 1885 3838; x_wconf 77' lang='lat' dir='ltr'><strong>ccelestis</strong></span> 
     </span>
     <span class='ocr_line' id='line_1_29' title="bbox 134 3860 1883 3948; baseline 0.002 -25"><span class='ocrx_word' id='word_1_305' title='bbox 134 3890 192 3948; x_wconf 79' lang='lat' dir='ltr'><strong>que</strong></span> <span class='ocrx_word' id='word_1_306' title='bbox 220 3870 320 3928; x_wconf 88' lang='lat' dir='ltr'><strong>omnia</strong></span> <span class='ocrx_word' id='word_1_307' title='bbox 347 3867 477 3925; x_wconf 84' lang='lat' dir='ltr'><strong>tunditis</strong></span> <span class='ocrx_word' id='word_1_308' title='bbox 503 3880 652 3937; x_wconf 84' lang='lat' dir='ltr'><strong>respuens,</strong></span> <span class='ocrx_word' id='word_1_309' title='bbox 679 3866 784 3931; x_wconf 81' lang='lat' dir='ltr'><strong>locum,</strong></span> <span class='ocrx_word' id='word_1_310' title='bbox 806 3862 856 3934; x_wconf 83' lang='lat' dir='ltr'><strong>qui</strong></span> <span class='ocrx_word' id='word_1_311' title='bbox 881 3860 985 3916; x_wconf 73' lang='lat' dir='ltr'><strong>divitur</strong></span> <span class='ocrx_word' id='word_1_312' title='bbox 1039 3867 1159 3940; x_wconf 87' lang='lat' dir='ltr'><strong>fulgoris</strong></span> <span class='ocrx_word' id='word_1_313' title='bbox 1181 3868 1406 3925; x_wconf 85' lang='lat' dir='ltr'><strong>immensitatem</strong></span> <span class='ocrx_word' id='word_1_314' title='bbox 1434 3867 1658 3936; x_wconf 85' lang='lat' dir='ltr'><strong>insinuantibus,</strong></span> <span class='ocrx_word' id='word_1_315' title='bbox 1682 3870 1732 3924; x_wconf 93' lang='lat' dir='ltr'><strong>illa</strong></span> <span class='ocrx_word' id='word_1_316' title='bbox 1755 3887 1883 3943; x_wconf 90' lang='lat' dir='ltr'><strong>prorum·</strong></span> 
     </span>
     <span class='ocr_line' id='line_1_30' title="bbox 135 3950 1883 4036; baseline -0.011 -17"><span class='ocrx_word' id='word_1_317' title='bbox 135 3961 332 4036; x_wconf 87' lang='lat' dir='ltr'><strong>lleydanbem,</strong></span> <span class='ocrx_word' id='word_1_318' title='bbox 347 3957 401 4013; x_wconf 93' lang='lat' dir='ltr'><strong>sihi</strong></span> <span class='ocrx_word' id='word_1_319' title='bbox 415 3956 451 4011; x_wconf 92' lang='lat' dir='ltr'><strong>ad</strong></span> <span class='ocrx_word' id='word_1_320' title='bbox 466 3954 649 4009; x_wconf 89' lang='lat' dir='ltr'><strong>incolendum</strong></span> <span class='ocrx_word' id='word_1_321' title='bbox 664 3951 760 4023; x_wconf 84' lang='lat' dir='ltr'><strong>elegit.</strong></span> <span class='ocrx_word' id='word_1_322' title='bbox 778 3951 878 4022; x_wconf 87' lang='lat' dir='ltr'><strong>ibique</strong></span> <span class='ocrx_word' id='word_1_323' title='bbox 891 3950 984 4005; x_wconf 91' lang='lat' dir='ltr'><strong>conti·</strong></span> <span class='ocrx_word' id='word_1_324' title='bbox 1039 3974 1110 4030; x_wconf 77' lang='lat' dir='ltr'><strong>pnnn</strong></span> <span class='ocrx_word' id='word_1_325' title='bbox 1130 3956 1161 4012; x_wconf 89' lang='lat' dir='ltr'><strong>in</strong></span> <span class='ocrx_word' id='word_1_326' title='bbox 1182 3957 1332 4028; x_wconf 71' lang='lat' dir='ltr'><strong>lucrymis,</strong></span> <span class='ocrx_word' id='word_1_327' title='bbox 1346 3956 1501 4012; x_wconf 71' lang='lat' dir='ltr'><strong>sublevatis</strong></span> <span class='ocrx_word' id='word_1_328' title='bbox 1515 3957 1551 4012; x_wconf 82' lang='lat' dir='ltr'><strong>nd</strong></span> <span class='ocrx_word' id='word_1_329' title='bbox 1567 3958 1657 4013; x_wconf 68' lang='lat' dir='ltr'><strong>linum</strong></span> <span class='ocrx_word' id='word_1_330' title='bbox 1673 3958 1767 4013; x_wconf 70' lang='lat' dir='ltr'><strong>mulin</strong></span> <span class='ocrx_word' id='word_1_331' title='bbox 1781 3965 1809 4013; x_wconf 67' lang='lat' dir='ltr'><strong>et</strong></span> <span class='ocrx_word' id='word_1_332' title='bbox 1829 3975 1883 4013; x_wconf 68' lang='lat' dir='ltr'><strong>mi.</strong></span> 
     </span>
     <span class='ocr_line' id='line_1_31' title="bbox 134 4038 1884 4115; baseline 0.001 -15"><span class='ocrx_word' id='word_1_333' title='bbox 134 4051 201 4107; x_wconf 82' lang='lat' dir='ltr'><strong>uuis</strong></span> <span class='ocrx_word' id='word_1_334' title='bbox 216 4046 394 4104; x_wconf 88' lang='lat' dir='ltr'><strong>orationibus</strong></span> <span class='ocrx_word' id='word_1_335' title='bbox 408 4043 548 4106; x_wconf 86' lang='lat' dir='ltr'><strong>munitus,</strong></span> <span class='ocrx_word' id='word_1_336' title='bbox 564 4057 613 4114; x_wconf 79' lang='lat' dir='ltr'><strong>spe</strong></span> <span class='ocrx_word' id='word_1_337' title='bbox 628 4041 793 4108; x_wconf 74' lang='lat' dir='ltr'><strong>roboratus,</strong></span> <span class='ocrx_word' id='word_1_338' title='bbox 815 4038 870 4094; x_wconf 71' lang='lat' dir='ltr'><strong>fide</strong></span> <span class='ocrx_word' id='word_1_339' title='bbox 890 4054 985 4093; x_wconf 65' lang='lat' dir='ltr'><strong>armt-</strong></span> <span class='ocrx_word' id='word_1_340' title='bbox 1039 4046 1125 4100; x_wconf 92' lang='lat' dir='ltr'><strong>nibus</strong></span> <span class='ocrx_word' id='word_1_341' title='bbox 1139 4045 1211 4101; x_wconf 84' lang='lat' dir='ltr'><strong>dixit</strong></span> <span class='ocrx_word' id='word_1_342' title='bbox 1227 4062 1233 4100; x_wconf 93' lang='lat'><strong>:</strong></span> <span class='ocrx_word' id='word_1_343' title='bbox 1249 4046 1321 4115; x_wconf 84' lang='lat' dir='ltr'><strong>Tibi,</strong></span> <span class='ocrx_word' id='word_1_344' title='bbox 1340 4046 1460 4101; x_wconf 87' lang='lat' dir='ltr'><strong>Domine</strong></span> <span class='ocrx_word' id='word_1_345' title='bbox 1474 4047 1539 4102; x_wconf 88' lang='lat' dir='ltr'><strong>lesu</strong></span> <span class='ocrx_word' id='word_1_346' title='bbox 1555 4046 1676 4114; x_wconf 86' lang='lat' dir='ltr'><strong>Christe,</strong></span> <span class='ocrx_word' id='word_1_347' title='bbox 1700 4048 1750 4103; x_wconf 91' lang='lat' dir='ltr'><strong>cui</strong></span> <span class='ocrx_word' id='word_1_348' title='bbox 1774 4049 1884 4104; x_wconf 88' lang='lat' dir='ltr'><strong>humilis</strong></span> 
     </span>
     <span class='ocr_line' id='line_1_32' title="bbox 135 4128 1885 4206; baseline -0.003 -11"><span class='ocrx_word' id='word_1_349' title='bbox 135 4144 192 4206; x_wconf 90' lang='lat' dir='ltr'><strong>tus,</strong></span> <span class='ocrx_word' id='word_1_350' title='bbox 208 4136 349 4203; x_wconf 90' lang='lat' dir='ltr'><strong>eamdem,</strong></span> <span class='ocrx_word' id='word_1_351' title='bbox 367 4149 453 4206; x_wconf 85' lang='lat' dir='ltr'><strong>quam</strong></span> <span class='ocrx_word' id='word_1_352' title='bbox 469 4147 535 4186; x_wconf 92' lang='lat' dir='ltr'><strong>cum</strong></span> <span class='ocrx_word' id='word_1_353' title='bbox 553 4131 652 4196; x_wconf 83' lang='lat' dir='ltr'><strong>fratre,</strong></span> <span class='ocrx_word' id='word_1_354' title='bbox 669 4128 865 4184; x_wconf 89' lang='lat' dir='ltr'><strong>monachicam</strong></span> <span class='ocrx_word' id='word_1_355' title='bbox 890 4143 985 4182; x_wconf 88' lang='lat' dir='ltr'><strong>susce·</strong></span> <span class='ocrx_word' id='word_1_356' title='bbox 1040 4133 1143 4188; x_wconf 90' lang='lat' dir='ltr'><strong>ancilla</strong></span> <span class='ocrx_word' id='word_1_357' title='bbox 1165 4149 1183 4187; x_wconf 93' lang='lat' dir='ltr'><strong>e</strong></span> <span class='ocrx_word' id='word_1_358' title='bbox 1205 4133 1356 4189; x_wconf 84' lang='lat' dir='ltr'><strong>cunabulis</strong></span> <span class='ocrx_word' id='word_1_359' title='bbox 1376 4133 1482 4188; x_wconf 85' lang='lat' dir='ltr'><strong>servire</strong></span> <span class='ocrx_word' id='word_1_360' title='bbox 1502 4134 1623 4203; x_wconf 86' lang='lat' dir='ltr'><strong>decrevi,</strong></span> <span class='ocrx_word' id='word_1_361' title='bbox 1650 4134 1685 4189; x_wconf 90' lang='lat' dir='ltr'><strong>de</strong></span> <span class='ocrx_word' id='word_1_362' title='bbox 1711 4136 1769 4191; x_wconf 91' lang='lat' dir='ltr'><strong>hoc</strong></span> <span class='ocrx_word' id='word_1_363' title='bbox 1789 4138 1885 4192; x_wconf 87' lang='lat' dir='ltr'><strong>collato</strong></span> 
     </span>
     <span class='ocr_line' id='line_1_33' title="bbox 135 4216 1884 4300; baseline -0.003 -17"><span class='ocrx_word' id='word_1_364' title='bbox 135 4231 218 4300; x_wconf 86' lang='lat' dir='ltr'><strong>perat</strong></span> <span class='ocrx_word' id='word_1_365' title='bbox 233 4222 490 4289; x_wconf 80' lang='lat' dir='ltr'><strong>conversationem,</strong></span> <span class='ocrx_word' id='word_1_366' title='bbox 506 4218 702 4275; x_wconf 90' lang='lat' dir='ltr'><strong>strenuissime</strong></span> <span class='ocrx_word' id='word_1_367' title='bbox 717 4232 808 4288; x_wconf 86' lang='lat' dir='ltr'><strong>usque</strong></span> <span class='ocrx_word' id='word_1_368' title='bbox 823 4217 860 4271; x_wconf 93' lang='lat' dir='ltr'><strong>ad</strong></span> <span class='ocrx_word' id='word_1_369' title='bbox 875 4216 984 4272; x_wconf 85' lang='lat' dir='ltr'><strong>exitum</strong></span> <span class='ocrx_word' id='word_1_370' title='bbox 1040 4236 1160 4276; x_wconf 87' lang='lat' dir='ltr'><strong>munere</strong></span> <span class='ocrx_word' id='word_1_371' title='bbox 1174 4221 1280 4292; x_wconf 87' lang='lat' dir='ltr'><strong>gratiae</strong></span> <span class='ocrx_word' id='word_1_372' title='bbox 1304 4236 1369 4291; x_wconf 85' lang='lat' dir='ltr'><strong>ago,</strong></span> <span class='ocrx_word' id='word_1_373' title='bbox 1390 4221 1440 4292; x_wconf 90' lang='lat' dir='ltr'><strong>qai</strong></span> <span class='ocrx_word' id='word_1_374' title='bbox 1463 4222 1496 4276; x_wconf 88' lang='lat' dir='ltr'><strong>ad</strong></span> <span class='ocrx_word' id='word_1_375' title='bbox 1521 4220 1694 4277; x_wconf 83' lang='lat' dir='ltr'><strong>exercendas</strong></span> <span class='ocrx_word' id='word_1_376' title='bbox 1721 4224 1884 4279; x_wconf 86' lang='lat' dir='ltr'><strong>ancillarum</strong></span> 
     </span>
     <span class='ocr_line' id='line_1_34' title="bbox 134 4304 1886 4391; baseline -0.003 -20"><span class='ocrx_word' id='word_1_377' title='bbox 134 4316 241 4391; x_wconf 73' lang='lat' dir='ltr'><strong>animae</strong></span> <span class='ocrx_word' id='word_1_378' title='bbox 256 4313 360 4369; x_wconf 85' lang='lat' dir='ltr'><strong>liniens</strong></span> <span class='ocrx_word' id='word_1_379' title='bbox 374 4311 480 4365; x_wconf 87' lang='lat' dir='ltr'><strong>mattos</strong></span> <span class='ocrx_word' id='word_1_380' title='bbox 495 4312 559 4380; x_wconf 91' lang='lat' dir='ltr'><strong>post</strong></span> <span class='ocrx_word' id='word_1_381' title='bbox 584 4323 613 4361; x_wconf 92' lang='lat' dir='ltr'><strong>se</strong></span> <span class='ocrx_word' id='word_1_382' title='bbox 636 4307 689 4378; x_wconf 77' lang='lat'><strong>(40)</strong></span> <span class='ocrx_word' id='word_1_383' title='bbox 713 4306 748 4362; x_wconf 92' lang='lat' dir='ltr'><strong>ad</strong></span> <span class='ocrx_word' id='word_1_384' title='bbox 774 4305 847 4361; x_wconf 88' lang='lat' dir='ltr'><strong>hane</strong></span> <span class='ocrx_word' id='word_1_385' title='bbox 871 4304 985 4361; x_wconf 88' lang='lat' dir='ltr'><strong>vivendi</strong></span> <span class='ocrx_word' id='word_1_386' title='bbox 1040 4313 1155 4364; x_wconf 88' lang='lat' dir='ltr'><strong>tuarum</strong></span> <span class='ocrx_word' id='word_1_387' title='bbox 1177 4308 1248 4363; x_wconf 92' lang='lat' dir='ltr'><strong>mihi</strong></span> <span class='ocrx_word' id='word_1_388' title='bbox 1268 4309 1473 4364; x_wconf 79' lang='lat' dir='ltr'><strong>cohaerentium</strong></span> <span class='ocrx_word' id='word_1_389' title='bbox 1489 4314 1600 4364; x_wconf 89' lang='lat' dir='ltr'><strong>mentes</strong></span> <span class='ocrx_word' id='word_1_390' title='bbox 1615 4325 1661 4364; x_wconf 91' lang='lat' dir='ltr'><strong>me</strong></span> <span class='ocrx_word' id='word_1_391' title='bbox 1677 4309 1832 4383; x_wconf 87' lang='lat' dir='ltr'><strong>indignam</strong></span> <span class='ocrx_word' id='word_1_392' title='bbox 1846 4312 1886 4365; x_wconf 92' lang='lat' dir='ltr'><strong>lu-</strong></span> 
     </span>
     <span class='ocr_line' id='line_1_35' title="bbox 135 4396 1886 4475; baseline -0.004 -16"><span class='ocrx_word' id='word_1_393' title='bbox 135 4404 267 4475; x_wconf 91' lang='lat' dir='ltr'><strong>regulam</strong></span> <span class='ocrx_word' id='word_1_394' title='bbox 279 4402 402 4471; x_wconf 88' lang='lat' dir='ltr'><strong>praevius</strong></span> <span class='ocrx_word' id='word_1_395' title='bbox 417 4398 582 4452; x_wconf 87' lang='lat' dir='ltr'><strong>exhortatus</strong></span> <span class='ocrx_word' id='word_1_396' title='bbox 594 4399 647 4450; x_wconf 89' lang='lat' dir='ltr'><strong>est.</strong></span> <span class='ocrx_word' id='word_1_397' title='bbox 1040 4397 1127 4453; x_wconf 90' lang='lat' dir='ltr'><strong>minis</strong></span> <span class='ocrx_word' id='word_1_398' title='bbox 1140 4398 1183 4453; x_wconf 91' lang='lat' dir='ltr'><strong>tui</strong></span> <span class='ocrx_word' id='word_1_399' title='bbox 1196 4397 1377 4469; x_wconf 79' lang='lat' dir='ltr'><strong>adjuvamine</strong></span> <span class='ocrx_word' id='word_1_400' title='bbox 1394 4396 1534 4453; x_wconf 90' lang='lat' dir='ltr'><strong>consolari</strong></span> <span class='ocrx_word' id='word_1_401' title='bbox 1549 4397 1684 4469; x_wconf 85' lang='lat' dir='ltr'><strong>dignatus</strong></span> <span class='ocrx_word' id='word_1_402' title='bbox 1703 4415 1748 4468; x_wconf 86' lang='lat' dir='ltr'><strong>es,</strong></span> <span class='ocrx_word' id='word_1_403' title='bbox 1769 4401 1886 4471; x_wconf 85' lang='lat' dir='ltr'><strong>tetrique</strong></span> 
     </span>
    </p>
   </div>
   <div class='ocr_carea' id='block_1_7' title="bbox 134 4549 1889 5551">
    <p class='ocr_par' dir='ltr' id='par_1_9' title="bbox 137 4549 1887 4775">
     <span class='ocr_line' id='line_1_36' title="bbox 172 4549 1887 4631; baseline -0.007 -17"><span class='ocrx_word' id='word_1_404' title='bbox 172 4559 227 4631; x_wconf 80' lang='grc'>(35)</span> <span class='ocrx_word' id='word_1_405' title='bbox 246 4557 355 4614; x_wconf 83' lang='lat' dir='ltr'><strong>Titulus</strong></span> <span class='ocrx_word' id='word_1_406' title='bbox 377 4556 407 4611; x_wconf 87' lang='lat' dir='ltr'><strong>in</strong></span> <span class='ocrx_word' id='word_1_407' title='bbox 430 4570 482 4609; x_wconf 80' lang='lat' dir='ltr'><strong>ms.</strong></span> <span class='ocrx_word' id='word_1_408' title='bbox 507 4557 606 4608; x_wconf 79' lang='lat' dir='ltr'><strong>nostro</strong></span> <span class='ocrx_word' id='word_1_409' title='bbox 630 4551 813 4623; x_wconf 77' lang='lat' dir='ltr'><strong>praeflgilur:</strong></span> <span class='ocrx_word' id='word_1_410' title='bbox 833 4549 903 4606; x_wconf 77' lang='lat' dir='ltr'><strong>Vita</strong></span> <span class='ocrx_word' id='word_1_411' title='bbox 925 4550 985 4605; x_wconf 80' lang='lat' dir='ltr'><strong>beu·</strong></span> <span class='ocrx_word' id='word_1_412' title='bbox 1039 4555 1220 4627; x_wconf 77' lang='lat' dir='ltr'><strong>Mogunlinu:</strong></span> <span class='ocrx_word' id='word_1_413' title='bbox 1242 4572 1275 4612; x_wconf 79' lang='lat' dir='ltr'><strong>eu</strong></span> <span class='ocrx_word' id='word_1_414' title='bbox 1317 4571 1333 4611; x_wconf 80' lang='lat' dir='ltr'><strong>e</strong></span> <span class='ocrx_word' id='word_1_415' title='bbox 1358 4555 1426 4611; x_wconf 77' lang='lat' dir='ltr'><strong>urbs</strong></span> <span class='ocrx_word' id='word_1_416' title='bbox 1454 4560 1515 4610; x_wconf 82' lang='lat' dir='ltr'><strong>ium</strong></span> <span class='ocrx_word' id='word_1_417' title='bbox 1541 4557 1698 4626; x_wconf 73' lang='lat' dir='ltr'><strong>metropolit</strong></span> <span class='ocrx_word' id='word_1_418' title='bbox 1724 4557 1887 4612; x_wconf 55' lang='lat' dir='ltr'><strong>&amp;ancorum</strong></span> 
     </span>
     <span class='ocr_line' id='line_1_37' title="bbox 137 4622 1886 4699; baseline 0.002 -21"><span class='ocrx_word' id='word_1_419' title='bbox 137 4633 249 4688; x_wconf 66' lang='lat' dir='ltr'><strong>tunium</strong></span> <span class='ocrx_word' id='word_1_420' title='bbox 280 4644 312 4684; x_wconf 85' lang='lat' dir='ltr'><strong>ac</strong></span> <span class='ocrx_word' id='word_1_421' title='bbox 346 4630 402 4683; x_wconf 81' lang='lat' dir='ltr'><strong>Deo</strong></span> <span class='ocrx_word' id='word_1_422' title='bbox 439 4626 621 4681; x_wconf 75' lang='lat' dir='ltr'><strong>dilectissime</strong></span> <span class='ocrx_word' id='word_1_423' title='bbox 652 4639 684 4678; x_wconf 87' lang='lat' dir='ltr'><strong>ec</strong></span> <span class='ocrx_word' id='word_1_424' title='bbox 718 4622 871 4693; x_wconf 75' lang='lat' dir='ltr'><strong>porcilaca</strong></span> <span class='ocrx_word' id='word_1_425' title='bbox 907 4622 982 4679; x_wconf 86' lang='lat' dir='ltr'><strong>Wal-</strong></span> <span class='ocrx_word' id='word_1_426' title='bbox 1040 4626 1248 4699; x_wconf 87' lang='lat' dir='ltr'><strong>appellabatur.</strong></span> <span class='ocrx_word' id='word_1_427' title='bbox 1316 4627 1397 4682; x_wconf 88' lang='lat' dir='ltr'><strong>mule</strong></span> <span class='ocrx_word' id='word_1_428' title='bbox 1422 4632 1512 4681; x_wconf 91' lang='lat' dir='ltr'><strong>notat.</strong></span> <span class='ocrx_word' id='word_1_429' title='bbox 1538 4629 1573 4684; x_wconf 73' lang='lat'><strong>2³</strong></span> <span class='ocrx_word' id='word_1_430' title='bbox 1603 4627 1710 4683; x_wconf 82' lang='lat' dir='ltr'><strong>Seretii</strong></span> <span class='ocrx_word' id='word_1_431' title='bbox 1739 4628 1886 4684; x_wconf 84' lang='lat' dir='ltr'><strong>advitam</strong></span> 
     </span>
     <span class='ocr_line' id='line_1_38' title="bbox 137 4664 1691 4775; baseline -0.003 -17"><span class='ocrx_word' id='word_1_432' title='bbox 137 4703 238 4771; x_wconf 72' lang='lat' dir='ltr'><strong>burge.</strong></span> <span class='ocrx_word' id='word_1_433' title='bbox 732 4763 738 4775; x_wconf 47' lang='grc'><em>,</em></span> <span class='ocrx_word' id='word_1_434' title='bbox 959 4762 964 4773; x_wconf 33' lang='lat'>⁸</span> <span class='ocrx_word' id='word_1_435' title='bbox 1002 4664 1065 4754; x_wconf 70' lang='lat' dir='ltr'><strong>cs.</strong></span> <span class='ocrx_word' id='word_1_436' title='bbox 1084 4698 1220 4752; x_wconf 84' lang='lat' dir='ltr'><strong>tlonilaeii</strong></span> <span class='ocrx_word' id='word_1_437' title='bbox 1237 4700 1255 4753; x_wconf 91' lang='lat' dir='ltr'><strong>t.</strong></span> <span class='ocrx_word' id='word_1_438' title='bbox 1271 4698 1423 4754; x_wconf 85' lang='lat' dir='ltr'><strong>uillarum</strong></span> <span class='ocrx_word' id='word_1_439' title='bbox 1435 4697 1691 4769; x_wconf 83' lang='lat' dir='ltr'><strong>ltloguntiacavnm.</strong></span> 
     </span>
    </p>

    <p class='ocr_par' dir='ltr' id='par_1_10' title="bbox 135 4767 1888 5052">
     <span class='ocr_line' id='line_1_39' title="bbox 172 4767 1508 4844; baseline -0.01 -15"><span class='ocrx_word' id='word_1_440' title='bbox 172 4775 224 4844; x_wconf 81' lang='grc'>(36)</span> <span class='ocrx_word' id='word_1_441' title='bbox 240 4774 405 4828; x_wconf 60' lang='lat' dir='ltr'><strong>mancorum</strong></span> <span class='ocrx_word' id='word_1_442' title='bbox 418 4768 563 4838; x_wconf 80' lang='lat' dir='ltr'><strong>imperium</strong></span> <span class='ocrx_word' id='word_1_443' title='bbox 584 4767 640 4820; x_wconf 90' lang='lat' dir='ltr'><strong>late</strong></span> <span class='ocrx_word' id='word_1_444' title='bbox 665 4769 789 4819; x_wconf 80' lang='lat' dir='ltr'><strong>sumitur</strong></span> <span class='ocrx_word' id='word_1_445' title='bbox 811 4778 865 4833; x_wconf 93' lang='lat' dir='ltr'><strong>pro</strong></span> <span class='ocrx_word' id='word_1_446' title='bbox 887 4778 983 4817; x_wconf 93' lang='lat' dir='ltr'><strong>omni·</strong></span> <span class='ocrx_word' id='word_1_447' title='bbox 1084 4770 1130 4840; x_wconf 80' lang='grc'><strong>39)</strong></span> <span class='ocrx_word' id='word_1_448' title='bbox 1147 4770 1211 4824; x_wconf 74' lang='lat' dir='ltr'><strong>tiss.</strong></span> <span class='ocrx_word' id='word_1_449' title='bbox 1224 4768 1332 4841; x_wconf 81' lang='lat' dir='ltr'><strong>nliqun,</strong></span> <span class='ocrx_word' id='word_1_450' title='bbox 1346 4769 1508 4834; x_wconf 73' lang='lat' dir='ltr'><strong>Anpimsit.</strong></span> 
     </span>
     <span class='ocr_line' id='line_1_40' title="bbox 135 4834 1888 4912; baseline -0.004 -12"><span class='ocrx_word' id='word_1_451' title='bbox 135 4844 190 4901; x_wconf 93' lang='lat' dir='ltr'><strong>bus</strong></span> <span class='ocrx_word' id='word_1_452' title='bbox 210 4843 368 4899; x_wconf 89' lang='lat' dir='ltr'><strong>ditionibus</strong></span> <span class='ocrx_word' id='word_1_453' title='bbox 391 4855 454 4912; x_wconf 81' lang='lat' dir='ltr'><strong>quae</strong></span> <span class='ocrx_word' id='word_1_454' title='bbox 480 4835 608 4893; x_wconf 89' lang='lat' dir='ltr'><strong>dominio</strong></span> <span class='ocrx_word' id='word_1_455' title='bbox 631 4835 726 4891; x_wconf 86' lang='lat' dir='ltr'><strong>Caroli</strong></span> <span class='ocrx_word' id='word_1_456' title='bbox 746 4834 841 4905; x_wconf 85' lang='lat' dir='ltr'><strong>biegni</strong></span> <span class='ocrx_word' id='word_1_457' title='bbox 864 4834 984 4906; x_wconf 84' lang='lat' dir='ltr'><strong>ejusque</strong></span> <span class='ocrx_word' id='word_1_458' title='bbox 1086 4839 1132 4911; x_wconf 76' lang='lat'><strong>40)</strong></span> <span class='ocrx_word' id='word_1_459' title='bbox 1147 4840 1180 4894; x_wconf 89' lang='lat' dir='ltr'><strong>la</strong></span> <span class='ocrx_word' id='word_1_460' title='bbox 1200 4855 1253 4893; x_wconf 91' lang='lat' dir='ltr'><strong>ms.</strong></span> <span class='ocrx_word' id='word_1_461' title='bbox 1281 4840 1351 4894; x_wconf 85' lang='lat' dir='ltr'><strong>Uitr.</strong></span> <span class='ocrx_word' id='word_1_462' title='bbox 1375 4846 1404 4894; x_wconf 89' lang='lat' dir='ltr'><strong>et</strong></span> <span class='ocrx_word' id='word_1_463' title='bbox 1431 4844 1458 4894; x_wconf 85' lang='lat' dir='ltr'><strong>t.</strong></span> <span class='ocrx_word' id='word_1_464' title='bbox 1487 4839 1580 4901; x_wconf 82' lang='lat' dir='ltr'><strong>Trev..</strong></span> <span class='ocrx_word' id='word_1_465' title='bbox 1603 4837 1642 4894; x_wconf 86' lang='lat' dir='ltr'><strong>ad</strong></span> <span class='ocrx_word' id='word_1_466' title='bbox 1664 4839 1731 4894; x_wconf 77' lang='lat' dir='ltr'><strong>bene</strong></span> <span class='ocrx_word' id='word_1_467' title='bbox 1748 4839 1888 4894; x_wconf 70' lang='lat' dir='ltr'><strong>uiumdun</strong></span> 
     </span>
     <span class='ocr_line' id='line_1_41' title="bbox 136 4904 1886 4989; baseline -0.004 -19"><span class='ocrx_word' id='word_1_468' title='bbox 136 4922 318 4989; x_wconf 87' lang='lat' dir='ltr'><strong>posterorum</strong></span> <span class='ocrx_word' id='word_1_469' title='bbox 343 4912 465 4967; x_wconf 75' lang='lat' dir='ltr'><strong>subdite</strong></span> <span class='ocrx_word' id='word_1_470' title='bbox 491 4908 604 4965; x_wconf 85' lang='lat' dir='ltr'><strong>lucrant</strong></span> <span class='ocrx_word' id='word_1_471' title='bbox 626 4922 680 4978; x_wconf 92' lang='lat' dir='ltr'><strong>per</strong></span> <span class='ocrx_word' id='word_1_472' title='bbox 704 4906 817 4974; x_wconf 88' lang='lat' dir='ltr'><strong>Gallias,</strong></span> <span class='ocrx_word' id='word_1_473' title='bbox 842 4904 984 4977; x_wconf 87' lang='lat' dir='ltr'><strong>Belgium,</strong></span> <span class='ocrx_word' id='word_1_474' title='bbox 1036 4912 1159 4980; x_wconf 69' lang='lat' dir='ltr'><strong>merulis</strong></span> <span class='ocrx_word' id='word_1_475' title='bbox 1174 4912 1343 4978; x_wconf 77' lang='lat' dir='ltr'><strong>cohortatus,</strong></span> <span class='ocrx_word' id='word_1_476' title='bbox 1369 4915 1398 4964; x_wconf 88' lang='lat' dir='ltr'><strong>et</strong></span> <span class='ocrx_word' id='word_1_477' title='bbox 1417 4914 1537 4979; x_wconf 79' lang='lat' dir='ltr'><strong>pravius</strong></span> <span class='ocrx_word' id='word_1_478' title='bbox 1565 4911 1595 4964; x_wconf 94' lang='lat' dir='ltr'><strong>in</strong></span> <span class='ocrx_word' id='word_1_479' title='bbox 1624 4909 1759 4980; x_wconf 81' lang='lat' dir='ltr'><strong>Legenda</strong></span> <span class='ocrx_word' id='word_1_480' title='bbox 1784 4912 1886 4965; x_wconf 61' lang='lat' dir='ltr'><strong>liovau.</strong></span> 
     </span>
     <span class='ocr_line' id='line_1_42' title="bbox 137 4981 1888 5052; baseline -0.005 -10"><span class='ocrx_word' id='word_1_481' title='bbox 137 4985 331 5043; x_wconf 89' lang='lat' dir='ltr'><strong>Germaniam.</strong></span> <span class='ocrx_word' id='word_1_482' title='bbox 1040 4981 1139 5036; x_wconf 88' lang='lat' dir='ltr'><strong>Surius</strong></span> <span class='ocrx_word' id='word_1_483' title='bbox 1156 4986 1263 5036; x_wconf 88' lang='lat' dir='ltr'><strong>mutato</strong></span> <span class='ocrx_word' id='word_1_484' title='bbox 1279 4983 1352 5052; x_wconf 86' lang='lat' dir='ltr'><strong>stylo</strong></span> <span class='ocrx_word' id='word_1_485' title='bbox 1368 4981 1409 5035; x_wconf 93' lang='lat' dir='ltr'><strong>ita</strong></span> <span class='ocrx_word' id='word_1_486' title='bbox 1422 4981 1521 5035; x_wconf 90' lang='lat' dir='ltr'><strong>scribit</strong></span> <span class='ocrx_word' id='word_1_487' title='bbox 1537 4997 1545 5034; x_wconf 90' lang='lat'>:</span> <span class='ocrx_word' id='word_1_488' title='bbox 1560 4981 1713 5050; x_wconf 77' lang='lat' dir='ltr'><strong>multosque</strong></span> <span class='ocrx_word' id='word_1_489' title='bbox 1726 4983 1785 5036; x_wconf 77' lang='lat' dir='ltr'><strong>suis</strong></span> <span class='ocrx_word' id='word_1_490' title='bbox 1804 4997 1888 5036; x_wconf 78' lang='lat' dir='ltr'><strong>eaesa-</strong></span> 
     </span>
    </p>

    <p class='ocr_par' dir='ltr' id='par_1_11' title="bbox 172 5046 1632 5129">
     <span class='ocr_line' id='line_1_43' title="bbox 172 5046 1632 5129; baseline -0.01 -18"><span class='ocrx_word' id='word_1_491' title='bbox 172 5057 228 5129; x_wconf 73' lang='grc'>(37)</span> <span class='ocrx_word' id='word_1_492' title='bbox 244 5058 276 5113; x_wconf 86' lang='lat' dir='ltr'><strong>S.</strong></span> <span class='ocrx_word' id='word_1_493' title='bbox 301 5054 460 5121; x_wconf 64' lang='lat' dir='ltr'><strong>Bonifatius</strong></span> <span class='ocrx_word' id='word_1_494' title='bbox 482 5048 577 5122; x_wconf 91' lang='lat' dir='ltr'><strong>primo</strong></span> <span class='ocrx_word' id='word_1_495' title='bbox 593 5048 622 5103; x_wconf 93' lang='lat' dir='ltr'><strong>in</strong></span> <span class='ocrx_word' id='word_1_496' title='bbox 640 5047 758 5102; x_wconf 82' lang='lat' dir='ltr'><strong>Frisium</strong></span> <span class='ocrx_word' id='word_1_497' title='bbox 781 5046 900 5119; x_wconf 88' lang='lat' dir='ltr'><strong>appulit,</strong></span> <span class='ocrx_word' id='word_1_498' title='bbox 923 5049 985 5128; x_wconf 81' lang='lat' dir='ltr'><strong>tum</strong></span> <span class='ocrx_word' id='word_1_499' title='bbox 1037 5053 1093 5122; x_wconf 76' lang='lat' dir='ltr'><strong>plis</strong></span> <span class='ocrx_word' id='word_1_500' title='bbox 1108 5050 1146 5106; x_wconf 74' lang='lat' dir='ltr'><strong>aa</strong></span> <span class='ocrx_word' id='word_1_501' title='bbox 1158 5053 1222 5106; x_wconf 74' lang='lat' dir='ltr'><strong>ime</strong></span> <span class='ocrx_word' id='word_1_502' title='bbox 1234 5051 1478 5107; x_wconf 71' lang='lat' dir='ltr'><strong>uiuennittuiiium</strong></span> <span class='ocrx_word' id='word_1_503' title='bbox 1489 5050 1632 5121; x_wconf 62' lang='lat' dir='ltr'><strong>pertinuit,</strong></span> 
     </span>
    </p>

    <p class='ocr_par' dir='ltr' id='par_1_12' title="bbox 134 5119 1889 5406">
     <span class='ocr_line' id='line_1_44' title="bbox 137 5119 1887 5199; baseline -0.01 -16"><span class='ocrx_word' id='word_1_504' title='bbox 137 5128 251 5183; x_wconf 83' lang='lat' dir='ltr'><strong>Francis</strong></span> <span class='ocrx_word' id='word_1_505' title='bbox 265 5127 433 5197; x_wconf 89' lang='lat' dir='ltr'><strong>subjectam,</strong></span> <span class='ocrx_word' id='word_1_506' title='bbox 446 5127 533 5194; x_wconf 85' lang='lat' dir='ltr'><strong>atque</strong></span> <span class='ocrx_word' id='word_1_507' title='bbox 548 5127 606 5175; x_wconf 90' lang='lat' dir='ltr'><strong>tres</strong></span> <span class='ocrx_word' id='word_1_508' title='bbox 620 5135 711 5174; x_wconf 90' lang='lat' dir='ltr'><strong>anuos</strong></span> <span class='ocrx_word' id='word_1_509' title='bbox 737 5119 825 5199; x_wconf 81' lang='lat' dir='ltr'><strong>(Belia</strong></span> <span class='ocrx_word' id='word_1_510' title='bbox 848 5119 985 5173; x_wconf 80' lang='lat' dir='ltr'><strong>tredecim</strong></span> <span class='ocrx_word' id='word_1_511' title='bbox 1075 5122 1128 5192; x_wconf 77' lang='lat' dir='ltr'><strong>(lli)</strong></span> <span class='ocrx_word' id='word_1_512' title='bbox 1143 5123 1183 5177; x_wconf 82' lang='lat' dir='ltr'><strong>ltu</strong></span> <span class='ocrx_word' id='word_1_513' title='bbox 1197 5122 1295 5177; x_wconf 79' lang='lat' dir='ltr'><strong>omniu</strong></span> <span class='ocrx_word' id='word_1_514' title='bbox 1321 5137 1388 5176; x_wconf 69' lang='lat' dir='ltr'><strong>mss,</strong></span> <span class='ocrx_word' id='word_1_515' title='bbox 1414 5138 1479 5177; x_wconf 78' lang='lat' dir='ltr'><strong>num</strong></span> <span class='ocrx_word' id='word_1_516' title='bbox 1500 5121 1658 5194; x_wconf 70' lang='lat' dir='ltr'><strong>capgravio</strong></span> <span class='ocrx_word' id='word_1_517' title='bbox 1678 5127 1710 5176; x_wconf 73' lang='lat' dir='ltr'><strong>ut</strong></span> <span class='ocrx_word' id='word_1_518' title='bbox 1734 5122 1887 5177; x_wconf 76' lang='lat' dir='ltr'><strong>luntinnili,</strong></span> 
     </span>
     <span class='ocr_line' id='line_1_45' title="bbox 136 5188 1888 5271; baseline -0.008 -19"><span class='ocrx_word' id='word_1_519' title='bbox 136 5198 254 5269; x_wconf 84' lang='lat' dir='ltr'><strong>scribit),</strong></span> <span class='ocrx_word' id='word_1_520' title='bbox 281 5201 450 5267; x_wconf 82' lang='lat' dir='ltr'><strong>cooperator</strong></span> <span class='ocrx_word' id='word_1_521' title='bbox 463 5193 491 5247; x_wconf 91' lang='lat' dir='ltr'><strong>S.</strong></span> <span class='ocrx_word' id='word_1_522' title='bbox 515 5190 688 5271; x_wconf 82' lang='lat' dir='ltr'><strong>Willibrordi</strong></span> <span class='ocrx_word' id='word_1_523' title='bbox 713 5190 743 5243; x_wconf 94' lang='lat' dir='ltr'><strong>in</strong></span> <span class='ocrx_word' id='word_1_524' title='bbox 763 5189 877 5270; x_wconf 83' lang='lat' dir='ltr'><strong>dioecesi</strong></span> <span class='ocrx_word' id='word_1_525' title='bbox 893 5188 985 5270; x_wconf 81' lang='lat' dir='ltr'><strong>Ultra·</strong></span> <span class='ocrx_word' id='word_1_526' title='bbox 1041 5192 1121 5247; x_wconf 76' lang='lat' dir='ltr'><strong>urei.</strong></span> <span class='ocrx_word' id='word_1_527' title='bbox 1145 5194 1245 5248; x_wconf 80' lang='lat' dir='ltr'><strong>Morin,</strong></span> <span class='ocrx_word' id='word_1_528' title='bbox 1267 5193 1301 5248; x_wconf 77' lang='lat' dir='ltr'><strong>Al</strong></span> <span class='ocrx_word' id='word_1_529' title='bbox 1324 5193 1424 5249; x_wconf 74' lang='lat' dir='ltr'><strong>Sunius</strong></span> <span class='ocrx_word' id='word_1_530' title='bbox 1442 5193 1483 5248; x_wconf 81' lang='lat' dir='ltr'><strong>ita</strong></span> <span class='ocrx_word' id='word_1_531' title='bbox 1502 5193 1796 5248; x_wconf 65' lang='lat' dir='ltr'><strong>nurnexiffliiium</strong></span> <span class='ocrx_word' id='word_1_532' title='bbox 1818 5195 1888 5250; x_wconf 78' lang='lat' dir='ltr'><strong>win-</strong></span> 
     </span>
     <span class='ocr_line' id='line_1_46' title="bbox 139 5260 1889 5331; baseline -0.003 -8"><span class='ocrx_word' id='word_1_533' title='bbox 139 5269 242 5324; x_wconf 82' lang='lat' dir='ltr'><strong>&#39;ectina</strong></span> <span class='ocrx_word' id='word_1_534' title='bbox 265 5274 294 5323; x_wconf 90' lang='lat' dir='ltr'><strong>et</strong></span> <span class='ocrx_word' id='word_1_535' title='bbox 322 5266 476 5322; x_wconf 82' lang='lat' dir='ltr'><strong>Frisiorum</strong></span> <span class='ocrx_word' id='word_1_536' title='bbox 499 5276 684 5318; x_wconf 79' lang='lat' dir='ltr'><strong>conversione</strong></span> <span class='ocrx_word' id='word_1_537' title='bbox 707 5261 845 5314; x_wconf 88' lang='lat' dir='ltr'><strong>laboravit</strong></span> <span class='ocrx_word' id='word_1_538' title='bbox 861 5276 868 5313; x_wconf 90' lang='lat'>:</span> <span class='ocrx_word' id='word_1_539' title='bbox 884 5260 987 5314; x_wconf 90' lang='lat' dir='ltr'><strong>colitur</strong></span> <span class='ocrx_word' id='word_1_540' title='bbox 1039 5263 1167 5319; x_wconf 74' lang='lat' dir='ltr'><strong>altaldus</strong></span> <span class='ocrx_word' id='word_1_541' title='bbox 1193 5267 1308 5320; x_wconf 71' lang='lat' dir='ltr'><strong>excessit</strong></span> <span class='ocrx_word' id='word_1_542' title='bbox 1331 5281 1345 5318; x_wconf 89' lang='lat' dir='ltr'><strong>e</strong></span> <span class='ocrx_word' id='word_1_543' title='bbox 1371 5266 1454 5331; x_wconf 83' lang='lat' dir='ltr'><strong>uiuis,</strong></span> <span class='ocrx_word' id='word_1_544' title='bbox 1480 5264 1594 5331; x_wconf 74' lang='lat' dir='ltr'><strong>(antaei</strong></span> <span class='ocrx_word' id='word_1_545' title='bbox 1618 5279 1712 5331; x_wconf 66' lang='lat' dir='ltr'><strong>emus,</strong></span> <span class='ocrx_word' id='word_1_546' title='bbox 1739 5270 1794 5319; x_wconf 83' lang='lat' dir='ltr'><strong>etc.</strong></span> <span class='ocrx_word' id='word_1_547' title='bbox 1825 5265 1889 5319; x_wconf 86' lang='lat' dir='ltr'><strong>Gou-</strong></span> 
     </span>
     <span class='ocr_line' id='line_1_47' title="bbox 134 5285 1574 5406; baseline -0.004 -12"><span class='ocrx_word' id='word_1_548' title='bbox 134 5285 154 5394; x_wconf 55' lang='lat' dir='ltr'><strong>b</strong></span> <span class='ocrx_word' id='word_1_549' title='bbox 169 5340 256 5395; x_wconf 88' lang='lat' dir='ltr'><strong>lunii.</strong></span> <span class='ocrx_word' id='word_1_550' title='bbox 1042 5336 1130 5390; x_wconf 89' lang='lat' dir='ltr'><strong>sentit</strong></span> <span class='ocrx_word' id='word_1_551' title='bbox 1144 5335 1175 5388; x_wconf 92' lang='lat' dir='ltr'><strong>iu</strong></span> <span class='ocrx_word' id='word_1_552' title='bbox 1191 5336 1286 5406; x_wconf 92' lang='lat' dir='ltr'><strong>priore</strong></span> <span class='ocrx_word' id='word_1_553' title='bbox 1302 5335 1365 5389; x_wconf 89' lang='lat' dir='ltr'><strong>Vita</strong></span> <span class='ocrx_word' id='word_1_554' title='bbox 1379 5335 1574 5390; x_wconf 89' lang='lat' dir='ltr'><strong>Wollherdus.</strong></span> 
     </span>
    </p>

    <p class='ocr_par' dir='ltr' id='par_1_13' title="bbox 137 5400 1888 5551">
     <span class='ocr_line' id='line_1_48' title="bbox 173 5400 1888 5483; baseline -0.002 -18"><span class='ocrx_word' id='word_1_555' title='bbox 173 5413 229 5483; x_wconf 84' lang='grc'>(38)</span> <span class='ocrx_word' id='word_1_556' title='bbox 252 5411 355 5465; x_wconf 82' lang='lat' dir='ltr'><strong>Fuerat</strong></span> <span class='ocrx_word' id='word_1_557' title='bbox 378 5405 509 5479; x_wconf 89' lang='lat' dir='ltr'><strong>plurimis</strong></span> <span class='ocrx_word' id='word_1_558' title='bbox 532 5402 616 5459; x_wconf 88' lang='lat' dir='ltr'><strong>erinis</strong></span> <span class='ocrx_word' id='word_1_559' title='bbox 639 5401 790 5474; x_wconf 88' lang='lat' dir='ltr'><strong>episcopus</strong></span> <span class='ocrx_word' id='word_1_560' title='bbox 814 5400 849 5456; x_wconf 90' lang='lat' dir='ltr'><strong>ad</strong></span> <span class='ocrx_word' id='word_1_561' title='bbox 868 5415 986 5483; x_wconf 81' lang='lat' dir='ltr'><strong>conver·</strong></span> <span class='ocrx_word' id='word_1_562' title='bbox 1077 5405 1132 5476; x_wconf 76' lang='lat' dir='ltr'><strong>(tt)</strong></span> <span class='ocrx_word' id='word_1_563' title='bbox 1147 5407 1230 5474; x_wconf 80' lang='lat' dir='ltr'><strong>Aliis,</strong></span> <span class='ocrx_word' id='word_1_564' title='bbox 1246 5405 1433 5464; x_wconf 70' lang='lat' dir='ltr'><strong>cameracae</strong></span> <span class='ocrx_word' id='word_1_565' title='bbox 1446 5410 1476 5461; x_wconf 91' lang='lat' dir='ltr'><strong>et</strong></span> <span class='ocrx_word' id='word_1_566' title='bbox 1489 5404 1690 5473; x_wconf 81' lang='lat' dir='ltr'><strong>Goumcradut,</strong></span> <span class='ocrx_word' id='word_1_567' title='bbox 1711 5405 1808 5475; x_wconf 90' lang='lat' dir='ltr'><strong>Surio,</strong></span> <span class='ocrx_word' id='word_1_568' title='bbox 1825 5409 1888 5462; x_wconf 76' lang='lat' dir='ltr'><strong>Gou-</strong></span> 
     </span>
     <span class='ocr_line' id='line_1_49' title="bbox 137 5472 1180 5551; baseline -0.013 -15"><span class='ocrx_word' id='word_1_569' title='bbox 137 5483 248 5539; x_wconf 89' lang='lat' dir='ltr'><strong>sionam</strong></span> <span class='ocrx_word' id='word_1_570' title='bbox 263 5479 395 5551; x_wconf 86' lang='lat' dir='ltr'><strong>gentium</strong></span> <span class='ocrx_word' id='word_1_571' title='bbox 417 5475 598 5543; x_wconf 87' lang='lat' dir='ltr'><strong>constitutus,</strong></span> <span class='ocrx_word' id='word_1_572' title='bbox 622 5473 738 5528; x_wconf 91' lang='lat' dir='ltr'><strong>tandem</strong></span> <span class='ocrx_word' id='word_1_573' title='bbox 761 5472 829 5527; x_wconf 87' lang='lat' dir='ltr'><strong>deta</strong></span> <span class='ocrx_word' id='word_1_574' title='bbox 852 5488 879 5526; x_wconf 90' lang='lat' dir='ltr'><strong>oi</strong></span> <span class='ocrx_word' id='word_1_575' title='bbox 906 5472 988 5527; x_wconf 87' lang='lat' dir='ltr'><strong>sedes</strong></span> <span class='ocrx_word' id='word_1_576' title='bbox 1041 5476 1180 5534; x_wconf 67' lang='lat' dir='ltr'><strong>meruius,</strong></span> 
     </span>
    </p>
   </div>
   <div class='ocr_carea' id='block_1_8' title="bbox 0 0 1944 6112">
    <p class='ocr_par' dir='ltr' id='par_1_14' title="bbox 0 0 1944 6112">
     <span class='ocr_line' id='line_1_50' title="bbox 0 0 1944 6112; baseline 0 1"><span class='ocrx_word' id='word_1_577' title='bbox 0 0 1944 6112; x_wconf 95' lang='lat' dir='ltr'><strong> </strong></span> 
     </span>
    </p>
   </div>
  </div>
 </body>
</html>
