3894 6120
139 259 190 317 itt
621 249 779 308 alveum
796 244 1251 307 s.8lltvtt01v1art1ttttvatt8.
1272 245 1425 305 norbeti.
1861 245 1911 299 tlt

143 395 204 439 non
218 380 281 435 erat
304 373 350 446 ¹⁸⁸,
365 375 444 432 venit
457 375 493 432 ad
516 387 593 439 enm,
610 375 720 427 etcum
749 370 784 407 ¹⁸⁸
801 371 836 427 de
860 369 905 426 his
922 369 1038 443 inju-lt
1057 368 1148 424 latere
1172 369 1234 442 ejus
1256 368 1403 426 discedere
1427 369 1557 426 auderet.
1580 369 1610 427 Si
1629 372 1777 446 praecepta
1800 385 1911 442 quoqm

144 467 231 526 stitiis
251 463 289 501 ¹⁸⁶
313 481 378 538 qum
402 465 553 539 episcopus
577 465 696 533 questus
720 458 757 496 ¹⁸⁷
781 464 825 515 est
847 476 864 514 a
888 463 1002 515 saeta
1056 457 1241 530 imperatoris
1256 457 1363 514 servari
1378 457 1529 530 deberent,
1544 459 1610 528 hoc,
1633 459 1713 532 quod
1729 457 1786 513 sibi
1799 458 1912 530 propria

146 557 206 613 suis
231 553 331 610 amicis
349 553 405 608 sibi
430 552 537 617 inlatis,
563 549 799 604 satisfaciendum
823 548 854 603 in
876 552 1002 620 potesta·
1057 561 1145 600 manu
1162 544 1288 612 dederat,
1305 545 1450 618 injustum
1472 563 1533 603 esse
1548 546 1584 603 ab
1598 547 1658 603 ullo
1674 544 1823 602 interdici.
1835 544 1911 610 Quod

146 643 283 715 tamajus
298 643 481 715 promitteret
501 639 548 708 ¹⁸⁸,
569 655 622 710 pro
644 638 786 708 temporis
808 638 1003 708 oportunitate
1057 650 1125 689 vero
1149 633 1266 702 diceret,
1292 650 1328 689 ex
1348 634 1491 692 affinitate
1513 636 1636 709 injurias
1650 636 1714 708 ejus
1735 650 1798 690 non
1820 634 1909 706 negle-

148 734 236 791 fidem
250 736 279 787 et
302 731 458 786 amicitiam
474 731 549 785 iuter
572 743 602 782 so
617 729 788 782 sanxerunt.
809 725 944 792 Quamvis
967 725 1003 780 de
1057 728 1182 792 cturum,
1206 740 1236 778 se
1260 723 1357 796 ipsum
1384 723 1427 780 illi
1444 724 1610 797 propiorem
1634 740 1696 780 esso
1712 721 1908 793 consanguini-

149 820 343 880 conventione
374 819 492 876 illorum
524 815 671 872 Baldricus
700 829 804 886 parurn
828 819 1002 881 moveretur,
1056 816 1124 876 tate,
1155 811 1206 882 qui
1234 814 1372 867 avunculi
1397 813 1487 884 ipsius
1517 814 1651 869 existeret
1677 813 1768 880 lilius,
1798 816 1827 867 et
1851 810 1906 867 ideo

149 918 247 969 tamen
270 913 411 981 potestate
435 904 563 980 episcopi
579 905 609 959 in
632 903 703 958 locis
725 902 776 974 qui
791 903 827 957 ad
849 903 1004 974 praelectn-
1057 901 1139 956 illam
1152 900 1328 971 dignitatem
1345 908 1473 973 exparte
1489 903 1631 974 majorum
1652 901 1709 973 ipsi
1720 901 1830 972 justius
1844 915 1905 971 pre·

151 1017 213 1057 ram
239 997 422 1072 pertinebant
442 997 491 1068 jus
506 995 602 1050 dicere
624 992 793 1064 'prohibitus
815 996 867 1047 ost.
894 991 1005 1063 Episco-
1058 994 1102 1045 tcr
1126 993 1265 1060 nepotem
1296 1005 1386 1060 quam
1412 991 1494 1047 alteri
1515 991 1656 1047 obvenire.
1683 989 1770 1056 Quod
1798 1004 1903 1045 verosa

151 1106 206 1163 pus
227 1087 325 1142 videns
348 1086 514 1140 adcrescere
539 1080 732 1139 dissensiones
756 1078 835 1135 etin
855 1079 916 1133 dies
941 1078 1005 1133 lites
1059 1078 1162 1134 dixerit
1188 1078 1224 1131 ad
1253 1077 1321 1132 lites
1346 1079 1483 1135 sedandas
1506 1079 1691 1152 interponere
1714 1079 1800 1144 velle,
1824 1079 1902 1133 nemi·
1942 1092 1946 1175 1

153 1176 262 1248 augeri,
285 1178 417 1228 metuens
434 1189 470 1227 ne
494 1171 658 1226 temeritate
680 1182 781 1223 eorum
797 1167 878 1238 plebs
893 1166 1006 1221 labere·
1058 1182 1126 1223 nem
1139 1182 1228 1239 quarn
1245 1182 1277 1220 se
1300 1166 1397 1236 ipsum
1411 1169 1440 1225 in
1454 1169 1601 1225 communi
1616 1169 1709 1223 salute
1731 1167 1839 1222 civium
1849 1183 1900 1222 con.
1944 1184 1946 1247 ἔ

152 1270 209 1334 tur,
226 1269 255 1321 et
278 1278 397 1334 sperans
417 1259 626 1316 controversias
646 1273 698 1312 sua
721 1255 889 1311 auctoritate
911 1252 1005 1309 minui
1058 1257 1180 1312 sulenda
1207 1254 1430 1323 studiosiorem
1460 1257 1655 1314 testimoninm
1684 1273 1748 1312 esse
1772 1257 1835 1329 ejus
1858 1255 1898 1321 rei,
1944 1254 1946 1269 ²

153 1369 247 1425 posse,
279 1351 357 1407 diem
390 1349 535 1422 colloquio
569 1344 719 1402 constituit
745 1360 852 1416 eosque
877 1343 912 1400 ad
930 1343 1006 1399 hanc
1058 1345 1134 1418 quod
1150 1359 1212 1398 non
1228 1358 1262 1398 ex
1276 1343 1366 1416 ipsius
1379 1345 1507 1412 arbitrio,
1529 1351 1573 1401 set
1583 1347 1759 1419 imperatore
1779 1343 1900 1415 largiente

152 1441 251 1498 venire
263 1441 338 1496 fecit.
1060 1433 1212 1504 negotium
1237 1433 1394 1505 susceperit
1423 1429 1468 1487 ¹⁹⁸.
1497 1434 1576 1488 Talia
1600 1439 1627 1489 et
1652 1433 1749 1488 multa
1773 1432 1830 1487 alia
1848 1446 1901 1486 cum

325 1532 350 1585 8.
369 1529 410 1583 Dc
424 1527 563 1583 sestertiis
579 1526 650 1579 inter
664 1523 837 1579 auscultatis.
1057 1523 1117 1595 jam
1134 1521 1164 1576 in
1181 1521 1304 1593 longum
1320 1521 1396 1577 diem
1420 1521 1456 1578 ab
1473 1522 1603 1595 utrisque
1621 1523 1836 1594 proferrentur,
1856 1520 1903 1592 cpi

191 1617 345 1689 Postquam
370 1633 403 1672 oo
431 1619 604 1670 conventum
629 1616 681 1679 est,
705 1610 857 1682 episcopus
874 1609 930 1665 hoc
950 1608 1005 1665 ini·
1024 1645 1043 1699 B
1061 1625 1164 1683 scopus
1189 1609 1318 1677 tandem,
1343 1608 1440 1665 litibus
1464 1626 1564 1665 eorum
1588 1610 1706 1682 plenius
1729 1608 1861 1682 cognitis,
1878 1609 1903 1662 in

156 1705 228 1763 tium
253 1705 393 1762 orationis
417 1704 518 1759 habuit
535 1719 541 1757 :
558 1718 587 1756 se
609 1717 686 1772 aegre
704 1700 779 1755 ferre
800 1704 842 1754 tot
857 1704 953 1755 motus
975 1698 1006 1754 in
1062 1698 1133 1755 alios
1156 1702 1315 1754 conventus
1333 1714 1394 1753 rem
1418 1698 1529 1755 deferre
1552 1700 1671 1772 placuit,
1687 1703 1716 1754 ot
1738 1698 1852 1754 interim
1865 1713 1904 1769 ps·

157 1794 220 1850 dies
243 1793 484 1850 inrationabiliter
505 1790 678 1854 adcrescere,
704 1792 838 1859 oportere
854 1789 888 1844 ad
909 1787 1006 1858 cogni·
1062 1804 1124 1844 cem
1140 1787 1218 1842 inter
1233 1803 1281 1842 eos
1303 1786 1412 1842 llrmari
1428 1788 1580 1843 constitnit
1601 1787 1659 1860 (on.
1688 1789 1783 1857 loli).
1810 1785 1904 1841 llatdri·

157 1883 265 1938 tionem
292 1899 374 1938 stram
391 1887 420 1937 et
434 1880 564 1935 omnium
584 1877 634 1950 qui
655 1878 732 1950 justa
746 1877 899 1932 decernere
920 1876 1010 1930 velint
1063 1894 1113 1934 cus
1134 1892 1214 1940 vcro,
1238 1876 1314 1949 quod
1337 1875 1478 1932 memoria
1503 1876 1628 1947 tenebat,
1651 1875 1762 1932 sororis
1786 1891 1844 1931 suae
1865 1875 1905 1930 do·

158 1971 278 2040 referre,
304 1976 333 2027 et
358 1968 410 2026 has
432 1968 581 2039 improbas
605 1966 769 2033 seditiones,
798 1966 902 2037 quibus
927 1965 1010 2036 plebs
1064 1981 1145 2021 mum
1169 1965 1268 2035 paucis
1296 1963 1396 2019 diebus
1424 1970 1491 2021 ante
1515 1966 1655 2038 quosdam
1679 1982 1714 2022 ex
1739 1968 1823 2037 parte
1846 1962 1905 2017 Wic-

158 2059 283 2129 laeditur‚
313 2059 376 2131 agri
404 2057 627 2128 depopulantur,
657 2055 760 2109 debera
789 2053 952 2124 comprimi.
980 2052 1010 2108 Si
1064 2051 1165 2109 manni
1192 2052 1339 2121 invasisse,
1367 2056 1396 2108 et
1424 2052 1596 2125 quibusdam
1624 2053 1799 2119 interfectis,
1824 2051 1904 2107 fllium

158 2164 226 2204 vero
241 2147 400 2220 pertinatia
420 2145 558 2200 desistere
576 2144 697 2212 nollent,
722 2143 903 2215 imperatoris
925 2147 1011 2214 pote·
1064 2142 1143 2198 illius
1166 2143 1287 2196 alterum
1304 2141 1381 2196 intra
1405 2143 1553 2198 ecclesiam
1569 2143 1615 2198 vix
1640 2158 1744 2198 necem
1762 2141 1902 2212 aufugisse,

159 2240 231 2292 state
254 2242 282 2293 et
300 2237 360 2293 suis
384 2233 475 2305 copiis
499 2233 527 2287 vi
552 2236 713 2297 coacturos,
730 2236 764 2286 ut
783 2231 819 2286 ab
834 2231 948 2302 incepto
963 2235 1010 2284 tu·
1065 2236 1095 2286 et
1118 2230 1188 2286 item
1209 2229 1331 2286 alterurn
1358 2230 1393 2286 ab
1418 2231 1544 2303 indignis
1566 2235 1684 2304 captum
1705 2237 1737 2286 et
1763 2231 1902 2286 abductum

160 2322 253 2378 multu
278 2322 431 2387 absistant,
461 2319 649 2373 domonstrat.
673 2319 713 2374 Ad
744 2319 804 2372 haec
828 2318 1012 2372 Wicmannus
1067 2335 1136 2384 esse,
1161 2322 1190 2374 et
1212 2318 1276 2374 idco
1300 2334 1366 2374 cum
1389 2319 1442 2385 his,
1468 2319 1608 2393 aquibus
1634 2325 1719 2376 tanta
1743 2316 1902 2375 contumelia

159 2411 307 2482 respondit
322 2427 330 2466 :
347 2407 516 2479 intellegere
532 2423 604 2471 sese,
629 2422 695 2478 quar
715 2410 956 2462 commemoraret
977 2405 1013 2459 de
1067 2408 1122 2463 sibi
1146 2412 1175 2463 et
1202 2407 1262 2462 suis
1283 2408 1362 2463 illata
1387 2408 1497 2476 luisset,
1519 2410 1629 2466 nullam
1656 2410 1738 2482 pacis
1764 2408 1902 2465 amicitiam

160 2501 241 2555 horto
256 2500 384 2554 tumultu
409 2511 470 2550 esse
485 2510 552 2549 vera
568 2492 614 2563 ¹⁸⁹,
630 2511 682 2549 nec
704 2510 880 2567 quemquam
897 2493 934 2529 ¹⁰⁰
948 2495 1013 2567 plus
1068 2496 1129 2551 sine
1159 2494 1350 2551 satisfactione
1382 2496 1487 2553 habere
1516 2514 1599 2569 posse
1626 2497 1846 2553 demonstravit.
1871 2495 1902 2552 ld

161 2586 268 2643 doloris
291 2602 379 2659 quam
404 2584 499 2655 ipsum
523 2582 624 2638 exinde
648 2600 760 2655 capere,
782 2588 811 2639 et
833 2600 863 2638 ss
877 2584 907 2639 in
933 2587 1013 2655 poto·
1068 2585 1129 2640 haec
1147 2585 1331 2640 Wicmannus
1348 2602 1355 2641 :
1373 2587 1403 2643 Si
1417 2588 1545 2655 confessi,
1561 2586 1667 2658 inquit,
1686 2588 1801 2656 injuriae
1814 2586 1902 2651 debeat,

163 2681 265 2731 statem
289 2691 373 2730 snam
397 2671 572 2736 dediturum,
595 2677 624 2726 ct
648 2672 783 2727 omnibus
805 2672 975 2741 rationibus,
991 2670 1014 2726 si
1069 2688 1158 2728 unam
1172 2673 1276 2728 harum
1300 2675 1374 2729 hauc
1395 2690 1457 2730 esse
1475 2674 1699 2745 iniquissimam,
1723 2675 1904 2748 quodasoro

164 2779 221 2835 qua
236 2763 321 2834 culpa
344 2760 525 2826 criminator,
541 2759 752 2815 satisfacturum
776 2760 933 2832 promittit;
953 2776 1025 2815 sese·
1070 2762 1109 2816 ris
1123 2777 1181 2817 susa
1196 2762 1263 2816 liliis
1280 2763 1408 2817 nondum
1433 2763 1536 2819 adultis
1552 2763 1647 2818 servili
1662 2764 1782 2835 agmine
1802 2778 1904 2833 congre·

164 2857 262 2908 tamen
289 2848 454 2923 permoveri
480 2848 556 2918 quod
587 2849 742 2917 baldricus,
769 2852 834 2919 post
860 2849 1015 2905 amicitiam
1070 2855 1147 2922 galo,
1164 2850 1332 2921 praefectum
1356 2867 1420 2906 cum
1437 2852 1535 2923 paucis
1556 2852 1610 2907 iter
1627 2868 1731 2907 secure
1748 2856 1905 2925 agentcmet

165 2940 242 2996 inter
257 2954 307 2995 eos
322 2939 478 3004 firmatam,
503 2934 571 2991 belli
594 2936 676 2991 initia
690 2937 802 3009 primus
822 2936 1014 3002 concitaverit,
1036 2923 1143 2993 Gnthit
1164 2940 1231 2993 mali
1246 2956 1262 2994 a
1278 2956 1425 3012 quoquam
1441 2941 1641 3013 suspicantem,
1667 2957 1777 3013 magna
1796 2941 1905 2997 insoleu-

166 3028 332 3101 praefectum
358 3025 555 3098 propinquum
580 3024 668 3092 illius,
694 3026 744 3098 qui
767 3024 824 3079 fide
845 3030 874 3079 et
897 3025 1017 3080 consilio
1072 3027 1112 3082 tia
1127 3027 1162 3082 de
1178 3027 1324 3099 inproviso
1339 3029 1486 3098 adortum,
1502 3030 1568 3085 etin
1582 3029 1681 3101 lugam
1701 3031 1903 3102 conjectum,et

167 3118 303 3188 prodesse
318 3115 428 3180 debuit,
451 3111 530 3167 omni
546 3112 655 3167 honore
671 3112 706 3167 ab
732 3129 766 3167 eo
783 3112 937 3185 spoliatum
957 3118 1017 3169 eta
1071 3115 1101 3169 in
1125 3130 1204 3169 sacra
1228 3114 1289 3170 oede
1314 3121 1504 3185 contutatum,
1529 3117 1574 3172 vix
1601 3123 1696 3172 morte
1722 3119 1900 3179 subtractum

168 3204 332 3277 principatu
356 3202 508 3271 dejectum,
526 3199 582 3270 ipsi
597 3204 625 3255 et
639 3200 773 3255 omnibus
788 3201 961 3273 nationibus,
983 3204 1018 3259 ad
1071 3202 1216 3256 nemiuem
1247 3202 1308 3258 foro
1339 3209 1398 3258 tam
1430 3205 1599 3275 pacientem,
1628 3205 1680 3277 qui
1709 3207 1798 3260 talem
1828 3209 1900 3260 actam

168 3308 241 3365 quas
257 3293 333 3347 lama
349 3293 437 3345 tantae
453 3287 673 3343 inhumanitatis
688 3289 836 3360 pervenire
848 3293 952 3361 potuit,
968 3292 1018 3348 de·
1071 3290 1261 3362 periculosam
1280 3292 1485 3346 contumeliam
1505 3293 1623 3347 inultam
1646 3294 1772 3349 transire
1795 3294 1852 3365 pati
1863 3308 1900 3363 po

169 3380 300 3437 testabile
315 3378 416 3434 videri.
440 3376 494 3442 Qui
519 3377 575 3431 nisi
591 3376 625 3432 ab
649 3377 694 3432 his
709 3377 823 3448 injuriis
845 3379 971 3437 discedat
991 3385 1020 3437 et
1073 3379 1174 3435 luisset
1190 3376 1236 3434 ¹⁹⁸.
1262 3381 1408 3435 Baldricus
1432 3381 1481 3434 ubi
1496 3380 1676 3436 manifestius
1700 3381 1843 3438 intellexit
1863 3379 1900 3435 sibi

169 3468 292 3526 liberam
307 3465 473 3523 facultatem
488 3464 531 3519 illi
546 3464 576 3519 in
600 3465 658 3520 suis
673 3466 784 3536 legibus
799 3467 840 3522 uti
859 3470 1018 3539 permittat,
1072 3469 1176 3537 resisti,
1201 3468 1270 3524 dixit
1293 3484 1477 3540 nequaquam
1503 3485 1561 3524 vem
1585 3470 1695 3525 exitum
1721 3471 1815 3538 illum,
1835 3485 1899 3543 quen

170 3573 203 3612 ex
218 3557 269 3613 illa
283 3556 379 3611 saltim
404 3553 553 3622 affinitate,
570 3552 647 3626 quod
673 3570 800 3610 sororem
819 3572 900 3611 suam
914 3557 971 3630 (td)
989 3559 1020 3614 in
1072 3556 1115 3611 illi
1140 3556 1348 3624 existimarent,
1378 3573 1438 3612 esse
1462 3556 1635 3613 habituram.
1662 3559 1696 3614 Et
1721 3575 1788 3614 cum
1812 3576 1843 3614 ex
1865 3559 1900 3612 boc

171 3645 341 3718 conjugium
360 3644 490 3710 duxerat,
507 3643 569 3715 ejus
590 3641 711 3714 injurias
734 3659 794 3698 non
809 3645 1018 3716 neglecturum,
1061 3646 1215 3703 ‚tumultus
1239 3661 1313 3716 pene
1335 3645 1514 3714 excitaretur,
1530 3647 1645 3701 accessit
1659 3647 1695 3703 ad
1721 3663 1789 3703 eum
1806 3647 1900 3720 quidun

171 3751 266 3808 noque
292 3734 356 3790 hoec
381 3730 513 3787 faciendo
542 3730 698 3804 quicquam
726 3731 859 3787 maleficii
885 3735 1021 3790 adversus
1075 3733 1181 3802 dicens,
1209 3734 1279 3789 etid
1305 3734 1420 3790 clariori
1444 3751 1509 3790 voce
1534 3739 1565 3789 ut
1583 3751 1690 3807 magna
1715 3753 1785 3808 pars
1808 3751 1899 3793 suorun

171 3823 295 3897 gratiam
327 3819 508 3891 imperatoris
537 3836 567 3874 se
596 3824 737 3886 acturum,
768 3822 928 3892 prasertim
955 3841 1021 3880 cum
1075 3823 1195 3889 audiret,
1218 3822 1300 3878 illum
1324 3840 1357 3878 ex
1374 3840 1407 3878 co
1423 3840 1492 3895 agro
1507 3824 1600 3879 vivum
1618 3841 1677 3879 non
1698 3826 1852 3894 exiturum,
1864 3823 1900 3879 nisi

173 3912 319 3977 omnibus,
339 3909 416 3963 uude
440 3909 503 3963 lites
521 3913 674 3979 augentur,
691 3908 785 3962 studio
800 3909 879 3980 pacis
892 3927 1022 3967 summo·
1075 3911 1130 3967 hoc
1161 3911 1266 3967 faceret
1297 3913 1375 3984 quod
1406 3912 1554 3984 episcopus
1584 3918 1613 3968 et
1644 3914 1834 3970 Wicmannus
1856 3928 1899 3969 oon·
1937 3922 1942 3987 t

172 4015 240 4070 pure
253 4015 283 4054 se
298 3998 482 4067 interponere
498 3999 526 4050 et
543 4012 578 4050 ea
593 3995 762 4050 submovere
775 3997 845 4050 velle
860 3997 1023 4056 confirmat·
1076 4000 1246 4055 stituissent.
1278 4000 1340 4065 Qua
1371 4016 1440 4054 voce
1475 4001 1652 4072 perterritus,
1687 4003 1797 4058 annuit
1818 4007 1900 4074 utpax
1936 3990 1942 4043 ‘=

174 4089 320 4144 baldricus
342 4085 409 4141 huic
430 4084 579 4139 sententiae
603 4083 664 4137 hac
687 4082 786 4138 retulit
803 4099 809 4137 :
826 4099 885 4138 non
907 4100 922 4138 a
942 4098 972 4137 se
992 4082 1024 4138 ti·
1077 4088 1168 4155 tieret,
1185 4103 1249 4159 quas
1264 4088 1299 4142 ab
1316 4087 1446 4159 utrisque
1471 4089 1506 4144 ad
1520 4094 1626 4144 certam
1645 4090 1725 4146 diem
1749 4092 1901 4148 sacramento
1938 4054 1943 4147 i

174 4177 241 4233 dem
257 4177 367 4241 laesam,
394 4188 489 4244 nequa
505 4189 521 4227 a
535 4189 564 4227 sa
578 4170 774 4238 commissum,
799 4172 876 4227 unde
898 4171 1059 4256 amicitiaD
1077 4176 1191 4232 firmata
1204 4180 1257 4231 est.

175 4263 293 4320 dissolvi
325 4260 483 4328 debuisset;
519 4260 590 4315 scire
621 4275 651 4312 se
680 4259 797 4331 quidem
826 4260 1024 4332 propinquum
1326 4268 1352 4320 a.
1369 4268 1406 4322 De
1425 4265 1494 4322 dotis
1512 4267 1675 4322 Wicmunai.
1942 4328 1945 4343 Ι

176 4367 334 4407 sunmnon
353 4346 452 4403 i11a¹⁹¹
477 4348 596 4405 scientia
610 4352 660 4402 aut
674 4349 828 4418 prudentia
846 4365 907 4405 csse
922 4354 956 4404 ul
970 4349 1026 4405 sibi
1114 4354 1162 4409 Set
1188 4356 1293 4426 praeter
1324 4369 1358 4409 ea
1389 4355 1457 4410 dum
1489 4370 1599 4409 mecum
1631 4360 1747 4426 reputo,
1776 4359 1904 4411 totsacra·
1941 4362 1946 4429 ξ

176 4439 337 4494 commissa
362 4436 494 4509 dignitati
518 4451 618 4492 curam
640 4435 745 4490 habere
771 4443 881 4508 posset3
906 4438 971 4493 ideo
995 4455 1026 4495 se
1081 4446 1178 4496 menta
1192 4441 1301 4514 perfido
1319 4442 1417 4496 animo
1432 4447 1603 4515 perpetrata,
1620 4445 1827 4500 mirandumne
1840 4444 1870 4497 sit
1880 4454 1906 4494 an

176 4527 254 4583 illius
286 4527 372 4582 rebus
404 4525 605 4589 intermisisse,
635 4529 666 4578 ut
695 4523 721 4580 ei
752 4525 847 4597 polius
877 4527 1027 4597 prodesset
1081 4531 1236 4587 dolendum
1253 4530 1364 4600 dubito,
1377 4548 1410 4586 eo
1430 4532 1508 4602 quod
1524 4531 1566 4586 illi
1580 4532 1631 4602 qui
1645 4548 1762 4588 summo
1777 4534 1877 4589 honore
1888 4532 1908 4582 et

178 4633 265 4689 quam
280 4615 402 4680 obesset,
417 4619 445 4670 et
460 4614 488 4669 id
505 4630 559 4669 sua
574 4612 721 4668 voluntate
735 4614 793 4685 iam
808 4614 920 4686 pridem
941 4633 1026 4688 agere
1081 4619 1220 4692 dignitate
1235 4619 1347 4690 praediti
1370 4619 1405 4675 ad
1418 4625 1529 4676 tantam
1543 4620 1697 4692 perfidiam
1711 4622 1771 4677 siut
1792 4617 1907 4680 devoluti,

177 4705 310 4773 voluisse,
325 4704 349 4759 si
367 4703 401 4740 ¹⁹²
425 4702 614 4776 ipsocopiam
638 4718 752 4758 cumeo
771 4703 955 4776 colloquendi
975 4705 1027 4760 ba·
1081 4713 1114 4762 ut
1134 4708 1202 4762 talia
1230 4713 1328 4763 contra
1347 4708 1493 4780 justiciam
1517 4709 1683 4765 Christianae
1708 4709 1780 4766 fidei
1804 4710 1910 4782 agerent,
1944 4724 1946 4779 ;

177 4794 246 4852 bere
273 4794 427 4867 potuisset;
457 4793 570 4848 sedita
595 4791 688 4857 illum,
715 4791 797 4863 quasi
825 4793 877 4846 sub
903 4793 1027 4864 quadam
1082 4795 1435 4867 qualianccvilevulgus
1455 4797 1627 4868 cogitatione
1646 4796 1911 4870 quidemconcipsrs
1944 4788 1946 4797 '

178 4883 317 4950 custodia,
347 4898 462 4954 semper
489 4897 506 4936 a
535 4880 703 4936 wicmanno
732 4879 894 4936 devinctum
923 4885 951 4936 et
977 4881 1028 4937 tali
1082 4888 1285 4954 praesumerem
1314 4884 1389 4940 unde
1416 4885 1502 4940 etiam
1521 4884 1676 4941 secundum
1703 4888 1851 4942 notarium
1865 4882 1912 4954 Spi-

178 4972 329 5046 disciplina
346 4971 543 5040 constrictum,
566 4975 599 5026 ut
617 4985 711 5043 neque
732 4969 769 5025 ad
792 4976 972 5026 momentum
992 4972 1028 5027 ab
1082 4970 1155 5027 ritus
1170 4972 1260 5027 sancti
1287 4971 1430 5028 dicentem
1447 4989 1454 5029 :
1470 4975 1530 5032 Noa
1544 4974 1672 5045 boeotos
1690 4990 1721 5030 os
1741 4991 1832 5032 mensa
1850 4983 1914 5045 opat

883 5086 1001 5141 VARlAE
1026 5083 1223 5142 LECTIONES.

215 5191 250 5231 ¹⁸⁸
280 5194 322 5248 ita
335 5193 373 5248 Ε.
389 5197 508 5248 novarat
534 5209 558 5248 c.
598 5189 633 5226 ¹⁸⁸
647 5207 700 5246 voc
725 5191 836 5247 eccidit.
877 5189 913 5227 ¹⁸⁰
941 5190 1053 5263 injustit
1071 5206 1094 5248 r.
1135 5189 1171 5227 ¹⁸⁷
1198 5195 1294 5263 gestus
1323 5195 1346 5248 l.
1385 5190 1421 5228 ¹⁸⁸
1449 5193 1630 5264 permitteret
1654 5209 1678 5249 c.
1720 5192 1759 5230 ¹⁸⁹
1786 5210 1879 5252 veram
1898 5207 1914 5246 c.

180 5260 355 5335 ¹⁸⁰quemq;
373 5266 396 5319 t.
436 5263 470 5299 ¹⁰¹
486 5263 565 5320 illio.
605 5260 723 5318 ¹⁹¹sec.
763 5261 798 5297 ¹⁹³
814 5261 965 5333 susciperit
980 5265 1005 5320 t.
1046 5258 1081 5300 ¹⁹⁸
1096 5261 1260 5334 potuissec.

998 5365 1111 5422 NOTAE.

215 5459 268 5530 (ld)
284 5458 421 5516 Praefecti.
