3878 6112
136 254 188 307 703
677 250 883 308 cuncutitur
902 248 1168 307 wouttncluusm
1186 246 1352 306 uelsuort.
1840 248 1892 303 'atii

135 374 171 430 ad
195 373 356 429 offerendas
376 376 433 429 Deo
454 373 905 446 hostiaspraeparatacaemeteria
926 375 1020 431 sivan
1041 378 1153 429 aetatem
1183 374 1357 444 decrepitam
1381 370 1452 428 levis
1476 388 1509 428 ac
1531 372 1656 428 lubricus
1688 372 1808 440 exstitit,
1836 389 1893 428 mo·

134 464 304 534 polyandria
319 463 482 519 factasunt.
508 464 586 519 Unda
602 465 735 518 volumus
759 468 791 518 ut
814 464 849 518 ab
875 464 929 519 hac
954 480 986 518 re
1039 463 1166 534 dumque
1181 464 1239 516 suis
1253 462 1439 533 pravitatibus
1453 477 1561 532 ponere
1583 463 1765 534 contempsit.
1788 462 1891 517 Eadem

135 552 271 622 deinceps
286 552 471 612 abstineatur,
485 556 516 606 ut
531 569 616 607 nemo
636 553 665 605 in
682 554 804 606 Ecclesia
820 555 984 624 sepeliatur,
1039 568 1105 606 vero
1116 557 1198 606 nocte
1215 568 1273 622 qua
1293 552 1421 621 sepultus
1435 556 1488 618 est,
1511 552 1610 605 beatus
1636 551 1790 604 Faustinus
1816 565 1888 604 mar·

136 641 192 696 nisi
205 640 277 694 forte
292 641 357 694 talis
381 641 416 694 sit
441 657 564 711 persona
584 641 749 709 sacerdotis,
770 641 987 712 autcujuslibet
1040 646 1095 712 tyr,
1121 641 1152 694 in
1179 641 1260 710 oujm
1286 640 1406 694 Ecclesia
1438 655 1542 709 corpus
1568 639 1631 709 ejus
1657 639 1711 693 luit
1734 639 1886 693 humatum

135 728 206 800 justi
222 729 421 798 hominis‚qui
442 745 493 800 per
511 730 576 783 vitae
601 730 736 784 meritum
759 731 844 784 telem
866 731 986 784 vivendo
1040 730 1150 784 custodi
1165 745 1216 783 suo
1232 729 1366 800 apparuit
1387 727 1508 782 dicens:
1529 728 1604 781 Vade
1631 728 1718 781 etdic
1742 728 1890 799 episcopo,

35 2820 37 2825 ,
142 2763 203 2818 loca
228 2779 308 2818 sacra
333 2763 462 2829 veniunt,
494 2781 623 2831 suorum,
650 2781 774 2835 querum

137 836 188 873 sno
204 817 318 888 corpori
340 816 473 871 defuncto
493 819 585 871 iocum
608 818 765 889 acquisivit.
782 818 907 890 Corpora
921 835 987 873 vero

139 921 203 976 quae
220 905 379 975 antiquitus
396 906 425 959 in
441 906 572 960 Ecclesiis
588 907 699 977 sepulta
711 913 786 973 sunt,
804 923 987 979 nequaquam

138 994 335 1064 projiciantur,
354 994 408 1047 nisi
432 996 489 1049 sint
511 1011 701 1066 paganorum,
723 997 771 1050 sed
798 996 901 1050 tumuli
937 995 987 1066 qui

138 1087 278 1153 apparent
292 1082 460 1153 profundius
485 1084 515 1137 in
537 1088 643 1138 terram
672 1085 832 1151 mittantur,
859 1090 887 1138 et
908 1085 987 1155 pavi-

139 1175 235 1225 mento
251 1170 374 1241 desuper
389 1171 461 1226 facto
478 1173 557 1226 nullo
571 1174 750 1227 tumulorum
765 1174 885 1243 vestigio
901 1189 988 1243 appa-

138 1265 231 1327 rente,
263 1260 393 1313 Ecclesiae
421 1261 582 1315 reverentia
610 1268 804 1316 conservetur.
838 1263 890 1317 Ubi
920 1278 987 1318 vero

138 1353 218 1402 tanta
237 1352 279 1402 est
305 1349 460 1403 multitudo
487 1351 667 1417 cadaverum,
690 1356 720 1404 ul
735 1351 789 1404 hoc
803 1351 895 1405 iacere
911 1351 987 1405 dilli-

139 1437 191 1492 eiie
207 1437 253 1505 sit,
279 1438 359 1491 loeus
387 1438 434 1491 ille
455 1454 508 1508 pro
532 1438 696 1492 coenicterio
720 1439 869 1506 habeatur,
893 1440 987 1495 ablato

138 1525 205 1580 inde
231 1525 402 1594 altari,etin
430 1526 485 1580 alio
512 1527 574 1581 loco
597 1528 761 1594 constituto,

138 1620 167 1669 et
181 1629 253 1685 pure
275 1615 331 1668 Deo
346 1615 515 1670 sacrificium
533 1616 629 1670 offerri
645 1616 747 1670 valeat.

786 1527 835 1581 ubi
855 1528 988 1598 religiose

140 1721 204 1775 Can.
223 1721 302 1775 CLll.
318 1753 353 1760 —
374 1724 412 1776 De
427 1722 482 1776 iltis
507 1724 556 1791 qui
576 1725 606 1776 in
624 1725 710 1778 sceris
735 1724 798 1777 locis
821 1738 849 1777 se
876 1726 988 1794 sepelire

492 1795 631 1862 petierint.

175 1878 306 1951 (Aoqust.
323 1879 413 1950 dicit.)
437 1879 545 1943 Quibus
568 1885 684 1950 peccata
711 1881 828 1936 dimissa
847 1898 906 1936 non
923 1887 989 1936 sunt

139 1984 156 2021 a
187 1967 273 2020 sacris
298 1967 365 2021 locis
389 1973 596 2038 postmortem
619 1969 748 2039 adjuvari
771 1986 830 2024 vion
856 1975 986 2041 possunt,

140 2056 208 2128 quia
223 2072 295 2126 quos
307 2062 422 2125 peccata
437 2057 535 2127 gravia
560 2057 736 2127 deprimunt,
754 2057 778 2111 si
797 2057 828 2112 in
842 2058 928 2111 sacris
942 2059 988 2113 lo-

139 2145 178 2199 cis
193 2144 313 2215 sepelire
327 2161 356 2199 se
372 2145 501 2211 faciunt3
519 2150 645 2200 restatut
658 2146 751 2200 desua
762 2146 988 2216 presumptione

136 2233 311 2304 judicentur.
339 2239 480 2304 quatenus
506 2251 553 2289 eos
578 2251 657 2289 sacra
679 2236 742 2289 loca
765 2251 824 2289 nou
854 2236 987 2302 liberant,

142 2322 191 2376 sed
204 2321 287 2391 culpa
301 2323 471 2377 temeritatis
487 2329 609 2378 accusat.

345 2410 409 2464 Cae.
427 2412 519 2467 CLlll.
536 2442 571 2452 —
586 2413 628 2466 De
641 2412 733 2467 eedem
746 2416 792 2466 re.¹

178 2496 299 2569 (Greqor.
315 2498 385 2553 dicit
403 2502 432 2553 in
447 2499 555 2567 diotopo
574 2501 646 2566 sue.)
661 2499 731 2555 Cum
756 2500 852 2570 gravia
875 2504 989 2569 peecata

140 2601 200 2639 non
215 2584 392 2654 deprimunt,
420 2586 474 2639 hoc
493 2587 609 2656 prodest
625 2587 746 2641 mortuis
762 2588 785 2640 si
801 2587 830 2640 in
860 2588 989 2642 Ecclesiis

141 2675 326 2744 sepeliantur,
341 2675 418 2745 quod
436 2691 537 2730 eorum
555 2675 678 2746 proximi
702 2678 812 2747 quoties
839 2676 871 2730 ed
889 2678 989 2731 eadem

811 2767 989 2836 sepulturam

140 2851 292 2922 aspiciunt,
328 2852 506 2919 recordatur,
530 2859 559 2907 et
592 2869 645 2923 pro
670 2853 711 2908 cis
741 2854 864 2908 Domino
891 2870 989 2925 preces

140 2941 275 2996 fundunt.
291 2942 363 2995 Nam
377 2957 450 3011 quos
464 2948 579 3012 peccata
600 2942 698 3012 gravia
721 2943 897 3013 deprimunt,
929 2960 986 2997 vion
1004 2927 1025 2985 C

140 3028 175 3083 ad
191 3029 402 3084 absolutionem
418 3029 514 3098 potius
530 3046 617 3100 quam
635 3030 669 3084 ad
680 3029 873 3085 damnationis
889 3047 989 3086 curnu-

140 3119 201 3172 lum
217 3119 366 3186 majorem,
383 3132 484 3170 eorum
497 3133 618 3187 corpora
635 3119 665 3171 in
686 3118 816 3172 Ecclesiis
833 3125 988 3189 ponuntur.

142 3204 221 3270 Quod
250 3204 353 3258 matius
377 3204 566 3271 ostendimus,
587 3204 611 3258 si
633 3221 744 3276 eaquae
767 3206 866 3260 diebus
888 3208 990 3262 nostris

142 3297 221 3364 gesta
235 3296 302 3347 sunt
317 3291 442 3347 breviter
456 3308 633 3347 enarremus.
653 3293 702 3347 Vir
716 3309 841 3365 namque
858 3295 922 3350 vitre
947 3313 991 3350 ve·

143 3380 278 3435 necabitis
308 3381 385 3436 Felix
407 3382 571 3436 Portuensis
598 3381 757 3453 episcopus,
783 3383 813 3438 in
842 3384 989 3438 Sabincnsi

142 3469 289 3539 provincia
309 3475 388 3523 ortus
410 3473 496 3540 atque
527 3471 733 3532 enutritusest.
759 3471 808 3542 qui
834 3475 989 3543 quamdam

142 3557 390 3613 sanctimonialem
405 3558 542 3613 feminam
556 3559 586 3613 in
604 3560 665 3614 ioco
679 3560 778 3614 eodem
798 3560 885 3615 fuisse
904 3568 989 3616 testa-

141 3651 198 3713 tur,
224 3662 288 3717 quae
308 3647 403 3700 carnis
427 3647 543 3716 quidem
566 3646 775 3702 continentiam
803 3648 913 3717 habuit,
940 3650 991 3705 sed

142 3733 250 3803 linguas
263 3737 466 3805 procacitatem
482 3740 568 3806 atque
585 3735 796 3806 stultiloquium
821 3753 879 3791 non
903 3737 990 3793 decli·

143 3821 229 3879 navit.
247 3823 313 3877 Haec
328 3823 417 3894 igitur
430 3823 573 3891 defuncte,
589 3828 674 3894 atque
701 3824 731 3878 in
745 3825 868 3878 Ecclesia
880 3827 992 3896 sepulte

143 3917 196 3966 est.
220 3913 306 3966 Nocte
331 3917 426 3966 autern
448 3913 549 3967 eadem
575 3913 701 3983 ejusdcm
743 3915 872 3968 Ecclesia
897 3920 991 3970 eustos

144 4016 196 4070 per
222 4001 426 4055 revelationem
463 4000 543 4067 vidit,
574 4000 642 4071 quia
675 4001 760 4056 ducta
786 4008 853 4055 ante
879 4019 991 4058 sacrum

146 4089 234 4143 altare
259 4105 311 4161 per
335 4089 462 4143 medium
485 4089 644 4154 secabatur,
664 4105 730 4159 pars
752 4106 811 4143 una
834 4090 910 4144 illius
930 4091 992 4162 igni

1040 817 1174 887 projiciat
1187 817 1253 870 iiiuc
1269 818 1390 870 fetentes
1404 832 1504 870 carnes
1524 832 1596 886 quas
1609 815 1656 870 bic
1680 816 1790 886 posuit,
1814 815 1891 886 quia,

1041 904 1064 958 si
1080 921 1138 958 non
1156 905 1263 970 iecerit,
1291 905 1352 976 ipse
1378 904 1424 959 dic
1448 904 1597 974 trigesimo
1623 905 1774 958 morietur.
1801 903 1891 967 Quam

1042 993 1179 1048 visionem
1196 997 1290 1047 custos
1304 993 1440 1064 episcopo
1469 993 1566 1047 timuit
1588 992 1730 1060 confiteri,
1745 997 1774 1045 et
1795 1007 1891 1045 rursus

1041 1083 1207 1137 admonitus
1220 1082 1382 1137 declinavit.
1408 1082 1459 1136 ilic
1474 1087 1569 1136 autern
1587 1081 1746 1152 trigesimo,
1761 1081 1891 1150 ejusdem

1042 1173 1162 1227 civitatis
1177 1172 1337 1243 episcopus,
1353 1186 1418 1225 cum
1434 1169 1597 1240 vespertina
1616 1170 1688 1222 hora
1703 1186 1793 1222 sanus
1808 1173 1891 1239 atque

1041 1261 1195 1315 incolumis
1227 1260 1262 1314 ad
1287 1260 1393 1313 lectum
1415 1258 1547 1324 redisset,
1572 1257 1665 1311 subita
1690 1262 1719 1311 ct
1743 1255 1892 1327 inopinata

1042 1353 1133 1404 morte
1148 1349 1300 1403 defunctus
1315 1353 1369 1403 est.

1250 1454 1314 1509 Cen.
1331 1453 1406 1508 CLV.
1425 1482 1458 1492 -
1476 1453 1517 1506 De
1535 1451 1629 1506 eodem
1640 1467 1680 1505 re.

1079 1558 1156 1630 (item
1173 1557 1264 1629 eree.)
1296 1558 1383 1613 adest
1397 1574 1514 1629 quoque
1536 1557 1567 1611 in
1589 1555 1725 1628 praesenti
1739 1571 1829 1610 senex
1843 1570 1891 1609 ve-

1002 1646 1176 1705 Bnerabitis
1202 1651 1284 1716 peter
1319 1646 1472 1700 Venentius
1511 1645 1648 1700 Lunensis
1678 1644 1846 1716 episeopus,
1867 1648 1892 1697 et

1041 1734 1212 1806 magnificus
1227 1734 1354 1791 Liberius
1375 1735 1418 1788 vir
1443 1733 1636 1788 nobilissimus
1665 1739 1755 1804 atque
1776 1731 1888 1786 veracis·

1041 1824 1141 1890 simus,
1171 1825 1220 1896 qui
1248 1840 1278 1878 se
1308 1824 1378 1877 scire
1412 1837 1535 1894 suosque
1571 1821 1703 1876 homiues
1730 1819 1889 1875 intermisso

1041 1918 1183 1970 testantur
1198 1913 1223 1966 ei
1240 1911 1293 1979 rei,
1316 1928 1403 1983 quam
1426 1916 1546 1965 narrant
1570 1926 1664 1980 nuper·
1687 1909 1717 1963 in
1746 1908 1887 1965 Genuensi

1041 2005 1113 2060 urbe
1128 2001 1290 2071 contigisse.
1303 2000 1344 2055 lbi
1357 2015 1491 2071 namque,
1509 2005 1540 2053 nt
1550 1998 1656 2063 dicunt,
1665 1998 1839 2052 Valentinus
1848 2013 1887 2050 no

1042 2093 1119 2148 mine
1134 2089 1350 2146 Mediolanensis
1369 2088 1501 2142 Ecclesiae
1522 2088 1655 2142 defensor
1671 2086 1829 2141 defunctus
1842 2090 1884 2151 est,

1040 2181 1083 2235 vir
1110 2179 1191 2234 valde
1217 2179 1354 2244 lubricus,
1384 2183 1414 2231 et
1440 2177 1550 2232 cunct-is
1578 2176 1745 2230 levitatibus
1774 2189 1883 2245 occupa·

1041 2275 1097 2335 tus,
1113 2270 1194 2338 cujus
1209 2284 1313 2336 corpus
1327 2267 1358 2319 in
1382 2266 1501 2320 ecclesia
1522 2265 1598 2320 beati
1614 2265 1752 2334 martyris
1767 2264 1830 2335 Syri
1852 2279 1886 2317 se

1041 2360 1155 2429 pultum
1182 2361 1235 2422 est,
1258 2356 1343 2409 Necte
1363 2360 1459 2408 autem
1482 2353 1576 2408 media
1603 2354 1633 2406 in
1657 2353 1760 2406 eadem
1782 2351 1887 2405 ecclesia

1041 2447 1123 2501 iactae
1139 2449 1205 2498 sunt
1231 2460 1323 2512 voces,
1348 2459 1380 2497 ac
1398 2442 1421 2496 si
1444 2443 1510 2513 quis
1526 2442 1666 2495 violenter
1677 2457 1711 2494 ex
1728 2456 1763 2494 ea
1780 2440 1888 2510 repelle·

1042 2541 1121 2591 retur
1138 2551 1170 2588 ac
1184 2533 1348 2588 traheretur
1371 2532 1458 2586 foras.
1480 2531 1520 2584 Ad
1549 2546 1620 2601 quas
1645 2529 1789 2583 nimirum
1815 2543 1888 2581 voees

1043 2623 1196 2680 currebant
1217 2621 1358 2685 custodes,
1384 2624 1413 2673 et
1439 2619 1575 2674 viderunt
1600 2618 1672 2672 duos
1690 2617 1831 2688 quosdam
1852 2621 1887 2668 te·

1041 2715 1177 2768 terrimos
1191 2711 1319 2782 spiritus,
1342 2709 1391 2779 qui
1406 2708 1536 2779 ejusdem
1552 2706 1696 2761 Valentini
1719 2706 1809 2776 pedes
1823 2721 1886 2775 qua·

1043 2803 1109 2857 dam
1137 2801 1261 2871 ligatura
1284 2799 1469 2866 strinxerant,
1493 2799 1521 2850 et
1540 2812 1606 2850 cum
1626 2795 1662 2848 ab
1697 2795 1816 2849 ecclesia
1839 2794 1886 2846 cla·

1044 2897 1170 2946 mantem
1188 2906 1219 2943 ac
1248 2888 1371 2942 nimium
1401 2885 1605 2940 vociferantem
1625 2884 1702 2938 foras
1729 2883 1885 2939 trabebant.

1046 2980 1101 3045 Qui
1129 2976 1262 3032 videlicet
1296 2975 1403 3042 territi,
1426 2974 1461 3028 ad
1492 2989 1544 3026 sua
1572 2977 1660 3026 strata
1687 2972 1795 3025 reversi
1817 2973 1883 3023 sunt.

1046 3069 1126 3123 Mane
1152 3069 1247 3120 aretem
1271 3065 1355 3129 facto,
1381 3066 1557 3133 aperuerunt
1580 3061 1747 3131 sepulerum
1776 3060 1806 3113 in
1833 3074 1882 3129 quo

1044 3155 1121 3210 idem
1147 3153 1314 3207 Valentinus
1349 3151 1459 3222 positus
1483 3155 1553 3215 erat,
1575 3150 1694 3220 eJ'usque
1717 3165 1821 3219 eorpus
1835 3163 1883 3200 non

1043 3244 1224 3298 invenerunt.
1253 3241 1382 3310 Cumque
1405 3249 1484 3294 extra
1508 3239 1639 3292 ecelesias
1659 3243 1821 3308 {quaererent
1844 3234 1883 3288 ubi

1044 3333 1203 3405 projectum
1233 3334 1316 3394 esset,
1341 3329 1515 3383 invenerunt
1538 3327 1591 3380 boc
1619 3326 1648 3379 in
1674 3326 1804 3394 sepulcre
1837 3324 1882 3377 alie

1045 3421 1179 3494 positum,
1194 3418 1289 3490 ligatis
1302 3417 1394 3471 adhuc
1410 3416 1528 3487 pedibus
1550 3416 1623 3468 sieut
1646 3413 1814 3467 deecclesia
1835 3412 1879 3465 init

1045 3510 1227 3564 abstractum.
1247 3508 1284 3561 Ex
1299 3523 1356 3577 qua
1370 3522 1410 3571 rc,
1435 3507 1526 3567 Petra,
1549 3503 1662 3572 collige,
1686 3503 1755 3573 quie
1776 3503 1803 3556 hi
1823 3517 1882 3570 qnos

1044 3599 1159 3666 peccata
1178 3593 1274 3664 gravia
1298 3592 1474 3662 deprimunt,
1497 3591 1520 3644 si
1544 3590 1574 3643 in
1591 3605 1671 3644 saeco
1693 3591 1753 3642 loco
1776 3588 1881 3658 sepelire

1045 3700 1075 3739 se
1103 3682 1217 3749 iaciant,
1241 3686 1329 3735 restat
1356 3685 1386 3733 nt
1421 3678 1507 3733 etiam
1533 3679 1568 3731 dc
1596 3694 1646 3731 sua
1669 3677 1880 3746 praesumptione

1042 3773 1218 3845 judicentur,
1235 3776 1377 3842 quatenus
1393 3784 1442 3821 eos
1457 3783 1536 3820 secra
1552 3767 1611 3820 loca
1627 3782 1683 3819 vion
1698 3765 1827 3827 liberent,
1839 3761 1878 3816 sed

1046 3861 1132 3916 etiam
1147 3860 1232 3930 culpa
1242 3856 1411 3914 temeritatis
1427 3860 1547 3910 accuset.

1254 3982 1318 4037 Ceo.
1335 3980 1421 4036 CLVI.
1438 4008 1474 4020 —
1487 3981 1522 4033 De
1537 3977 1629 4032 eudem
1644 3992 1681 4031 re.

1082 4088 1160 4158 (Item
1177 4090 1271 4153 Grec.)
1289 4087 1358 4140 Nam
1380 4085 1450 4156 quid
1466 4100 1581 4154 querque
1596 4083 1626 4136 in
1651 4082 1704 4136 bac
1723 4082 1792 4136 urbe
1807 4078 1878 4135 eoni-

144 4176 334 4245 cremabatur,
347 4193 414 4247 pars
425 4177 732 4232 autemalteraintacta
741 4180 889 4233 remansit.
904 4180 990 4235 Cum·
1006 4209 1028 4262 D
1047 4177 1132 4249 gerit,
1156 4176 1312 4230 tinctorum
1336 4174 1385 4245 qui
1410 4173 1455 4226 hic
1479 4171 1611 4227 habitant
1630 4171 1786 4224 multitude
1809 4173 1878 4221 testa·

144 4281 200 4336 qua
215 4265 269 4319 boc
283 4281 403 4335 surgens
427 4281 510 4320 mane
534 4265 670 4320 iratribus
698 4272 840 4335 narraret,
855 4271 883 4322 et
898 4270 992 4324 locum
1046 4272 1116 4322 tur:
1134 4264 1343 4336 quodquidam
1368 4261 1436 4315 artis
1452 4276 1551 4315 eorvrm
1573 4258 1684 4329 primus
1709 4270 1773 4312 evim
1796 4254 1878 4311 deiun-

145 4353 230 4406 vellet
245 4353 392 4408 ostendere
405 4352 435 4407 iu
454 4370 511 4425 quo
526 4353 619 4407 fuerat
643 4354 709 4424 igne
728 4362 907 4427 consermpta,
931 4358 993 4428 ipsa
1048 4360 1110 4409 ctus
1124 4352 1233 4420 fuisset,
1245 4353 1326 4421 juxta
1340 4350 1488 4403 ecclesiam
1503 4349 1579 4402 beati
1593 4346 1723 4401 ianuarii
1753 4343 1877 4415 martyris

145 4441 269 4495 ilammae
284 4441 443 4496 combustio
456 4443 497 4495 ita
511 4446 577 4496 ante
587 4444 676 4496 attare
686 4444 992 4513 apparuitiumarmo-
1044 4444 1126 4515 juxta
1138 4446 1250 4512 portam
1266 4439 1357 4494 suncti
1383 4436 1529 4492 Laurentii
1543 4452 1560 4489 a
1586 4435 1711 4505 conjuge
1727 4450 1778 4488 sua
1804 4429 1879 4502 sepul·

146 4529 235 4596 ribus,
251 4531 321 4584 acsi
337 4530 395 4585 illic
415 4531 515 4585 eedem
531 4531 639 4585 femina
653 4547 791 4602 corporeo
811 4532 912 4587 fuisset
926 4534 994 4605 igne
1047 4535 1160 4586 tuaest.
1189 4528 1326 4598 Sequenti
1342 4531 1437 4579 autern
1461 4530 1543 4579 nocte
1568 4539 1600 4577 ex
1622 4523 1773 4592 sepultura
1785 4521 1879 4577 eadem.

145 4623 334 4674 concremata.
351 4621 458 4690 Exqua
474 4637 502 4673 re
519 4620 716 4690 apertedatur
731 4619 865 4690 intelligi,
882 4622 950 4691 quia
963 4622 994 4676 hi
1048 4619 1184 4674 audiente
1201 4614 1327 4677 custode,
1359 4616 1420 4684 eJ'us
1446 4614 1565 4685 spiritus
1587 4611 1881 4682 capitelamarmr·
1927 4666 1929 4685 Ι

145 4708 251 4780 quibus
265 4713 379 4778 peccata
394 4709 512 4763 dimissa
526 4726 584 4763 non
596 4709 712 4774 luerint,
725 4708 760 4763 ad
776 4709 940 4763 evitandum
949 4710 994 4781 J'u·
1047 4708 1112 4772 deo,
1129 4705 1225 4760 ardeo.
1237 4704 1307 4759 Cum
1319 4718 1386 4756 vero
1402 4701 1453 4755 has
1477 4701 1526 4755 diu
1542 4715 1623 4754 voees
1637 4698 1792 4766 emitteret,
1803 4700 1881 4750 custos

144 4796 252 4879 dicium
267 4797 354 4851 sacris
370 4798 438 4852 locis
453 4804 647 4868 postmortem
664 4814 719 4851 non
736 4798 830 4851 valent
854 4797 992 4868 adjuvari.

349 4885 413 4941 Can.
431 4886 519 4942 CLIV.
538 4889 618 4941 -De
637 4886 729 4941 eodem
748 4902 786 4940 rc.

179 4973 264 5043 (Item
278 4973 370 5045 Grec.)
391 4976 516 5029 loannes
538 4990 653 5045 quoque
678 4973 848 5045 magnificus
873 4972 903 5028 in
942 4974 995 5029 hac

143 5061 214 5115 rrrbe
246 5062 338 5116 iocum
365 5061 559 5133 perfectorum
589 5077 715 5128 servans,
756 5062 838 5133 cujus
866 5060 995 5116 veritatis

44 5213 49 5222 .
146 5153 231 5219 atquc
245 5149 392 5220 gravitatis
407 5149 444 5203 sit
469 5150 611 5212 novimus,
637 5149 687 5220 qui
712 5149 783 5203 mihi
798 5154 917 5204 testatus
941 5156 993 5218 est,

146 5237 328 5313 Valerianum
340 5238 492 5308 patricium
507 5238 535 5292 in
552 5232 674 5292 'civitate
698 5254 762 5308 quac
779 5238 861 5293 Brixa
889 5238 995 5293 dieitur

146 5325 234 5379 inisse
255 5326 430 5380 defunctum.
463 5326 516 5381 Cui
539 5326 668 5395 ejusdem
692 5326 817 5379 civitatis
843 5327 995 5396 episcopus

146 5420 263 5483 accepto
286 5415 377 5485 pretio
404 5417 496 5468 locum
523 5416 552 5468 in
583 5414 703 5469 Ecclesia
726 5415 860 5484 praebuit,
886 5416 916 5468 iu
938 5430 994 5481 quo

146 5503 262 5575 sepeliri
277 5502 430 5557 debuisset.
447 5504 501 5568 Qui
515 5503 648 5559 videlicet
673 5502 839 5558 Valerianus
853 5503 995 5574 usquead

1048 4796 1103 4851 hoc
1117 4795 1179 4865 ejus
1203 4791 1347 4846 nuntiavit
1366 4791 1457 4844 uxori.
1483 4789 1557 4844 Uxor
1581 4804 1649 4842 vero
1676 4786 1756 4841 iilius
1778 4801 1824 4839 cus
1843 4779 1881 4853 qni

1048 4885 1202 4954 diligenter
1225 4880 1399 4951 inspicerent
1412 4878 1541 4948 ejusdem
1556 4876 1625 4930 artis
1641 4876 1719 4929 viros
1741 4869 1883 4929 transmisit

1048 4973 1083 5027 ad
1095 4972 1252 5036 ecclesiam,
1268 4969 1367 5022 volens
1386 4981 1560 5038 cognoscere
1576 4965 1701 5036 qualiter
1716 4979 1818 5034 corpus
1833 4959 1882 5030 ejus

1048 5065 1123 5116 asset
1139 5061 1169 5114 in
1193 5058 1323 5129 sepulcro
1348 5056 1383 5110 dc
1407 5072 1464 5127 quo
1486 5054 1556 5109 talia
1578 5054 1727 5108 clamaret.
1753 5051 1807 5116 odi
1831 5062 1884 5119 ape·

1048 5150 1153 5204 rientes
1174 5148 1350 5218 sepulcrum,
1365 5145 1533 5200 vestimenta
1554 5158 1671 5214 quoque
1690 5141 1798 5196 intacta
1818 5152 1886 5209 repe

1048 5242 1159 5303 rerunt,
1175 5252 1240 5307 quas
1253 5250 1330 5289 nunc
1346 5250 1437 5304 usque
1451 5232 1592 5286 incudem
1604 5230 1737 5295 ecclesia,
1754 5245 1807 5300 pro
1819 5228 1886 5298 ejus·

1049 5327 1114 5380 dcrn
1130 5340 1221 5380 causae
1236 5323 1400 5377 testimonio
1421 5326 1586 5386 servantum
1608 5334 1716 5389 cerpus
1732 5334 1799 5372 vero
1827 5315 1891 5370 iltius

1049 5414 1168 5476 omnino
1195 5428 1252 5467 non
1277 5412 1458 5477 invenerunt,
1482 5423 1514 5462 ao
1539 5407 1564 5461 si
1590 5407 1621 5460 in
1640 5405 1745 5460 codem
1774 5405 1893 5477 sepulcre

1049 5502 1176 5574 positum
1190 5517 1250 5556 non
1264 5500 1374 5555 fuisset.
1391 5498 1432 5553 Ex
1447 5513 1505 5570 qun
1517 5510 1550 5552 rc
1562 5493 1761 5567 colligandum
1782 5499 1827 5550 est
1848 5506 1895 5565 qur
