3878 6112
81 276 137 332 tte

577 275 815 335 DECRETORUII
835 279 927 335 LIBRI
947 281 1001 336 XX.
1018 309 1053 323 -·
1072 281 1176 338 LIBER
1195 283 1352 347 QUINTUS.

1785 294 1841 346 7:50

81 400 208 455 rautiam
234 400 385 456 ordinatur
412 405 568 473 antequam
591 401 762 472 baptizetur,
779 401 970 457 debentabX
990 404 1173 475 perceptione
1203 405 1365 461 chrismatis
1384 422 1516 462 nummos
1538 408 1621 464 darI:
1647 411 1738 465 solere
1764 428 1839 483 quo-

80 505 116 545 eo
137 489 277 561 baptizati
298 489 449 560 baptiaarI,
479 495 508 544 et
528 491 590 561 ipse
610 507 668 544 non
696 490 856 561 ordiuetur,
884 491 935 545 sed

80 579 230 636 Romanus
242 580 369 651 pontifex
382 581 494 651 judicat
507 597 566 635 nou
576 580 784 653 hominemqui
797 582 933 652 baptizat,

80 668 132 724 sed
162 668 302 739 SpIritum
329 668 380 723 Dei
408 669 612 723 submiuistare
641 669 764 741 gratiam
787 670 934 741 baptismi,

77 754 149 811 licet
165 769 295 825 paganus
315 754 352 808 sit
371 755 421 826 qui
443 754 578 824 baptizat.

148 842 215 897 Car.
230 842 273 898 CI.
285 872 321 885 -
334 845 372 898 Dc
385 843 440 897 illis
457 845 506 912 qui
519 847 639 910 gruttam
654 846 744 899 eoacti
752 845 874 915 Spiritus

376 912 490 969 eosdm
501 920 642 969 conentur.

119 1003 178 1072 (Ea
202 1003 296 1057 concil.
329 1002 437 1056 Yrthur.
464 1005 508 1056 cui
538 1005 664 1069 interfuit
688 1019 738 1058 ren
766 1004 934 1073 Amolphus,

78 1106 145 1162 eop.
161 1090 221 1160 tt.)
237 1089 349 1145 llictum
364 1093 407 1143 est
428 1089 521 1144 solere
549 1090 579 1145 iu
594 1090 766 1146 duibusdam
797 1090 868 1145 locis
882 1106 935 1161 pro

990 508 1045 564 qna
1059 509 1111 564 pro
1132 492 1274 565 baptismo
1297 500 1325 550 et
1345 496 1560 554 commuuione.
1588 499 1647 553 lloc
1668 501 1839 571 symoniacae

989 581 1108 637 haeresis
1120 598 1218 637 semen
1232 583 1373 638 detestata
1392 590 1436 639 est
1456 592 1553 640 sancta
1568 586 1701 648 Stuodus.
1722 594 1750 643 et
1767 605 1838 644 aua-

989 669 1194 737 thematizavit,
1208 677 1237 725 et
1251 677 1281 726 ut
1295 672 1331 727 de
1360 677 1460 727 caetero
1484 690 1537 728 uec
1562 691 1614 744 pro
1646 677 1839 744 ordiuaIIons,

990 773 1042 813 uec
1057 775 1109 829 pro
1135 759 1297 825 chrismate,
1319 761 1363 815 vel
1383 760 1537 832 baptismo,
1564 763 1607 817 vel
1625 779 1679 833 pro
1700 765 1838 834 halsamo,

990 862 1043 901 uec
1070 862 1122 920 pro
1159 849 1317 919 sepultura,
1362 849 1405 904 vel
1433 850 1647 918 commuuione,
1685 853 1839 925 quicquam

990 934 1207 1006 exiguumne
1230 935 1319 1008 gratis
1333 937 1408 992 dona
1431 937 1545 1005 Christi,
1570 940 1695 1011 gratuita
1723 941 1841 1013 dispeu-

991 1022 1100 1078 satione
1117 1024 1269 1079 donentur.

789 1206 878 1246 atriis
900 1205 987 1247 LIBBI
1010 1206 1143 1254 Quaeri.

518 1410 667 1484 INDEX
696 1409 1042 1505 CAPITULORUM
1071 1410 1198 1484 LIBRI
1229 1410 1409 1496 QUINTI.

118 1555 187 1611 Car.
202 1555 225 1610 l.
246 1554 326 1619 Quod
341 1570 427 1609 omue
449 1553 558 1608 crimen
579 1553 724 1608 sacrificiis
749 1554 806 1607 Beo
832 1551 936 1607 oblatis

78 1642 226 1710 deleatur,
244 1658 366 1715 quaeque
387 1641 416 1696 iu
431 1642 577 1697 sacrificiis
601 1641 706 1696 debent
727 1639 858 1695 adhiberi
870 1656 935 1711 quae

79 1746 178 1803 reJrcr.

1024 1554 1110 1608 XXVI.
1141 1554 1179 1608 Be
1202 1554 1369 1610 diaconibus
1395 1555 1473 1626 quod
1502 1556 1675 1627 presbyteris
1710 1573 1840 1613 commu-

989 1640 1105 1696 nionem
1122 1642 1190 1696 dare
1206 1657 1265 1696 nou
1280 1643 1413 1697 debeant.

950 1767 970 1822 Β
1024 1729 1123 1784 XXVII.
1143 1730 1181 1784 Be
1196 1731 1319 1800 eulogiis
1336 1732 1482 1802 populisa
1505 1733 1673 1803 presbytero
1692 1733 1804 1789 dandis.

116 1819 153 1874 11.
168 1818 251 1885 Quod
266 1818 296 1873 iu
320 1818 496 1874 Eucharistia
513 1835 565 1874 uec
580 1835 652 1890 pura
662 1834 743 1890 aqua
759 1833 812 1872 uec
828 1832 934 1888 purum
1024 1817 1136 1873 XXVIII.
1151 1818 1248 1874 Oratio
1265 1819 1386 1890 stmplex
1400 1820 1533 1890 eulogius.

79 1907 186 1963 viuum
202 1906 301 1963 offerri
315 1907 426 1963 debeat.

116 1995 171 2052 ΙΙΙ.
182 1996 219 2052 Ut
231 1996 261 2050 iu
275 1994 413 2051 sacriticio
428 1995 511 2067 panis
531 2000 559 2050 et
571 1995 670 2050 vinum
682 2010 747 2050 cum
764 2008 840 2066 aqua
862 1991 935 2047 min·

79 2089 147 2142 tum
163 2083 311 2140 offeratur.

116 2173 167 2229 IV.
184 2174 221 2229 Ut
231 2172 304 2229 nihil
317 2172 396 2227 aliud
410 2172 440 2227 iu
456 2172 596 2227 sacrificio
620 2172 758 2227 offeratur
780 2169 837 2225 nisi
851 2169 935 2240 paule

81 2266 111 2319 et
124 2261 229 2317 rium
239 2276 314 2332 aqua
326 2261 459 2317 mixtum.

115 2350 150 2405 V.
167 2351 207 2405 lle
230 2349 366 2421 passione
389 2349 506 2405 Domini
524 2351 554 2406 tn
577 2349 791 2405 consecratione
806 2345 936 2419 corporis

82 2438 243 2497 menda.

116 2525 166 2582 Vl.
190 2526 262 2592 Ques
288 2526 398 2598 species
412 2527 448 2582 ad
464 2526 552 2581 altare
567 2543 627 2581 nou
642 2527 677 2582 ad
698 2525 872 2581 sacrificIum
887 2525 935 2580 sed

81 2613 119 2670 ed
130 2612 367 2670 benedictionem
380 2615 540 2688 simplicem
554 2615 721 2670 offerantur.

118 2700 231 2757 VILIIe
246 2703 346 2758 eadem
363 2719 403 2758 re.

116 2789 191 2846 VIII.
208 2790 286 2846 Nihil
299 2790 330 2845 In
354 2789 493 2846 sacrificio
510 2791 705 2862 praeterquod
721 2789 862 2845 Dominus
878 2795 936 2844 sta-

87 2876 140 2934 tuit
160 2877 350 2934 offerendum.

119 2967 164 3023 IX.
181 2968 219 3023 Ut
231 2966 392 3039 presbyteri
401 2983 450 3022 vas
462 2967 604 3023 mundam
619 2966 745 3023 habeant
767 2964 817 3021 ubi
832 2980 936 3036 corpus

91 3054 203 3111 homiui
214 3071 280 3111 curu
298 3056 450 3128 diligentia
465 3055 650 3111 recondatur.

120 3140 153 3197 X.
167 3140 204 3196 Ut
223 3139 373 3212 presbyter
397 3138 606 3195 EucharisIIam
620 3141 651 3194 iu
668 3143 805 3211 promptu
820 3137 933 3193 habeat.

120 3229 166 3286 XI.
180 3231 236 3286 'lot
247 3228 406 3286 oblationes
427 3234 498 3301 quot
515 3231 622 3302 populo
648 3229 792 3285 sufficiant
811 3228 937 3285 otlereu-

96 3315 148 3387 tes,
162 3317 277 3374 relictas
287 3319 317 3374 iu
335 3318 491 3374 crastinum
506 3334 564 3373 uon
592 3318 789 3374 reservandas.

122 3406 178 3464 XII.
209 3406 373 3463 Oblationes
395 3407 429 3463 de
457 3406 574 3462 sabbato
601 3407 632 3462 iu
666 3406 816 3461 sabbatum
847 3403 936 3459 iuno-

95 3495 203 3552 nudes.

121 3584 190 3641 un.
209 3585 245 3641 Ut
257 3588 398 3655 prasente
413 3588 441 3639 et
461 3583 646 3657 precipiente
669 3583 847 3655 presbytero,
871 3581 936 3636 dia-

96 3686 175 3729 eouns
190 3671 331 3747 populum
343 3673 546 3728 communicet.

123 3762 187 3818 XIV.
202 3761 285 3828 Quod
308 3761 441 3817 discretio
466 3777 570 3833 magua
595 3777 657 3816 esse
684 3760 789 3815 debeat
812 3759 848 3815 de
867 3774 937 3830 per-

97 3852 218 3923 ceptione
232 3850 362 3922 corporis
378 3854 407 3905 et
421 3850 569 3921 sauguinis
588 3849 739 3905 Domiuici.

124 3939 173 3996 XV.
191 3940 233 3995 lle
246 3938 416 4011 quotidIana
429 3938 615 4010 perceptione
633 3935 828 3994 Eucharistia.

124 4027 185 4084 XVI.
203 4029 244 4083 lIe
259 4028 360 4083 eadem
380 4043 421 4083 re.

124 4116 200 4174 IVll.
218 4115 295 4172 Laici
310 4121 354 4172 ter
367 4115 521 4171 minimum
536 4115 566 4170 iu
582 4130 657 4170 anuo
676 4112 898 4170 communicent.

124 4204 215 4262 XVIII.
243 4208 289 4261 Au
305 4204 512 4261 Eucharistiam
542 4203 592 4276 qui
606 4219 722 4275 semper
742 4205 849 4275 peccat,
864 4214 936 4254 sem·

100 4294 279 4367 neeprere
295 4293 407 4350 debeat.

125 4382 186 4440 xix.
213 4380 294 4448 ouon
323 4381 443 4454 siugulis
459 4380 560 4436 diebus
578 4378 734 4435 BomInIcis
757 4378 788 4434 iu
807 4376 936 4443 Quadra-

101 4469 196 4539 tesima
208 4470 309 4528 tideles
319 4469 553 4544 communicandi
567 4469 633 4524 siut.

125 4558 171 4616 IX.
206 4560 243 4616 Ut
270 4560 302 4614 in
327 4575 409 4616 coena
432 4557 546 4614 Domini
576 4555 761 4613 Eucharistiae
788 4553 935 4627 perceptio

70 4670 74 4675 ·
102 4642 331 4722 tenuegIIgatur.

70 4770 73 4779 ·
124 4734 186 4794 m.
212 4737 252 4792 De
276 4735 463 4791 histrionibus
490 4733 634 4806 etmagis,
650 4750 686 4788 au
701 4731 935 4788 commnntouem

70 4810 73 4821 ’
101 4834 152 4880 nur
166 4824 277 4880 cseteris
297 4822 431 4879 lidelibns
454 4821 583 4894 achpere
598 4821 735 4877 debeant.

123 4911 195 4970 lel.
222 4911 385 4978 Quamdiu
410 4910 610 4983 uuusquisque
633 4912 699 4964 ante
722 4923 832 4962 sacram
856 4921 933 4962 com-

98 5000 253 5057 nauiouem
270 5001 305 5056 ab
319 5015 407 5056 uxore
422 5015 452 5054 se
467 4998 613 5054 abstinere
628 4997 740 5054 debeat.

123 5088 208 5145 mu.
223 5089 306 5155 Quod
325 5089 402 5144 inter
424 5087 583 5143 catholicos
605 5103 664 5142 nou
697 5087 934 5152 connumeretur,

1024 1906 1109 1960 XXIX.
1123 1906 1163 1960 lle
1177 1922 1252 1977 pane
1271 1907 1321 1977 qui
1336 1906 1501 1963 offerendus
1517 1913 1569 1963 est.

1024 1994 1098 2050 XXX.
1123 1995 1162 2048 Be
1184 1995 1359 2065 presbyteris
1390 1995 1440 2066 qui
1463 2012 1568 2067 corpus
1591 1996 1773 2053 llomiuicnm
1803 1996 1839 2052 ad

989 2079 1176 2137 deferendum
1190 2082 1315 2136 infirmis
1330 2083 1507 2137 mulierculis
1529 2083 1654 2138 tradunt.

1024 2171 1108 2226 XXXI.
1123 2172 1157 2225 Ut
1172 2170 1312 2226 defunctis
1328 2171 1504 2226 Eucharistia
1519 2188 1575 2226 nou
1592 2173 1685 2228 detur.

1024 2260 1121 2314 XXXII.
1138 2259 1172 2314 Ut
1187 2259 1346 2314 oblationes
1372 2259 1401 2314 iu
1426 2259 1584 2331 majorihus
1606 2260 1686 2316 lestis
1715 2262 1751 2316 ab
1779 2277 1841 2317 om·

991 2347 1084 2416 nibus,
1102 2353 1156 2403 etc.

1024 2437 1135 2491 XXXIII.
1162 2437 1241 2502 Quod
1272 2437 1411 2492 miuistris
1426 2437 1525 2493 altaris
1545 2454 1633 2509 supra
1661 2439 1749 2493 altare
1773 2439 1841 2493 solis

990 2524 1202 2580 communicare
1214 2525 1306 2580 IIceat.

1024 2613 1118 2668 XXXV.
1149 2613 1184 2667 Ut
1213 2614 1309 2668 nullus
1341 2612 1416 2668 iutra
1452 2613 1652 2686 preshyterum
1691 2614 1840 2670 ordiuatns

990 2717 1053 2757 reru
1068 2718 1085 2755 a
1102 2702 1268 2772 presbytero
1282 2707 1479 2757 consecratam
1495 2703 1578 2757 alteri
1593 2704 1733 2774 porrigat.

1026 2790 1120 2846 XXXV.
1150 2791 1189 2844 lIe
1218 2790 1275 2844 illis
1296 2789 1347 2862 qui
1360 2796 1427 2862 post
1457 2790 1583 2862 aliquam
1612 2792 1842 2863 degustationem

991 2878 1161 2933 sacrificium
1173 2881 1343 2948 acceperint.

1025 2968 1133 3022 XXXVI.
1146 2967 1180 3022 Ut
1205 2967 1354 3040 presbyter
1376 2967 1526 3023 illiteratus
1554 2968 1667 3024 Missam
1696 2968 1841 3025 celebrare

952 3049 973 3105 C
992 3071 1050 3110 non
1066 3055 1177 3110 debeat.

1026 3144 1148 3199 XXXVII.
1171 3146 1224 3199 Pro
1250 3143 1336 3199 unius
1360 3146 1505 3201 oblatione
1534 3145 1653 3200 alterius
1677 3162 1734 3201 nou
1760 3162 1840 3217 sper-

991 3232 1128 3288 uendam.

1003 3322 1159 3401 XXXVIII.
1179 3323 1214 3377 Ut
1235 3322 1437 3378 dissidentium
1452 3323 1573 3378 fratrum
1598 3322 1757 3378 oblationes
1780 3339 1840 3378 uon

990 3410 1176 3480 recipiantur.

1025 3499 1130 3553 XXXIX.
1156 3498 1192 3552 Ut
1212 3498 1364 3553 refutanda
1388 3498 1446 3554 siut
1469 3514 1571 3554 eorum
1594 3499 1670 3554 dona
1691 3498 1742 3572 qui
1766 3515 1841 3571 pau·

990 3602 1074 3660 peres
1088 3585 1268 3658 opprimunt.

1025 3676 1079 3730 XL.
1096 3676 1134 3729 De
1151 3673 1325 3745 presbyteris
1344 3672 1570 3730 immolantibus.

1025 3763 1090 3817 XLI.
1108 3762 1147 3816 lle
1162 3760 1262 3816 eedem
1277 3777 1317 3816 re.

1024 3851 1101 3906 XLII.
1118 3851 1157 3904 Be
1181 3849 1355 3922 presbyteris
1373 3848 1477 3921 quibus
1492 3849 1566 3904 solet
1577 3848 1749 3905 dormiendo
1762 3865 1839 3922 saepe

992 3955 1090 3994 semen
1106 3937 1234 3993 eltluere.

1025 4026 1114 4082 XLIII.
1130 4027 1169 4081 De
1183 4025 1284 4080 eadem
1299 4041 1339 4080 re.

1025 4114 1105 4177 XLIV
1108 4155 1115 4168 .
1132 4114 1171 4169 lle
1190 4113 1363 4186 presbyteris
1385 4113 1499 4168 villanis
1513 4111 1537 4168 si
1559 4111 1720 4169 incivitate
1736 4113 1840 4168 offerre

992 4202 1126 4258 audeaut.

950 4320 972 4374 ὓ
1026 4291 1100 4346 XLV.
1119 4291 1159 4345 lle
1171 4289 1270 4345 eadem
1285 4305 1326 4346 re.

1025 4379 1113 4435 XLVI.
1134 4379 1174 4433 Be
1202 4377 1260 4433 illis
1287 4377 1338 4450 qui
1360 4393 1414 4449 per
1436 4377 1604 4433 ebrietatem
1633 4377 1840 4433 Eucharistiam

991 4466 1181 4524 evomuerint.

1026 4556 1129 4612 XLVII.
1147 4557 1186 4611 lle
1198 4554 1252 4610 hoc
1268 4554 1291 4610 si
1308 4553 1420 4626 aIIquid
1444 4553 1478 4609 de
1506 4553 1594 4609 calice
1609 4555 1681 4609 sacri
1695 4555 1843 4626 sauguinis

990 4644 1149 4700 stillaverit.

1024 4732 1138 4788 XLVlll.
1154 4733 1194 4788 lie
1205 4731 1254 4787 illo
1272 4731 1322 4803 qui
1334 4729 1442 4787 evomit
1457 4729 1630 4785 sacrificium
1644 4735 1673 4785 et
1688 4746 1704 4784 a
1719 4730 1838 4785 canibus

989 4821 1181 4878 consumitur.

1023 4911 1110 4966 XLIX.
1128 4911 1167 4964 lle
1183 4908 1283 4964 eadem
1296 4923 1340 4962 re.

1025 5000 1055 5054 L.
1073 5000 1113 5053 Be
1131 4995 1308 5052 Eucharistia
1322 4995 1493 5050 iuveterata.

1024 5087 1067 5142 LI.
1084 5086 1125 5140 tle
1138 5085 1197 5140 illis
1222 5083 1273 5155 qui
1301 5099 1360 5139 uon
1385 5083 1459 5139 bene
1487 5079 1678 5137 custodIeriut
1699 5097 1803 5154 corpus
1817 5095 1846 5148 et

70 5202 72 5217 =
94 5175 138 5248 issi
154 5178 184 5233 iu
208 5177 271 5233 istis
293 5176 482 5250 temporibus,
504 5175 621 5244 Pascha,
649 5175 826 5242 Pentecoste,
841 5170 934 5227 Natali
988 5173 1158 5245 sauguinem
1175 5172 1298 5228 Domini.

92 5263 198 5323 bomini
211 5281 272 5322 non
283 5265 549 5322 communicaverit.

70 5352 72 5377 ¹
120 5354 204 5412 XXIV.
218 5355 254 5411 llt
268 5354 375 5411 oblatio
390 5353 488 5410 altaris
506 5352 628 5425 siugulis
652 5350 810 5407 Domiuiois
832 5349 934 5407 diebus

70 5441 191 5591 ΙΙΙΙιΧΙΙ.
205 5532 248 5590 lIe
261 5531 365 5590 eadem
385 5547 426 5588 re.

1024 5262 1081 5317 Lll.
1099 5262 1139 5316 lle
1154 5259 1255 5316 eadem
1281 5276 1323 5315 re.

1024 5348 1094 5404 Llll.
1111 5350 1150 5403 lle
1173 5347 1294 5402 muliere
1314 5362 1379 5418 quse
1402 5345 1536 5418 peperit,
1559 5348 1590 5400 ut
1613 5346 1804 5404 communicet
1825 5346 1850 5402 si

987 5436 1120 5508 voluerit.

1219 5522 1326 5579 Induis
1337 5523 1532 5593 capitulorum
1545 5523 1620 5592 aaa.
