3878 6112
575 256 773 317 blrwllers
791 257 1075 318 ECCLESIASTICA.
1150 265 1157 278 '
1651 263 1705 321 330

68 394 133 446 nus,
157 381 273 433 aeternae
293 376 489 432 retributionis
512 379 630 449 praemia
654 379 737 435 nobis
758 379 798 434 al·
815 381 839 435 Δ
857 380 1096 450 archiepiscopo,
1145 380 1328 449 Theoderio,
1375 380 1703 452 mimegardevordensi,

68 482 127 523 asse
145 482 303 538 speramus.
330 465 508 537 Quapropter
524 467 655 523 omnium
671 467 800 522 fidelium
854 468 1011 523 adelbaldo
1034 468 1217 538 Trajectensi,
1254 467 1428 522 Theoderico
1467 469 1595 538 Metensi,
1633 473 1706 542 Wig-

95 555 282 627 praesenlium
302 554 409 609 scilicet
430 570 461 609 ac
494 555 670 623 futurorum,
691 557 801 610 noverit
855 573 925 629 gero
951 555 1097 624 verdensi,
1108 556 1273 611 Thietmaro
1289 557 1526 627 ossenbrugensi,
1546 557 1625 612 Erico
1648 562 1704 614 lla·

69 642 122 698 itas
159 643 284 714 qualiter
307 643 530 709 lleiuuverccns,
566 650 669 699 sanctae
703 646 800 698 Pater·
856 644 1045 715 velbergensi,
1061 649 1165 698 sanctae
1192 645 1435 698 patherburnensi
1458 646 1583 700 ecclesie
1604 646 1635 700 in
1650 648 1706 702 ho-

68 731 126 787 nsis
150 732 275 786 ecclesiae
298 731 469 786 venerabilis
508 730 669 802 episcopus,
704 733 802 787 omnia
856 749 955 787 norem
970 738 1076 787 senche
1094 731 1142 786 llei
1157 732 1303 802 genitricis
1320 733 1413 786 llarioe
1439 733 1585 805 sanctique
1601 735 1707 790 lliliani

75 836 141 892 quse
166 819 348 874 haereditario
370 821 437 891 jure
455 819 621 891 possederat
642 820 727 874 matri
742 837 801 874 suae
856 821 990 894 martyris
1015 827 1043 876 et
1069 820 1159 875 sancti
1189 820 1294 876 hiberii
1329 821 1497 875 contessoris
1526 827 1705 892 constructae,

69 908 245 963 contradidit.
263 907 370 962 Dehinc
392 907 454 978 ipsa
473 924 538 963 cum
562 924 647 961 manu
665 908 759 962 mariti
775 913 802 963 et
857 911 903 965 cui
925 911 1013 965 etiam
1030 909 1244 964 bleinuvercbus
1271 909 1443 963 venerabilis
1466 910 1617 980 episcopus
1631 928 1705 982 prae·

69 995 142 1051 isui
158 995 294 1049 balderici
306 994 427 1058 comitis,
444 1011 583 1049 consensu
612 996 803 1051 etiambaere-
858 997 941 1062 sidet,
970 995 1115 1068 quandam
1144 1000 1272 1050 nostram
1300 999 1410 1049 curtem
1426 996 1562 1067 lloronga
1589 997 1705 1067 dictam,

69 1083 163 1140 sedem
191 1083 298 1154 praedia
325 1083 491 1152 potestative
512 1083 594 1137 nobis
618 1083 741 1138 donavit.
768 1087 804 1138 st
856 1085 887 1140 in
914 1099 989 1155 pago
1012 1083 1232 1153 lieronganoin
1260 1084 1397 1137 comitatu
1428 1084 1570 1137 bennonis
1595 1086 1708 1145 comilis

69 1176 168 1243 petua
185 1170 370 1226 beatitudinis
398 1185 458 1240 spe,
476 1186 509 1224 ac
529 1170 576 1240 pia
603 1170 716 1240 praeisti
742 1170 801 1242 epi·
857 1173 951 1240 sitam,
979 1187 1066 1243 quam
1090 1170 1173 1224 nobis
1203 1170 1361 1225 Unowann!
1382 1172 1581 1225 bremonensis
1594 1173 1707 1228 archie-

69 1259 195 1329 lectique
211 1257 325 1327 nepotis
349 1257 450 1325 nostri,
477 1256 569 1328 quise
583 1257 738 1328 omniaque
753 1273 804 1311 sua
858 1261 993 1333 piscopus
1018 1274 1083 1313 cum
1109 1274 1195 1312 manu
1230 1258 1357 1312 advocati
1380 1259 1424 1311 sui
1452 1259 1558 1314 Udonis
1580 1260 1707 1327 tradidit,

69 1345 182 1402 servicio
193 1344 356 1415 mancipare
379 1344 495 1416 gaudet,
512 1359 596 1414 prece
610 1348 639 1398 et
652 1344 803 1399 devotione
858 1348 991 1403 omnium
1004 1345 1157 1400 hominum
1171 1345 1395 1399 contradictione
1409 1352 1527 1412 remota,
1545 1363 1595 1418 pro
1612 1364 1707 1403 reme·

69 1433 133 1498 niti,
163 1431 273 1504 praedia
301 1431 403 1487 eadem
426 1431 552 1503 legitime
580 1431 663 1486 nobis
685 1431 801 1493 tradita.
859 1437 907 1490 dio
916 1435 1020 1490 animm
1036 1433 1156 1488 senioris
1169 1433 1257 1487 nostri
1273 1433 1353 1487 tercii
1369 1433 1481 1488 Ottonis
1500 1434 1572 1489 dives
1602 1435 1709 1490 scilicet

69 1537 124 1593 [ure
159 1519 332 1591 principales
366 1523 459 1574 cortes
494 1522 562 1572 sunt
594 1519 667 1587 istas,
705 1519 804 1575 Immi·
858 1522 1004 1579 memoriae
1029 1521 1212 1593 imperatoris
1236 1522 1365 1592 Augusti,
1389 1527 1418 1574 et
1433 1520 1630 1576 incolumitate
1644 1523 1708 1578 vilse

69 1624 110 1678 vn,
158 1607 382 1676 Walmonthem,
432 1608 586 1673 llavorlon,
639 1606 802 1675 hukilhem,
859 1617 965 1667 nostrae
980 1610 1129 1682 praesentis
1145 1626 1177 1664 ac
1199 1624 1250 1681 spe
1275 1609 1390 1671 luturoe,
1408 1625 1459 1680 per
1485 1609 1708 1682 hancimperia-

69 1696 138 1763 bilei,
155 1695 312 1763 Golthbiki,
343 1696 568 1764 Doddonhusun,
584 1694 804 1765 bokinneslevo,
859 1701 915 1756 lem
926 1699 1061 1772 paginam
1087 1697 1272 1753 concedimus
1285 1702 1371 1768 atque
1389 1697 1536 1769 largimur,
1561 1715 1626 1753 curn
1650 1715 1710 1752 om-

69 1784 164 1852 rslero,
189 1800 254 1840 eum
282 1783 530 1855 appertinentibus
550 1783 634 1850 villis,
655 1784 804 1854 mancipiis
858 1788 943 1843 nibus
956 1784 1141 1858 appendiciis,
1167 1784 1251 1852 areis,
1275 1784 1359 1852 villis,
1387 1783 1509 1855 pa'scnis,
1525 1785 1608 1855 aquis
1623 1801 1710 1856 aqua·

70 1887 107 1928 ue
132 1887 226 1941 sexus,
255 1871 343 1939 silvis,
371 1871 424 1925 riis
450 1877 479 1926 et
507 1871 601 1938 inviis,
626 1872 749 1928 exitibus
776 1876 805 1926 et
860 1892 959 1931 rumve
971 1874 1147 1938 decursibus,
1172 1872 1386 1944 piscationibus,
1409 1871 1594 1941 molendinis,
1619 1873 1708 1939 silvis,

69 1978 104 2030 rs,
133 1960 316 2029 molendinis,
331 1960 548 2031 piscationibus,
575 1961 696 2033 pascuis,
718 1976 804 2015 vena·
859 1962 1073 2030 venationibus,
1102 1961 1268 2032 cunctisque
1285 1961 1478 2031 qualicunque
1502 1960 1588 2015 modo
1616 1961 1709 2016 nomi·

69 2066 94 2117 s,
107 2049 235 2121 quesitis
250 2054 278 2103 et
292 2048 482 2120 inquirendis,
505 2049 697 2120 omnibusque
726 2053 806 2102 uten·
860 2052 924 2107 nari
943 2050 1052 2122 possint
1065 2048 1245 2114 utensilibus,
1260 2064 1294 2102 ea
1309 2048 1441 2103 videlicet
1465 2048 1577 2102 ratione
1589 2054 1621 2102 nt
1635 2064 1708 2119 prse-

70 2153 138 2210 quae
162 2137 292 2209 quolibet
319 2136 404 2192 modo
435 2136 491 2192 dici
513 2139 557 2192 vel
576 2137 721 2191 nominari
739 2152 804 2207 pos·
860 2140 953 2194 dictus
994 2136 1210 2193 ldeinuverchus
1242 2135 1394 2206 episcopus
1437 2136 1559 2189 eandem
1587 2140 1707 2202 curtem,

70 2231 167 2281 anetae
197 2224 439 2281 paterbrunnensi
465 2225 590 2280 ecclesiae
611 2225 640 2280 in
665 2226 805 2281 honorem
860 2225 1095 2299 quamdiuvivat,
1119 2224 1150 2278 in
1171 2239 1240 2278 usus
1265 2221 1399 2294 proprios
1426 2223 1593 2292 potestative
1622 2223 1711 2295 possi-

75 2317 127 2372 Dei
137 2315 283 2387 genitricis
297 2315 393 2371 Marios
403 2316 551 2387 sanctique
563 2312 806 2370 liilinnimertiris
860 2315 936 2381 deat,
952 2318 1016 2385 poet
1030 2314 1119 2367 linem
1133 2328 1199 2366 vero
1225 2312 1290 2366 vitre
1305 2327 1363 2365 suae
1380 2311 1415 2364 ad
1439 2311 1573 2364 vestitum
1593 2311 1710 2364 canoni·

70 2404 96 2459 ri
122 2404 230 2459 liborii
249 2403 419 2458 contessoris
445 2408 625 2469 constructe,
655 2402 806 2474 perhanc
859 2418 959 2458 corum
973 2402 1002 2456 in
1019 2401 1118 2456 eadem
1134 2401 1192 2456 Deo
1208 2404 1369 2470 sanctaeque
1383 2397 1515 2469 genitrici
1531 2399 1592 2469 ejus
1616 2398 1710 2453 blarise

70 2492 138 2549 ilem
164 2493 300 2565 paginam
326 2492 477 2563 largimur,
505 2492 637 2547 emnium
655 2490 806 2546 bominum
861 2506 912 2544 nec
938 2488 1278 2543 nonbeatisliilianoac
1306 2486 1420 2542 liborio
1449 2485 1636 2539 servientium
1658 2501 1709 2539 an-

70 2581 182 2637 lictione
214 2586 334 2637 remota.
374 2581 495 2652 Insuper
532 2581 628 2647 etiam,
659 2576 805 2650 imperiali
861 2577 973 2633 nuatim
997 2576 1207 2630 meliorandum
1234 2575 1385 2645 pertineat.
1411 2573 1526 2644 Siquis
1556 2573 1711 2627 verohanc
1766 2595 1770 2602 ·

70 2674 127 2726 tate
153 2669 337 2740 precipimus
377 2674 410 2725 ut
444 2668 523 2723 nulla
556 2669 649 2739 major
676 2666 806 2721 minorve
862 2671 989 2721 nostram
1015 2665 1201 2718 donationem
1226 2663 1383 2731 intringere
1404 2663 1628 2731 presumpserit,
1644 2677 1711 2715 cen-

70 2755 193 2828 reliqua
204 2755 356 2828 judiciaria
370 2759 512 2827 potestate
528 2754 558 2808 in
569 2754 674 2808 eisdem
692 2752 807 2824 prrediis
862 2758 924 2807 tum
947 2752 1034 2806 libras
1058 2750 1121 2805 auri
1135 2750 1289 2820 persolvat,
1306 2765 1321 2802 n
1337 2747 1430 2802 eidem
1456 2748 1623 2814 ecclesiae,1.
1645 2764 1710 2802 vero

70 2845 185 2914 emittat,
202 2844 257 2900 nisi
277 2845 431 2901 advocatus
450 2859 536 2915 quem
565 2842 695 2914 ejusdem
718 2843 807 2896 eccle·
863 2845 970 2894 nostroe
993 2854 1121 2893 eameroe.
1148 2838 1181 2891 Et
1206 2843 1238 2890 ut
1260 2837 1321 2890 haec
1349 2840 1451 2889 nostre
1467 2836 1645 2890 liberalitatis
1660 2851 1712 2889 au·

70 2950 173 3004 scopus
187 2933 240 2987 sibi
269 2933 367 3004 eligat.
388 2933 417 2988 Si
430 2932 495 3003 quis
507 2936 603 2986 antem
626 2930 703 3002 quod
718 2929 804 2984 absit!
822 2934 843 2991 c
861 2927 978 2982 ctoritas
990 2925 1098 2980 stabilis
1124 2930 1153 2979 et
1166 2924 1333 2977 inconvulsa
1355 2927 1533 2993 permaneat,
1564 2923 1639 2976 hano
1653 2938 1713 2976 car·

70 3026 141 3077 stroe
162 3020 328 3075 donacionis
342 3023 519 3090 preceptum
538 3017 696 3087 infringere
721 3032 807 3070 ausus
863 3021 922 3072 tam
948 3013 1015 3069 inde
1030 3013 1218 3083 conscriptam
1234 3027 1322 3066 manu
1349 3010 1464 3082 proprie
1488 3011 1665 3077 roborantes,
1678 3011 1713 3064 si-

70 3114 181 3167 nentum
197 3109 281 3163 libras
294 3108 357 3163 anri
367 3108 545 3179 persulcata
560 3106 651 3161 eidem
669 3104 804 3173 ecclesie,
862 3103 931 3174 gillo
945 3105 1043 3157 nostro
1053 3100 1190 3172 jussimus
1202 3099 1344 3169 insigniri.

70 3202 162 3255 vostrae
190 3213 321 3253 cemerae.
353 3197 386 3252 Et
412 3200 445 3250 nt
468 3196 529 3250 baec
551 3198 655 3250 nostrae
671 3193 807 3264 largicio·
897 3192 1011 3258 Signum
1037 3189 1129 3244 domiti
1164 3189 1284 3243 Heinrici
1320 3189 1493 3256 imperatoris
1527 3189 1711 3243 invictissimi.

70 3276 182 3343 ctoritas
207 3286 292 3341 firma
318 3289 347 3341 et
360 3284 526 3339 inconvulsa
555 3286 730 3353 permaneat,
753 3282 808 3336 hoe
1238 3275 1341 3346 (bb.)

70 3380 140 3432 tum
166 3373 234 3429 iude
262 3373 455 3444 conscriptum
478 3388 565 3426 manu
581 3371 697 3443 propria
711 3385 808 3425 corro·
898 3365 1073 3422 Guntberius
1102 3363 1287 3418 cancellarius
1314 3363 1373 3416 vioe
1408 3363 1596 3418 Erclranbaldi
1623 3363 1714 3418 erchi-

70 3480 96 3521 es
106 3463 201 3533 sigillo
213 3466 311 3517 nostro
322 3462 462 3533 jussimus
476 3460 619 3531 insigniri.
864 3453 1005 3524 capellani
1019 3453 1181 3522 recognovi.

70 3568 112 3608 ιιιιι
138 3551 257 3606 Henrici
281 3551 466 3605 Romanorum
494 3549 669 3604 invictissimi
692 3548 733 3615 (t.
762 3545 809 3616 ll.)
901 3542 970 3595 Data
984 3556 1011 3595 ιι
1030 3540 1071 3595 ld.
1095 3540 1222 3604 ianuam,
1248 3538 1405 3592 indictione
1428 3554 1489 3603 ιιιι,
1517 3554 1593 3592 auno
1620 3538 1715 3592 Domi·

70 3643 147 3697 teris.
864 3630 936 3685 nicea
964 3627 1169 3683 incarnationis
1195 3629 1273 3692 loto,
1302 3642 1378 3679 anno
1394 3641 1461 3679 vero
1477 3625 1576 3680 domni
1592 3625 1715 3681 lleinrici

71 3729 173 3785 herine
204 3725 390 3782 cancellarius
415 3723 476 3780 viee
504 3723 683 3779 Ercambaldi
718 3721 810 3777 archi·
866 3716 985 3772 secundi
996 3714 1144 3785 regnantis
1155 3731 1211 3779 ιιι,
1231 3712 1346 3783 imperii
1361 3716 1456 3766 autem
1472 3728 1500 3766 ιι.

71 3815 290 3887 nirecognovit.
862 3846 864 3851 ·
903 3808 1005 3860 dotum
1020 3803 1214 3858 brodmannia
1225 3801 1355 3855 feliciter.
1372 3802 1473 3854 Amen.

83 3921 111 3961 rr
125 3906 193 3959 ldus
211 3905 287 3970 lan,
301 3902 458 3957 indictione
473 3918 534 3967 1111,
560 3916 638 3955 anno
656 3897 812 3954 Dominieae
1250 3885 1340 3943 llClV.

71 3993 172 4050 ilionis
215 3994 294 4057 luto,
335 4006 411 4046 anno
448 4006 515 4045 vero
557 3988 657 4044 domni
689 3987 813 4042 lleinrici
1097 3982 1164 4034 item
1178 3983 1279 4032 curtem
1293 3975 1485 4031 berneshusen.

71 4080 84 4138 i
98 4079 247 4152 regnantis
261 4095 318 4146 ιιι,
333 4078 449 4150 imperii
463 4081 559 4133 sutem
569 4094 598 4132 u.
1180 4066 1273 4134 (Anno
1284 4063 1410 4131 eodem.)

72 4167 311 4227 mllrodmsnnia
326 4166 456 4222 feliciter.
470 4170 572 4221 Amen.
1247 4149 1344 4225 [resq]

344 4270 436 4325 xclll.
835 4214 856 4267 D
907 4248 939 4302 ln
962 4245 1079 4300 nomine
1105 4249 1209 4299 sanetae
1239 4250 1268 4296 et
1289 4238 1444 4294 individue
1458 4239 1614 4307 Trinitatis,
1641 4243 1722 4296 llnrrv-

71 4362 190 4419 [Μ
198 4360 322 4416 gccpgae
335 4358 565 4414 Pagffgommg,
577 4361 679 4413 curem,
688 4360 818 4426 goma„
870 4352 946 4391 nicus
961 4333 1060 4388 divina
1073 4333 1185 4387 favente
1215 4328 1368 4384 clementia
1384 4328 1583 4383 Romanorum
1601 4328 1723 4399 impera·

329 4431 457 4498 torgitur.
872 4426 1085 4491 torhugustus.

295 4520 387 4582 (Anno
405 4515 494 4587 lolii.)
907 4509 1043 4563 Tribunal
1072 4507 1176 4562 animae
1207 4506 1370 4569 dilatamus,
1399 4505 1422 4558 si
1452 4502 1584 4558 ecclesias
1619 4502 1724 4558 Christi

93 4607 174 4682 [Cod.
200 4605 311 4676 diplom.
336 4606 407 4660 utet
431 4605 565 4673 Wesrpt„
582 4620 612 4676 p.
636 4602 694 4676 η]
874 4613 939 4652 cum
962 4596 1018 4651 eibi
1040 4595 1175 4667 subjectis
1198 4593 1377 4664 ampliamus.
1395 4590 1456 4656 Qua
1480 4591 1514 4645 de
1542 4606 1572 4644 re
1595 4590 1724 4645 fidelium

71 4697 97 4752 ln
125 4694 244 4750 nomine
272 4695 378 4747 sanctie
412 4696 442 4746 et
471 4691 630 4746 individuae
662 4689 820 4759 Trinitatis,
875 4684 925 4739 Dei
941 4683 1119 4738 universitati
1135 4684 1230 4752 pateat
1258 4679 1335 4750 quod
1362 4679 1415 4732 hac
1436 4678 1604 4742 intentione,
1633 4678 1725 4731 inter-

72 4799 125 4841 cus
158 4782 254 4837 divina
290 4781 402 4836 favente
437 4779 590 4835 elementia
624 4779 822 4833 Romanorum
875 4776 960 4827 ventu
990 4769 1182 4826 dilectissime
1211 4765 1376 4821 contectalis
1410 4754 1514 4820 nostrie
1548 4764 1725 4834 Cunignndae

71 4877 131 4927 ntor
145 4872 299 4941 Augustus.
876 4858 1069 4931 imperataicis
1088 4861 1234 4927 Augusta,
1254 4870 1306 4908 nec
1332 4869 1391 4907 non
1413 4860 1442 4907 et
1471 4851 1610 4906 lleriberti
1634 4849 1726 4904 archi·

73 4960 148 5016 estas
158 4957 263 5015 Christi
278 4955 416 5027 ampliare
430 4944 635 5025 servorumque
650 4953 711 5024 ejus
723 4967 824 5007 neces·
877 4947 1004 5020 episcopi
1019 4944 1206 5006 Coloniensis,
1232 4940 1381 4997 Adalbaldi
1406 4938 1605 5010 Trajectensis,
1634 4937 1725 4991 Theo·

71 5063 103 5102 ns
132 5045 179 5117 pie
214 5061 247 5099 ac
285 5045 442 5098 clementer
478 5043 631 5098 subvenire
667 5040 825 5111 imperialis
879 5034 968 5089 derici
1006 5029 1334 5101 llimigardevurdensis,
1379 5025 1548 5082 Theoderici
1584 5024 1726 5086 blotensis,

71 5132 246 5191 ‚tionisordo
260 5132 398 5203 deposcit.
427 5131 550 5186 Proinde
573 5128 702 5184 fidelium
723 5127 825 5182 Christi
880 5120 1010 5192 Wiggeri
1035 5118 1192 5186 verdensis,
1213 5115 1370 5172 Thietmari
1394 5111 1631 5182 osenburgensis,
1656 5111 1729 5165 Erici

73 5221 253 5280 tindustria
276 5220 409 5293 qualiter,
428 5219 525 5274 divino
553 5218 690 5272 instinctu
714 5232 825 5270 ammo·
880 5207 1128 5278 llnvelburgensis,
1145 5213 1249 5260 sunctae
1277 5200 1505 5259 Pederburnensi
1536 5200 1671 5265 ecclesie,
1699 5199 1729 5252 in

71 5318 98 5368 et
136 5291 299 5366 interventu
332 5309 524 5364 dilectissimae
561 5307 692 5377 conjugis
721 5308 826 5359 nostrie
881 5299 990 5353 honore
1002 5302 1106 5350 sanctoe
1123 5294 1173 5349 bei
1198 5290 1344 5365 genitricis
1362 5287 1456 5343 lderioe
1471 5287 1618 5358 sanctique
1632 5287 1729 5357 Kylia-

72 5399 159 5455 nndoe
181 5396 371 5469 imperatricis
384 5400 531 5467 Augusta,
560 5395 633 5449 inid
656 5395 751 5465 ipsum
770 5392 827 5446 ira·
881 5386 911 5441 ni
928 5384 1062 5455 martyris
1084 5388 1113 5438 et
1130 5383 1220 5437 sancti
1235 5377 1348 5450 byborii
1367 5381 1551 5443 consecratae,
1571 5374 1615 5428 cui
1644 5375 1731 5428 etiam

82 5486 201 5545 ceritate
225 5483 467 5541 collaborantibus
489 5481 638 5538 Heriberto
666 5476 829 5534 Coloniensi
885 5474 1082 5530 meinuvercus
1105 5470 1285 5526 venerandus
1308 5465 1458 5535 episcopus
1478 5463 1625 5533 praesidet,
1642 5477 1733 5533 quan·
1821 5514 1826 5524 ,

163 5589 306 5658 Parnon.
331 5586 420 5654 CXL.
1539 5571 1576 5629 ll
