3878 6112
676 248 874 306 tueleutul
890 249 1147 309 tuetecteltsls
1165 249 1322 308 eelsceel

816 557 1179 646 ADELBOLDI

579 752 735 809 EPlSCOPl
752 753 1012 810 TRAJECTENSIS.
1032 753 1176 810 oflulals
1194 753 1222 809 S.
1243 752 1428 809 BENElllCTl

873 951 1134 1026 LIBELLUS

128 1154 207 1290 llll
257 1153 538 1290 RATIONE
588 1153 1879 1292 111111111111111111111111111111111.

694 1391 756 1452 AD
785 1388 1099 1453 SILVESTRUM
1128 1390 1162 1452 11
1192 1391 1229 1454 Ρ.
1260 1391 1311 1453 Μ.

248 1562 358 1622 Prodit
374 1581 453 1621 nunc
472 1562 604 1641 prelnum
623 1561 654 1619 iu
673 1559 768 1619 lucem
787 1577 826 1618 en
837 1558 922 1619 codd.
934 1578 1003 1619 mss.
1024 1559 1203 1640 inclytorum
1224 1561 1473 1621 monasteriorum
1495 1559 1720 1638 quernseenst's
1735 1571 1766 1620 et

268 1649 545 1711 Sancti-Petrease's
557 1647 684 1721 Satan,
702 1665 792 1728 opero
806 1647 884 1708 adm.
904 1647 939 1709 e.
955 1646 995 1707 1).
1010 1647 1048 1708 P.
1064 1647 1215 1728 Absterret
1226 1647 1357 1722 Haedcr,
1374 1658 1480 1710 ascetae
1497 1648 1734 1728 cherrtsccstsis.

325 1816 419 1888 (Apud
435 1816 468 1872 ll.
479 1817 510 1871 P.
526 1815 704 1871 bernardum
717 1813 844 1883 Pezium,
860 1815 990 1869 Tbcsoar.
1006 1813 1136 1870 decedet.
1152 1817 1251 1870 novus.
1265 1819 1336 1869 tom.
1353 1815 1401 1883 ΙΙΙ,
1415 1818 1496 1887 parte
1510 1831 1541 1881 u,
1557 1814 1612 1868 col.
1626 1815 1684 1885 85.)

168 2125 288 2183 Domino
310 2125 454 2181 Sinuessae
474 2137 586 2177 summo
601 2130 629 2177 et
644 2119 776 2192 pontiflci
797 2125 826 2176 et
848 2119 1017 2192 phileae-A
1067 2120 1142 2187 Quid
1167 2137 1236 2193 ergo
1262 2121 1309 2189 sit,
1336 2121 1497 2192 quibusque
1527 2121 1786 2191 imaginationibus
1810 2122 1879 2177 circa

131 2217 190 2290 pho
206 2219 384 2271 massennes
403 2211 587 2267 scholasticus
609 2209 674 2264 eitae
697 2213 726 2264 et
746 2207 889 2264 felicitatis
912 2224 976 2280 per·
1032 2210 1102 2266 illud
1119 2216 1148 2266 et
1161 2210 1277 2265 delusus
1301 2210 1410 2265 habear
1423 2214 1452 2265 et
1465 2213 1560 2265 certus
1584 2215 1695 2278 tenear,
1712 2211 1778 2282 jam
1806 2227 1879 2266 nunc

130 2304 312 2377 petuitatem.
1032 2299 1171 2371 aperiam,
1203 2303 1243 2366 ut,
1271 2299 1390 2353 vulnere
1414 2302 1513 2368 aperto
1534 2297 1736 2366 haesitationis,
1764 2299 1880 2354 avobis

166 2392 254 2447 Valde
280 2405 397 2461 peccare
424 2392 466 2442 cst
490 2385 614 2459 publicis
642 2386 785 2441 intentum
806 2384 979 2440 utilitatibus
1031 2392 1138 2459 praesto
1154 2386 1190 2443 sit
1206 2386 1449 2443 medicamentum
1461 2385 1647 2442 certitudinis.

130 2479 250 2552 privatis
263 2477 423 2548 inquietare
436 2474 684 2530 conventionibus.
705 2473 759 2530 Sed
785 2474 840 2528 hoc
861 2472 978 2545 ingenio
1427 2474 1485 2545 §l

131 2572 225 2622 vestro
240 2565 363 2634 conlido,
376 2570 408 2620 ut
423 2565 508 2619 simul
528 2567 557 2618 et
579 2563 622 2617 rei
643 2562 766 2633 publicae
790 2561 879 2632 possit
902 2561 980 2616 sulti·
1066 2562 1224 2619 Macrobius
1238 2579 1325 2636 super
1338 2562 1490 2619 Somnium
1504 2562 1655 2634 Scipionis,
1680 2565 1731 2619 ubi
1753 2564 1882 2636 loquitur

131 2671 205 2723 cere,
232 2653 358 2723 etmihi,
378 2669 411 2708 ex
434 2653 489 2707 hoc
511 2651 588 2722 qnod
615 2666 724 2722 quaero,
748 2648 921 2704 satisfacere.
946 2650 980 2705 Et
1031 2652 1067 2708 de
1082 2651 1281 2723 magnitudine
1296 2651 1371 2721 coeli,
1386 2655 1481 2718 terrae,
1498 2651 1566 2705 solis
1579 2655 1608 2706 et
1622 2653 1709 2720 lune,
1720 2668 1881 2724 eorumque

130 2748 228 2799 tamen
243 2747 349 2798 temere
367 2756 432 2812 ago,
456 2744 484 2794 et
509 2755 567 2794 non
588 2737 756 2809 ignoranter
779 2753 875 2808 pecco,
900 2737 978 2809 quod
1031 2742 1155 2796 rotunda
1170 2740 1349 2813 globositate,
1371 2743 1551 2811 compertum
1571 2755 1634 2795 esse
1659 2740 1699 2795 ait
1721 2742 1799 2811 apud
1814 2756 1879 2812 geo·

131 2837 244 2888 matrim
272 2831 363 2886 virum
390 2828 472 2900 qnasi
497 2827 751 2882 conscholasticum
775 2825 889 2897 juvenis
912 2840 979 2880 con·
1031 2841 1136 2884 metras
1154 2829 1356 2901 peritissimos,
1383 2833 1413 2884 nt
1434 2829 1466 2882 in
1487 2828 1601 2884 duobus
1625 2829 1753 2898 circulis,
1778 2831 1802 2884 si
1826 2830 1882 2884 dia·

131 2920 225 2981 veuio·
250 2918 304 2974 Sed
329 2917 470 2973 confessio
499 2914 608 2987 peccati
630 2915 742 2969 veniam
771 2929 829 2968 non
854 2918 977 2981 tantum,
1031 2923 1156 2972 metrum
1185 2917 1270 2972 unius
1293 2916 1415 2988 duplum
1439 2915 1476 2971 sit
1495 2916 1635 2971 diametro
1663 2917 1795 2985 alterius,
1821 2918 1881 2988 ejus

131 3008 205 3077 dico,
230 3007 345 3080 quaerit,
370 3007 420 3061 sed
441 3005 539 3076 exigit.
566 3005 693 3059 Fortasse
720 3003 852 3075 cogitatis
882 3007 913 3056 ut
939 3002 979 3056 sic
1031 3007 1130 3062 circuli
1158 3005 1325 3073 crassitudo,
1358 3007 1440 3077 cujus
1470 3005 1643 3060 diametrum
1678 3005 1802 3076 duplum
1835 3006 1880 3072 sit,

130 3113 243 3169 peccem
262 3102 350 3151 utme
364 3110 497 3165 peccasse
519 3092 658 3164 poenitere
673 3091 774 3157 nolim,
790 3106 821 3145 ac
836 3091 900 3145 ideo
915 3090 977 3144 sine
1032 3096 1147 3165 octupla
1172 3094 1208 3148 sit
1235 3093 1416 3149 crassitudini
1439 3093 1519 3148 illius
1546 3093 1646 3148 circuli
1671 3094 1756 3165 cujus
1777 3094 1880 3149 subdu·

130 3187 227 3247 fructu,
239 3182 415 3255 poeniteutiae
433 3181 574 3237 confessio
586 3196 639 3234 nec
653 3179 766 3233 veniam
782 3179 883 3233 debeat
898 3194 978 3248 quae·
1031 3183 1112 3253 plum
1128 3183 1172 3237 est
1186 3181 1373 3237 diametrum.

130 3288 204 3340 rere,
232 3288 286 3326 nec
312 3268 511 3324 remissionem
538 3268 665 3338 aliquam
691 3266 814 3336 exigere.
843 3265 884 3320 Ad
916 3265 978 3320 haec
1066 3271 1106 3325 lle
1121 3270 1261 3325 diametro
1277 3270 1427 3338 circulum,
1452 3269 1487 3323 de
1510 3268 1617 3324 circulo
1638 3268 1824 3337 diametrum,
1846 3271 1880 3325 de

130 3358 308 3430 respondebo
338 3356 416 3427 quia,
441 3355 465 3410 si
492 3354 699 3426 benignitatem
724 3357 845 3407 vestram
870 3353 900 3407 in
922 3353 976 3408 hac
1032 3357 1171 3413 diametro
1182 3362 1212 3413 et
1224 3357 1330 3412 circulo
1345 3373 1442 3412 arcam
1466 3357 1606 3425 invenire,
1632 3372 1665 3411 ac
1684 3356 1754 3412 ideo
1773 3358 1880 3413 diame-

129 3444 488 3510 coneentioneotlendero,
502 3444 577 3497 ultra
599 3457 686 3513 quam
711 3442 827 3496 credere
849 3440 974 3512 possitis,
1031 3452 1108 3502 trum
1135 3446 1169 3502 ad
1190 3446 1375 3512 diametrum,
1401 3452 1429 3501 et
1451 3446 1589 3500 circulum
1613 3446 1650 3500 ad
1677 3445 1829 3515 circulum,
1854 3453 1881 3502 et

130 3550 176 3589 me
190 3550 239 3588 vos
263 3531 428 3588 convenisse
451 3531 553 3586 dolebo
570 3547 577 3584 ε
593 3546 625 3585 ac
647 3529 713 3585 ideo
738 3529 847 3584 dolenti
868 3533 897 3584 et
918 3545 976 3600 pce«
1030 3551 1134 3599 aream,
1152 3535 1186 3589 ad
1211 3549 1308 3589 aream
1328 3535 1495 3606 comparare
1519 3533 1577 3588 illis
1595 3533 1679 3588 facile
1702 3538 1747 3588 est
1773 3537 1824 3606 qni
1847 3536 1880 3590 dc

130 3621 244 3691 nitenti,
265 3622 408 3691 simulque
424 3637 453 3674 sc
468 3636 599 3691 peccasse
613 3618 724 3687 latenti,
745 3623 774 3673 et
791 3617 926 3689 deinceps
939 3618 975 3673 ab
1030 3622 1135 3677 talibus
1161 3626 1373 3679 consueverunt
1400 3638 1510 3678 curare.
1532 3621 1758 3679 Crassitudinem
1787 3628 1877 3678 autem

128 3710 270 3781 ejusmodi
289 3713 403 3781 peccato
423 3724 453 3763 se
477 3707 620 3763 abstinere
641 3707 748 3762 volenti
770 3705 884 3761 veniam
907 3723 975 3761 con·
1030 3712 1066 3767 ad
1094 3711 1314 3766 crassitudinem
1340 3710 1488 3783 quomodo
1512 3715 1606 3781 potest
1628 3726 1807 3781 comparare,
1832 3711 1878 3782 qui

128 3800 285 3855 cedendam
310 3815 371 3853 csse
394 3796 526 3864 censebo,
552 3796 587 3851 ab
607 3811 640 3849 eo
661 3795 787 3849 maxime
810 3796 861 3866 qni
884 3795 974 3850 vicem
1029 3800 1152 3854 necdum
1167 3797 1237 3871 quid
1250 3798 1287 3854 sit
1311 3797 1470 3853 crassitudo
1492 3796 1642 3869 percepit?
1657 3798 1788 3853 ltnarnm
1804 3799 1877 3853 enim

127 3888 206 3943 illius
221 3891 308 3954 tenet,
322 3887 368 3941 cui
387 3885 495 3941 dictum
517 3886 582 3938 est:
602 3905 612 3933 ι
640 3883 702 3937 Non
725 3882 788 3938 dico
810 3882 864 3937 tibi
883 3898 974 3953 usque
1029 3903 1126 3942 rerum
1141 3886 1273 3942 notitiam
1289 3886 1456 3942 earumdem
1471 3885 1646 3957 comparatio
1661 3901 1720 3940 non
1733 3887 1876 3958 precedit,

128 3977 243 4049 septies,
268 3976 315 4030 sed
340 3991 431 4045 usque
454 3971 615 4045 septuagies
636 3970 741 4042 septies
767 3971 873 4041 (llottle.
896 3986 973 4041 rvris,
1028 3976 1078 4030 sed
1092 3975 1286 4046 subsequitur.
1303 3974 1382 4030 Unde
1396 3974 1429 4029 tit
1449 3979 1481 4029 ut
1504 3973 1726 4028 crassitudinem
1751 3976 1878 4047 aliquam

127 4065 214 4136 21).)
1028 4063 1212 4120 crassitudini
1239 4064 1354 4118 alterins
1377 4063 1522 4134 octuplam
1547 4078 1608 4117 esse
1630 4063 1878 4132 comprehendere

162 4153 192 4209 Si
213 4156 308 4208 autem
334 4169 389 4206 nou
413 4149 570 4214 attendero,
596 4147 644 4202 sed
668 4147 698 4203 id
728 4147 869 4218 quaesiero
896 4148 974 4218 quod
1027 4156 1162 4223 nequeat,
1178 4151 1228 4222 qui
1244 4150 1335 4206 nescit
1349 4150 1423 4206 unde
1437 4150 1575 4221 cujusque
1600 4149 1698 4203 circuli
1720 4151 1879 4206 crassitudo

127 4258 192 4296 cunr
207 4239 407 4297 benevolentia
421 4243 514 4292 vestra
529 4235 648 4308 adeptus
666 4235 759 4304 fuero,
783 4240 883 4307 utpote
906 4236 974 4307 quia
1027 4245 1198 4295 concrescat.
1214 4239 1290 4304 Quid
1304 4243 1400 4294 autem
1412 4239 1473 4310 jam
1488 4237 1555 4292 inde
1574 4236 1647 4291 mibi
1671 4238 1878 4310 percepissem,

126 4332 157 4386 in
171 4329 324 4400 adeptione
348 4344 411 4382 mea
433 4325 553 4381 etmihi
578 4330 607 4380 et
625 4324 723 4378 multis
745 4323 880 4395 prodesse
902 4339 972 4394 gau·
1027 4327 1166 4400 aperiam,
1190 4344 1259 4396 nou,
1283 4330 1315 4382 ut
1338 4327 1430 4393 aiunt,
1455 4328 1605 4382 lituorum
1629 4326 1748 4391 litteras,
1772 4329 1824 4383 sed
1849 4334 1880 4383 ut

126 4419 208 4483 debo,
221 4415 405 4487 questiones,
420 4414 564 4486 quaejam
579 4411 741 4467 auctoritati
756 4416 857 4467 vestroe
877 4416 972 4467 trans·
1027 4420 1185 4470 monstrem
1201 4415 1270 4487 quid
1284 4415 1420 4483 sentiam3
1440 4419 1593 4486 quatenus,
1614 4413 1637 4467 si
1652 4429 1729 4482 erro,
1748 4416 1784 4469 ad
1803 4417 1879 4471 siaiu

126 4504 202 4572 misi,
218 4504 286 4575 quia
301 4518 359 4558 non
373 4502 566 4568 resolvuntur,
581 4516 628 4555 me
642 4500 674 4554 in
687 4500 727 4554 eis
742 4503 792 4554 aut
811 4517 861 4555 eos
886 4502 973 4557 offen·
1027 4520 1044 4558 a
1058 4504 1211 4575 sagacilate
1225 4510 1318 4560 vestra
1332 4505 1453 4559 reducar
1469 4519 1476 4557 :
1490 4502 1515 4557 si
1537 4501 1613 4558 viam
1627 4502 1759 4557 titubans
1782 4509 1879 4571 teneo,

125 4593 200 4649 disse
223 4593 323 4659 timeo,
355 4597 404 4646 aut
431 4607 483 4662 pro
516 4589 653 4645 dilatione
682 4588 835 4643 solutionis
863 4588 971 4661 aliquid
1027 4593 1188 4648 auctoritati
1216 4593 1303 4647 vestri
1331 4607 1461 4647 assensus
1488 4589 1606 4646 innitar.
1636 4590 1690 4645 Sed
1719 4595 1754 4645 ut
1782 4593 1818 4648 ad
1851 4595 1879 4648 id

123 4682 232 4754 grande
246 4681 375 4735 futurum
389 4695 484 4750 spero.
501 4679 554 4734 Sed
575 4694 634 4733 non
648 4677 726 4733 aliud
743 4677 888 4749 quoddam
903 4694 970 4748 pro·
990 4676 1011 4732 C
1027 4681 1104 4752 quod
1120 4681 1184 4736 volo
1198 4681 1376 4752 perveniam,
1392 4680 1428 4735 ab
1442 4678 1487 4735 his
1501 4694 1566 4750 quoe
1579 4678 1711 4750 pluribus
1728 4685 1798 4735 nota
1812 4687 1878 4736 sunt

120 4787 237 4842 ponam,
261 4776 291 4825 ut
309 4774 359 4824 aut
375 4785 408 4824 ex
428 4769 492 4834 hoc,
514 4767 590 4839 quod
611 4767 711 4833 timeo,
736 4766 828 4837 magis
853 4766 975 4821 doleam
1029 4768 1175 4840 incipiam.

123 4865 152 4916 et
165 4858 272 4915 doloris
288 4856 455 4929 magnitudo
475 4872 524 4910 vos
545 4854 641 4910 flectat
661 4855 697 4910 ad
711 4854 824 4911 veniam
841 4859 913 4909 :aut
933 4870 976 4909 ers
1419 4854 1484 4927 511.

121 4948 187 5015 hoc,
202 4947 279 5018 quod
290 4962 383 5017 spero,
398 4943 489 5015 magis
504 4944 654 5015 gaudeam,
669 4948 698 4998 et
712 4941 812 5014 gandii
835 4942 893 4997 mei
908 4943 969 5015 ple·
1060 4943 1238 4999 Diametrum
1252 4948 1268 4998 7
1284 4943 1390 5015 pedum
1407 4942 1479 4997 milli
1493 4941 1576 4997 facio.
1593 4943 1632 4997 Ex
1656 4943 1712 4999 hoc
1735 4944 1876 5001 circulum

121 5036 223 5091 niludo
236 5033 501 5091 remunerationem
521 5032 602 5087 vobis
623 5032 758 5103 imploret
775 5032 913 5087 luteram.
936 5033 970 5087 Et
1023 5032 1063 5087 sic
1077 5049 1186 5104 quaero.
1203 5032 1325 5104 Triplico
1340 5032 1423 5101 illud,
1441 5035 1470 5087 et
1488 5030 1551 5102 ejus
1566 5032 1719 5104 septimam
1743 5033 1876 5105 triplica-

120 5124 176 5178 boc
190 5124 306 5194 quidem
322 5122 399 5194 quod
420 5138 495 5177 nunc
513 5135 677 5192 proponere
699 5121 775 5189 eolo,
799 5120 904 5191 quibus
926 5135 970 5175 ra·
1022 5120 1094 5177 tioui
1106 5121 1149 5176 illl
1170 5120 1344 5192 superaddo,
1367 5125 1395 5177 et
1413 5119 1453 5175 sic
1476 5120 1617 5175 cuculum
1632 5120 1664 5175 in
1679 5120 1784 5192 viginti
1803 5124 1875 5179 dnos

121 5209 248 5266 tionibus
276 5211 377 5266 discuti
407 5213 437 5264 et
464 5209 498 5265 ad
527 5209 704 5263 intellectum
737 5224 829 5279 usque
866 5207 968 5264 deduci
1022 5210 1226 5282 pedesbabeo.
1245 5209 1505 5265 Medietateautem
1533 5198 1677 5275 diametri,
1703 5211 1782 5282 quod
1799 5215 1873 5268 esti

120 5297 219 5369 possit,
248 5298 347 5353 videor
370 5298 482 5366 videre,
501 5297 551 5352 sed
575 5297 611 5351 ad
634 5296 883 5351 determinandum
906 5297 969 5352 dili-
1022 5303 1051 5353 et
1066 5298 1162 5365 semis,
1179 5303 1208 5352 et
1223 5296 1375 5353 medietate
1390 5297 1499 5365 circuli,
1524 5313 1590 5369 quae
1613 5303 1654 5352 est
1679 5300 1723 5365 ll,
1747 5298 1871 5356 invicem

120 5386 248 5458 gentiam
275 5390 397 5440 vestram
422 5392 564 5458 exspecto,
590 5389 622 5440 ut
638 5386 710 5440 tanti
733 5385 787 5439 siri
814 5386 968 5440 auctoritas
1022 5384 1230 5456 multiplicatis,
1258 5384 1336 5440 venit
1360 5384 1433 5440 mibi
1458 5401 1522 5440 area
1551 5386 1679 5456 ejusdem
1706 5386 1809 5443 circuli
1838 5391 1870 5444 38

120 5473 322 5546 preceptionis
336 5490 407 5529 mee
429 5473 481 5529 llat
503 5478 553 5529 aut
574 5474 712 5529 correctio
735 5477 784 5528 aut
806 5474 964 5545 integritas.
1021 5474 1107 5546 pedes
1133 5479 1162 5528 et
1187 5473 1282 5528 semis.
1316 5474 1384 5527 Ecce
1411 5473 1595 5540 diametrum,
1624 5489 1688 5528 ecce
1718 5475 1867 5537 circulum.
