3878 6112
84 222 138 277 765
585 220 820 282 pecuniosus
840 221 933 279 LIBRI
951 221 1006 279 xx.
1022 251 1056 262 -
1076 222 1182 281 multu
1201 225 1341 284 SEXTUS.
1783 234 1836 287 ree

87 341 187 414 luerit,
205 342 315 416 aliquid
329 309 591 414 promisericordia
605 342 800 413 indulgeatur,
815 343 975 398 maximas
993 347 1027 401 lu
1048 347 1169 403 concilio
1185 348 1262 419 apud
1276 348 1436 403 Theodonis
1449 349 1558 416 villam,
1580 350 1629 405 ribi
1643 349 1837 407 iuterfuerunt

92 432 111 485 si
126 433 190 504 quis
205 437 318 487 coactus
334 435 362 485 et
382 448 440 486 non
456 435 557 501 sponte
579 432 766 485 homicidium
783 432 891 497 tecerIt,
909 436 937 485 et
990 438 1082 493 XXXII
1106 437 1244 508 episcopi,
1273 438 1438 508 llistolphus
1465 439 1669 510 Mogontiensis
1696 440 1837 511 archiepi.

95 521 118 576 ei
140 521 317 576 omnimodis
340 536 374 574 ex
389 519 527 573 canonica
550 520 719 575 auctoritate
740 520 935 585 interdicatur,

97 611 165 665 utin
180 610 225 665 his
250 609 351 663 diebus
373 624 439 663 cum
468 609 548 662 nulla
562 608 669 662 semina
696 608 859 673 misceatur,
885 625 936 663 nec

100 699 129 754 ad
147 697 294 770 propriam
316 713 435 751 uxorem
451 697 577 762 accedat,
600 713 653 751 nec
676 713 741 752 cum
768 697 865 768 aliquo
880 698 937 752 ho-

102 787 167 842 mine
191 785 326 840 dormiat.
352 785 436 839 Jirxta
455 784 609 838 Ecclesiam
633 785 679 851 sit,
702 791 767 840 ante
790 786 870 856 cujus
891 786 935 856 ja-

105 893 161 931 nuas
174 879 289 946 peccata
309 890 360 927 sua
382 873 486 927 defleat
501 874 602 928 diebus
616 878 644 929 et
666 874 808 942 noctibus,
835 879 863 929 et
878 891 937 929 non

107 967 197 1022 deloco
222 963 258 1018 ad
274 964 369 1017 locum
391 967 502 1032 pergat,
526 962 575 1017 sed
590 963 619 1016 iu
634 979 693 1018 uno
720 964 781 1018 loco
803 963 848 1018 his
862 980 937 1036 qua-

109 1053 219 1119 draginta
243 1051 343 1105 diebus
368 1050 412 1104 sit.
432 1052 465 1104 Et
478 1050 502 1103 si
517 1049 589 1104 sorte
604 1050 737 1105 habuerit
757 1052 937 1106 insidiatores

110 1144 158 1197 rite
171 1157 236 1207 sirm,
259 1139 374 1193 interim
390 1138 539 1192 dilleratur
561 1140 588 1192 ei
603 1140 780 1208 paenitentia,
797 1140 887 1194 donec
902 1141 936 1193 ab

111 1232 221 1304 episcopo
239 1245 293 1300 pax
307 1229 333 1282 ei
349 1229 384 1282 ab
400 1228 525 1283 inimicis
540 1229 721 1296 concedatur,
735 1234 762 1284 et
777 1230 800 1282 si
815 1231 845 1283 in
859 1229 938 1283 inlira

111 1320 187 1374 nitate
208 1318 341 1372 detentus
356 1317 451 1384 luerit,
475 1317 516 1372 ita
532 1324 563 1372 ut
588 1334 646 1372 non
660 1317 749 1389 possit
773 1318 858 1388 digne
873 1334 937 1389 poe-

112 1408 191 1472 nitere,
220 1405 370 1460 dilleratur
398 1406 566 1477 poenitentia
596 1406 687 1460 donec
714 1407 828 1460 sanitati
854 1406 936 1460 resti-

111 1500 194 1550 tuatur.
225 1495 255 1549 Si
271 1499 367 1549 aretem
396 1494 483 1563 longa
502 1494 673 1564 aegritudine
695 1495 828 1549 detentas
851 1495 938 1549 fuerit

991 542 1094 597 scopus
1123 542 1188 580 cum
1226 526 1285 580 suis
1320 527 1518 597 suffraganeis,
1547 526 1624 582 llelti
1658 528 1838 582 Treverensis

992 614 1222 686 archiepiscopus
1245 631 1310 669 cum
1324 614 1381 668 suis
1396 614 1593 684 sirllraganeis,
1613 615 1671 669 Ebo
1689 615 1838 669 liemcusis

991 704 1223 775 archiepiscopus
1246 720 1311 757 crim
1337 703 1395 757 suis
1419 703 1615 773 suffraganeis,
1645 719 1710 758 eum
1729 703 1838 757 nuntiis

991 793 1170 863 reliquorum
1198 792 1397 863 episcoporum
1424 792 1521 846 Gallia,
1549 797 1577 845 et
1604 792 1773 858 Germaniae,
1801 792 1837 846 ob

991 882 1109 937 nimiam
1125 881 1379 952 presumptionem
1394 881 1588 951 quorumdam
1607 887 1794 952 tyrannorum
1808 880 1838 934 in

991 972 1152 1026 sacerdotes
1167 970 1283 1024 Domini
1298 970 1545 1036 debacchantium,
1561 975 1590 1024 et
1601 975 1719 1041 propter
1730 971 1837 1025 factum
1905 1029 1909 1037 ,

991 1058 1069 1131 quod
1095 1059 1126 1113 in
1150 1059 1304 1113 Wasconia
1339 1058 1451 1113 noviter
1475 1059 1617 1115 acciderat
1642 1059 1677 1113 de
1704 1060 1836 1128 episcope

990 1148 1109 1211 Ioanne,
1132 1147 1281 1201 inhoneste
1302 1153 1330 1201 et
1350 1147 1479 1201 inaudite
1498 1147 1676 1202 mordridato
1691 1148 1838 1201 decretum

991 1241 1044 1298 est,
1058 1241 1092 1290 ut
1106 1236 1252 1290 communi
1276 1252 1415 1290 consensu
1432 1240 1460 1290 et
1479 1235 1583 1289 humili
1599 1235 1750 1290 devotione
1773 1251 1838 1304 sup-

991 1321 1167 1391 plicarentur
1186 1320 1304 1374 auribus
1320 1319 1470 1390 principis,
1485 1320 1509 1372 si
1524 1336 1582 1373 suae
1598 1320 1698 1390 pietati
1710 1320 1837 1389 compla-

992 1413 1076 1472 ceret,
1105 1413 1137 1462 ut
1161 1407 1306 1461 calumnia
1336 1407 1366 1461 in
1396 1407 1499 1462 Christi
1525 1408 1687 1462 sacerdotes
1711 1412 1835 1478 peracta,

988 1493 1071 1563 juxta
1098 1493 1264 1563 synodalica
1292 1493 1532 1547 determinaretur
1567 1494 1688 1565 pleniter
1720 1499 1837 1554 statuta,

113 1583 323 1638 adsentantium
352 1582 478 1653 episcopi
502 1583 657 1652 pertinebit
682 1583 828 1653 quomodo
855 1599 934 1637 reum
992 1584 1045 1636 hoc
1063 1582 1139 1636 idem
1164 1581 1364 1652 episcoporum
1386 1582 1495 1652 judicio
1519 1584 1653 1652 placeret,
1679 1582 1702 1635 si
1728 1585 1837 1636 ertoto

112 1671 280 1727 stiufirmum
304 1687 404 1725 sanare
419 1671 561 1741 disponat.
589 1672 742 1743 Completis
765 1673 821 1740 XL,
837 1672 937 1726 diebus

112 1776 167 1830 aqua
188 1761 262 1814 lctus
286 1759 455 1813 vestimenta
475 1764 503 1812 et
527 1761 729 1825 calceamenta,
753 1760 884 1833 accipiat,
910 1765 937 1814 et

113 1849 222 1919 capillum
237 1847 353 1902 Incidet.

113 1936 160 1991 Cu.
185 1936 218 1991 ll.
245 1967 279 1975 -
309 1936 380 2002 Quid
404 1938 543 2006 inprime
569 1951 640 1990 nuno
665 1936 807 1991 obseruare
831 1936 934 1991 debeat.

138 2026 179 2095 llic
191 2025 290 2090 eodem,
306 2028 395 2094 capite
415 2026 451 2092 5.)
467 2025 498 2078 In
524 2024 619 2096 primo
635 2040 710 2079 anuo
735 2030 799 2096 post
812 2026 936 2096 quadra-

115 2110 174 2179 ginta
194 2113 264 2178 dies,
288 2117 381 2167 totum
406 2111 489 2166 illum
512 2128 619 2166 annum
636 2112 742 2177 avino,
764 2113 885 2167 medone
909 2118 938 2167 et

115 2200 200 2255 mellita
213 2202 344 2270 cervisia,
369 2217 495 2267 acarna,
512 2206 540 2255 et
555 2217 645 2267 caseo,
665 2206 694 2254 et
714 2201 871 2272 pinguibus
892 2201 936 2272 pi-

115 2287 185 2342 scibus
195 2290 344 2356 abstineat,
361 2289 416 2344 nisi
431 2289 510 2343 festis
526 2289 635 2356 diebus,
651 2288 745 2360 quiin
761 2290 811 2344 illo
826 2290 937 2360 episco-

992 1669 1149 1724 secundum
1165 1673 1335 1739 potestatem
1353 1686 1453 1724 eorum
1471 1674 1568 1740 posset
1589 1669 1715 1731 deliniri,
1739 1668 1769 1722 id
1784 1674 1837 1733 est,

991 1763 1023 1812 ut
1049 1759 1186 1812 canonica
1209 1757 1363 1813 ferirentur
1388 1759 1536 1821 sententia,
1565 1757 1596 1811 hi
1619 1756 1759 1824 videlicet,
1789 1755 1840 1827 qui

990 1848 1126 1902 timorem
1158 1847 1271 1901 Domini
1301 1853 1518 1918 postponentes,
1545 1847 1574 1900 in
1602 1845 1747 1899 ministros
1773 1860 1839 1898 siros

991 1952 1120 2006 grassare
1149 1940 1368 2005 presumerent.
1398 1935 1477 1999 Quod
1503 1934 1528 1988 si
1557 1950 1623 1988 vero
1649 1931 1750 2004 pietati
1778 1933 1839 2003 ejus

991 2025 1191 2096 complaceret,
1216 2024 1298 2094 juxta
1325 2023 1449 2094 capitula
1478 2039 1578 2093 regum
1602 2020 1837 2093 praecedentium,

991 2115 1043 2169 ubi
1057 2129 1157 2167 eorum
1181 2112 1307 2183 provisio
1331 2112 1555 2166 misericorditer
1576 2109 1736 2165 inoffensis
1751 2124 1838 2180 pecu·

991 2203 1047 2256 niae
1066 2201 1255 2272 quantitatem
1279 2200 1458 2272 interposuit,
1479 2216 1532 2271 pro
1556 2197 1751 2253 consolatione
1776 2213 1839 2250 san-

991 2294 1043 2344 ctae
1059 2289 1201 2355 Ecclesiae,
1223 2294 1256 2342 ut
1276 2289 1404 2359 praelatae
1427 2305 1472 2343 res
1487 2304 1539 2359 per
1560 2287 1713 2358 pecuniam
1736 2285 1772 2340 ab
1787 2284 1838 2339 im·

115 2375 148 2444 pio
167 2393 182 2430 a
198 2383 299 2432 cuncto
324 2379 433 2448 populo
456 2377 646 2431 celebrentur.
676 2378 710 2431 Et
734 2377 790 2431 nisi
809 2378 881 2433 forte
907 2379 937 2434 in
990 2377 1172 2449 peratoribus
1187 2377 1382 2432 sacerdotibus
1397 2377 1432 2431 ad
1452 2377 1648 2431 defensionem
1663 2389 1837 2440 concessam,

114 2477 197 2534 magno
219 2465 334 2528 itinere,
359 2466 404 2520 vel
419 2465 450 2519 in
465 2466 556 2524 hoste,
575 2465 619 2519 vel
643 2466 692 2520 diu
707 2466 742 2520 ad
758 2466 936 2521 Dominicam
992 2473 1021 2522 at
1044 2483 1096 2537 per
1123 2466 1322 2537 poenitentiam
1349 2466 1609 2520 determinarentur
1637 2464 1839 2534 episcoporum

114 2557 211 2624 crinem,
226 2555 270 2609 rel
294 2554 461 2608 infirmitate
477 2554 608 2608 detentus
624 2554 668 2619 sit,
686 2557 753 2608 tuuc
777 2555 861 2609 liceat
879 2572 937 2610 uno
989 2556 1109 2625 judicio,
1128 2555 1151 2608 si
1172 2554 1264 2625 pietas
1278 2554 1356 2608 illius
1379 2555 1542 2608 collaudare
1562 2553 1692 2621 voluerit,
1717 2552 1759 2605 sic
1771 2549 1840 2606 dett-

114 2637 217 2710 deuario,
235 2643 278 2696 vel
294 2642 391 2713 precio
406 2641 491 2696 unius
515 2642 636 2706 denarii,
653 2649 704 2698 aut
716 2648 775 2698 tres
796 2660 937 2715 pauperes
991 2643 1048 2698 niri
1071 2644 1112 2698 eis
1140 2642 1340 2713 complaceret.
1370 2642 1481 2713 Siquis
1503 2640 1710 2696 subdiaconum
1730 2640 1839 2694 catum

115 2730 244 2797 pascendo,
269 2730 385 2784 tertiam
407 2730 521 2792 feriam,
546 2730 676 2801 quintam
693 2731 805 2797 feriam,
829 2738 857 2788 et
871 2734 936 2787 sab·
992 2732 1087 2787 niatus
1108 2732 1205 2795 luerit,
1220 2731 1423 2797 vulneraverit,
1439 2732 1483 2785 vel
1507 2730 1707 2795 debilitaverit,
1728 2733 1840 2783 alcon-

114 2811 192 2872 batum
206 2819 364 2881 redimere,
392 2819 432 2874 ita
448 2819 596 2883 duntaxat,
619 2824 647 2873 et
663 2835 764 2874 unare
786 2823 820 2875 de
846 2822 938 2876 tribus
992 2820 1124 2886 valiierit,
1141 2819 1269 2891 quinque.
1291 2820 1525 2891 quadragesimas
1540 2820 1601 2873 siue
1622 2816 1743 2873 subditis
1757 2815 1841 2871 aunis

115 2906 198 2960 utatur.
214 2909 368 2978 Postquam
384 2908 502 2963 domum
519 2908 637 2972 venerit,
655 2912 704 2962 aut
718 2909 836 2964 sanitati
851 2910 938 2966 fuerit
953 2901 973 2956 C
991 2909 1138 2980 peniteat.
1157 2912 1185 2963 et
1199 2913 1340 2964 trecentos
1355 2908 1461 2964 solidos
1476 2924 1540 2963 cum
1555 2924 1606 2962 sua
1621 2905 1839 2976 compositione,

115 2991 250 3061 restItutus,
264 2997 374 3050 nullam
387 2995 533 3050 licentiam
549 2996 652 3051 haheat
665 2997 836 3053 redimendi.
853 2999 938 3054 Com·
992 3003 1021 3054 et
1036 2998 1245 3070 episcopalibus
1258 2997 1360 3052 bannis
1374 2997 1509 3068 episcopo
1523 2999 1685 3067 componat.
1700 2994 1729 3049 Si
1744 2997 1840 3048 autem

115 3074 175 3142 pleto
198 3082 265 3137 anni
293 3083 399 3137 clrculo
427 3082 458 3136 in
490 3084 643 3138 Ecclesiam
672 3084 880 3154 introducatur,
910 3093 939 3142 et
993 3092 1122 3142 mortuus
1145 3085 1240 3153 luerit,
1262 3086 1389 3156 singulas
1412 3086 1588 3157 supradictas
1602 3081 1840 3152 Qiradragesimas

116 3165 174 3230 pacis
187 3171 312 3225 osculum
328 3172 354 3224 ei
370 3172 552 3226 coucedatur.
993 3192 1059 3231 cum
1087 3175 1274 3247 sequentibus
1298 3176 1381 3229 annis
1402 3175 1551 3246 paeniteat,
1575 3179 1603 3227 et
1622 3172 1707 3228 CCCC
1724 3170 1839 3234 solidos,

116 3264 163 3325 ui.
178 3275 220 3331 111,
236 3307 272 3316 -
288 3277 362 3344 Quid
385 3280 415 3331 in
428 3278 544 3332 secundo
568 3284 593 3333 ρ,
612 3283 691 3335 serpo
706 3297 776 3335 amp,
799 3282 940 3337 obsanare
993 3281 1059 3320 cum
1075 3264 1161 3334 tripla
1184 3263 1228 3317 sui
1251 3263 1469 3334 compositione,
1488 3267 1516 3316 et
1539 3261 1747 3333 episcopalibus
1770 3259 1840 3313 ban·

464 3349 568 3403 debeat.
995 3355 1038 3408 nis
1070 3353 1232 3424 triplicibus
1265 3352 1398 3423 episeopo
1427 3355 1591 3422 componat.
1626 3350 1654 3405 Si
1689 3349 1842 3403 diaconum

141 3427 297 3501 (decadem,
325 3438 413 3506 capite
440 3436 526 3507 6.)ln
550 3438 674 3492 secundo
701 3442 729 3491 et
754 3439 839 3494 tertio
864 3456 939 3494 anno
993 3443 1186 3496 calumniatus
1219 3441 1324 3503 larerit,
1355 3445 1384 3494 ct
1412 3439 1607 3504 convaluerit,
1637 3454 1684 3491 sex
1712 3437 1842 3502 Quadra-

115 3512 226 3577 similiter
241 3524 355 3594 jejunet
374 3524 431 3579 nisi
449 3526 525 3596 qood
544 3527 658 3580 tertiam
675 3526 786 3592 leriam,
810 3528 941 3598 quintam
994 3528 1117 3599 gesimas
1154 3528 1215 3581 sine
1252 3528 1374 3582 sudetis
1408 3528 1490 3581 annis
1514 3526 1673 3597 paeniteat,
1701 3530 1730 3578 et
1755 3523 1842 3579 CCCC

116 3607 136 3655 tl
159 3609 312 3677 sabbatum,
339 3618 511 3683 potestatem
541 3614 646 3669 habeat
679 3615 840 3669 redimendi
865 3631 940 3685 prae·
994 3616 1098 3670 solidos
1134 3631 1199 3669 cum
1242 3615 1448 3685 compositione
1483 3631 1535 3668 sua
1571 3619 1600 3668 et
1631 3611 1841 3684 episcopalibus

116 3691 190 3752 laxato
202 3700 296 3771 pretio
309 3699 472 3773 ubicunque
486 3707 536 3756 est.
554 3703 662 3757 catera
678 3702 832 3773 diligenter
844 3704 941 3758 omnia
993 3704 1098 3760 bannis
1141 3702 1275 3775 episcopo
1316 3706 1478 3773 componat.
1515 3702 1544 3756 Si
1583 3706 1678 3755 autam
1712 3707 1842 3754 mortuos

116 3776 421 3860 observetutinprimo
438 3806 524 3845 anno.
994 3792 1091 3858 leserit,
1128 3791 1256 3860 singulas
1283 3806 1370 3861 supra
1405 3790 1494 3844 dictas
1529 3806 1575 3844 ser
1605 3786 1842 3857 eradragesimas

117 3883 164 3942 Cia,
181 3895 359 3962 1v‚..0m·d
385 3899 415 3950 in
427 3898 541 3966 reliqui,
564 3901 682 3966 quatuor
706 3900 786 3953 anni,
801 3898 942 3954 opservare
995 3897 1060 3936 cnm
1075 3880 1260 3951 sequentibus
1281 3879 1364 3933 annis
1378 3878 1524 3950 poeniteat,
1540 3882 1570 3933 ct
1590 3878 1634 3933 DC
1649 3876 1756 3931 solidos
1775 3890 1841 3927 cum

464 3968 568 4023 debeat.
995 3968 1102 4039 triplici
1127 3985 1177 4022 sua
1206 3966 1423 4038 compositione,
1453 3971 1481 4020 et
1503 3965 1713 4037 episcopalibus
1739 3960 1842 4017 bannis

140 4046 296 4123 (lacedem,
312 4057 409 4125 capite.
430 4059 459 4123 t)
472 4056 601 4121 Quatuor
623 4057 692 4111 anni
708 4057 812 4112 deinde
834 4061 943 4113 restant
995 4057 1154 4128 triplicibus
1177 4057 1310 4128 episcopo
1326 4059 1490 4127 componat.
1512 4055 1541 4111 si
1554 4054 1619 4126 quis
1641 4053 1842 4124 presbyteram

60 4172 62 4195 !
117 4144 231 4212 ltrquos
246 4142 375 4214 singulos
384 4143 498 4215 jejunet
512 4149 569 4199 tres
585 4145 831 4215 eradragesimas.
850 4148 976 4233 Unam„
996 4145 1185 4200 calumniatus
1207 4145 1303 4206 luerit,
1325 4148 1354 4198 et
1377 4143 1559 4214 spassaverit,
1586 4159 1633 4197 sex
1653 4137 1842 4210 eradragesi-

116 4230 166 4279 tute
178 4231 283 4286 Pascha
305 4247 371 4286 cum
385 4233 495 4287 caeteris
511 4234 688 4297 Christianis,
710 4234 880 4290 abstinendo
905 4235 941 4289 de
998 4250 1058 4288 mas
1071 4233 1133 4287 sine
1155 4233 1275 4299 subditis
1290 4232 1373 4286 annis
1389 4233 1533 4304 poeniteat,
1556 4235 1584 4285 et
1599 4232 1643 4287 DC
1658 4230 1763 4284 solidos
1777 4242 1843 4281 cum

116 4307 175 4382 tino,
195 4319 327 4388 medone,
343 4320 454 4375 mellita
478 4321 605 4387 cervisia,
631 4337 725 4390 carne,
742 4326 771 4377 et
789 4322 939 4393 sagimine,
996 4321 1102 4393 triplici
1129 4338 1179 4375 sua
1204 4321 1425 4390 compositione,
1452 4324 1480 4375 et
1503 4319 1712 4391 episcopalibus
1740 4315 1844 4371 bannis

116 4400 137 4450 tl
148 4406 208 4469 ovis,
225 4411 255 4462 at
268 4408 424 4480 pinguibus
446 4409 581 4480 piscibus.
606 4410 743 4473 Alteram,
759 4414 823 4464 ante
839 4409 941 4464 nativi·
995 4409 1157 4480 triplicibus
1183 4410 1317 4480 episcopo
1344 4413 1506 4482 componat.
1534 4408 1562 4464 si
1588 4413 1684 4463 autem
1713 4411 1844 4461 mortuus

116 4485 184 4548 ttitur
206 4497 296 4551 sancti
318 4498 444 4553 loannis.
466 4498 495 4552 Si
521 4498 630 4569 aliquid
659 4503 788 4552 remanet
813 4499 847 4553 de
868 4514 942 4570 qua·
996 4498 1093 4565 fuerit,
1108 4498 1259 4554 duodecim
1275 4515 1418 4554 annorum
1433 4498 1601 4569 paenitentia
1622 4496 1777 4550 secundum
1794 4511 1843 4549 ca-

117 4571 228 4651 draginta
243 4585 355 4651 diebus,
371 4591 436 4658 post
449 4586 561 4641 Missam
576 4587 664 4640 sancti
679 4587 797 4641 loannis
812 4587 941 4657 impleat.

116 4658 228 4740 leniam,
251 4679 318 4728 ante
335 4675 463 4730 Natalem
490 4675 604 4729 Domini
626 4675 747 4745 jejunet,
764 4679 795 4728 ut
811 4676 942 4747 supradi-

116 4753 175 4812 dnm
196 4767 247 4816 est.
265 4763 299 4816 Et
321 4762 352 4817 in
380 4766 504 4834 quatuor
529 4763 698 4833 supradictis
726 4763 819 4830 annis,
846 4764 941 4830 tertia,

116 4839 197 4905 iliata
217 4849 299 4918 ieris,
327 4855 356 4905 et
380 4851 509 4919 sabbato,
534 4857 630 4906 utatur
657 4850 794 4923 quicquid
818 4853 887 4918 vult,
915 4857 944 4906 et

116 4936 260 5016 blandam,
273 4942 302 4992 et
315 4945 448 5010 quartam
466 4939 566 4993 leriam
583 4939 726 4994 redimere
741 4944 836 5010 potest
849 4940 943 5010 pretio

114 5023 160 5103 llll
180 5025 353 5096 supradicto,
370 5032 477 5081 sextam
503 5027 602 5082 leriam
626 5027 799 5082 omnimodis
813 5028 944 5082 observet

116 5110 137 5196 Ψ
149 5121 213 5176 pane
235 5119 263 5168 et
278 5129 363 5185 aqua,
386 5120 415 5169 et
431 5130 613 5186 nequaquam
640 5116 769 5169 redimat.
787 5115 836 5171 llis
850 5115 946 5186 exple-⁴

117 5187 151 5259 [¹³2
163 5214 266 5256 sacram
281 5202 517 5258 communionem
531 5203 660 5275 achpiat.

118 5273 164 5340 Cis,
181 5289 210 5344 t.
234 5322 269 5331 -
290 5294 328 5346 lle
352 5292 515 5360 homicidiis,
540 5297 565 5346 ct
580 5294 723 5347 calumniis
746 5294 942 5361 episcoporum,

342 5366 368 5416 et
377 5364 544 5434 reliquorum
559 5364 693 5418 ordinum.

141 5458 186 5529 (tc
202 5467 295 5523 condi.
312 5468 389 5538 apud
405 5469 553 5525 Theodectis
565 5469 660 5523 vittam
682 5467 785 5535 habita
801 5466 942 5538 capital.)

995 4602 1086 4640 nones
1101 4586 1314 4658 eiimponatur,
1338 4592 1366 4641 et
1391 4587 1501 4642 DCCCC
1518 4586 1624 4641 solidos
1647 4601 1712 4639 cum
1739 4581 1844 4653 triptici

996 4675 1205 4745 compositione
1219 4692 1281 4743 sua,
1294 4678 1323 4729 et
1337 4675 1548 4745 episcopalibus
1563 4673 1667 4728 hannis
1683 4671 1844 4742 triplicibus

997 4768 1160 4833 componat.
1185 4764 1213 4819 Si
1230 4764 1294 4834 quis
1309 4763 1441 4834 episcopo
1466 4762 1585 4816 insidias
1609 4761 1747 4831 posuerit,
1765 4773 1846 4812 com·

996 4851 1192 4922 prehenderit,
1220 4852 1263 4905 vel
1293 4850 1321 4904 in
1352 4850 1448 4921 aliquo
1474 4847 1715 4913 dehonestaverit,
1744 4847 1843 4901 decem

996 4938 1235 5008 Ouedragesimas
1269 4954 1334 4992 cum
1370 4938 1490 4992 subditis
1529 4937 1613 4991 annis
1640 4934 1787 5005 paeniteat,
1816 4937 1844 4988 et

996 5026 1155 5098 presbyteri
1170 5025 1255 5080 occisi
1270 5025 1411 5094 triplicem
1427 5024 1663 5095 compositionem
1678 5024 1841 5091 componat.

997 5115 1026 5170 Si
1039 5121 1135 5169 autem
1151 5131 1215 5169 casu
1232 5119 1260 5168 et
1274 5130 1331 5168 non
1346 5119 1449 5186 sponte
1464 5113 1612 5176 occiditur,
1628 5126 1692 5164 com
1711 5125 1843 5180 compro·

996 5203 1162 5257 vincialiom
1187 5203 1386 5273 episcopcrum
1403 5202 1522 5256 consilia
1538 5198 1680 5254 homicida
1694 5198 1842 5271 paeniteat.

997 5291 1025 5346 Si
1040 5291 1103 5362 quis
1117 5295 1213 5345 autem
1228 5296 1328 5362 sponte
1343 5307 1409 5345 eum
1433 5289 1578 5354 occiderit,
1594 5303 1708 5343 carnem
1724 5303 1781 5342 non
1797 5304 1842 5342 co·

998 5379 1103 5445 medat,
1129 5377 1225 5432 vinium
1251 5394 1310 5433 non
1338 5377 1418 5432 bibat
1440 5375 1550 5432 cunctis
1578 5376 1679 5432 diebus
1695 5375 1758 5431 vitae
1773 5392 1843 5443 sua,

997 5466 1146 5539 cingulum
1162 5465 1285 5521 militare
1312 5466 1446 5536 deponat,
1461 5466 1570 5536 absque
1585 5480 1635 5535 spe
1663 5462 1792 5538 conjugii
1813 5463 1843 5520 in
