3894 6120
154 247 207 306 tet
691 247 900 308 BURCHARDI
918 249 1185 309 WORHACIENSIS
1203 246 1371 308 eviscovi.
1858 251 1908 305 bib

155 375 216 432 tiso
239 377 341 430 nocuo
363 387 424 430 non
446 370 508 429 sine
530 370 655 428 tscrimis
669 386 723 446 pro
747 374 812 445 ejus
830 371 890 430 vite
909 371 1046 431 retuli-A
1064 373 1245 444 salutemque
1270 370 1422 444 sepulchro
1445 373 1652 445 supponentes,
1678 368 1733 443 qni
1755 368 1832 426 servi
1861 368 1910 425 uei

155 478 232 520 mus.
253 462 383 519 Adersnt
407 461 439 518 in
459 460 588 534 exequiis
610 460 672 532 ejus
687 459 733 516 sui
747 460 866 530 milites,
888 460 944 516 viri
957 476 1009 516 ve·
1061 461 1136 518 tecta
1162 458 1319 517 mendaciis
1351 459 1525 530 lacerabant,
1554 457 1607 515 sed
1636 457 1694 531 ipsi
1721 455 1796 513 tatia
1820 456 1911 512 heere

156 548 301 608 nerebilee
321 555 352 607 et
364 550 500 616 illustres,
520 563 682 621 corpusque
703 546 739 586 ⁴⁸⁸
762 549 824 620 ejus
836 564 889 621 per
911 549 1010 605 omnia
1062 550 1244 618 nesciebeut;
1270 563 1394 621 quornm
1422 548 1497 603 Deus
1517 552 1619 603 venter
1638 552 1684 604 est
1696 550 1727 602 st
1752 544 1848 618 gioria
1868 560 1911 600 co

155 638 331 696 monasterie
357 637 600 703 circumferentes,
631 636 667 692 ad
693 637 789 693 sedem
820 637 1008 711 principalem
1061 656 1128 696 rum
1157 640 1188 695 in
1220 638 1398 705 contusione,
1431 636 1482 708 qui
1513 641 1628 692 terrene
1652 638 1772 690 tantum
1798 633 1912 706 sepiunt

62 766 68 775 ,
155 728 275 785 tandem
305 727 481 783 detulerunt.
513 726 613 798 ibique
645 725 682 781 ab
706 726 848 782 universis
872 727 1009 784 fratribus
1062 733 1092 786 et
1110 745 1176 803 quae
1202 727 1253 784 Dei
1275 730 1342 783 sunt
1364 725 1481 798 penitus
1500 725 1643 780 nesciunt.
1670 723 1722 780 iiic
1745 727 1845 779 autem
1867 738 1910 777 se·

156 814 359 872 venersbititer
390 818 547 886 acceptum,
578 812 670 868 solitis
702 813 918 871 custodiebatur
945 816 1011 872 offi-
1062 818 1162 874 cordos
1179 815 1283 874 Christi
1297 822 1357 871 toto
1372 813 1470 870 animo
1487 813 1611 884 totisque
1633 810 1748 867 viribus
1767 810 1804 867 ed
1826 812 1910 866 baum

157 904 217 960 ciis.
243 904 363 960 Postera
384 907 480 957 sutem
494 901 541 958 die
564 901 596 957 in
608 902 712 958 endem
735 902 855 959 ecclesie
876 902 908 960 in
922 905 1009 960 cboro
1062 921 1227 973 conversus,
1252 902 1388 976 quicquid
1412 901 1479 957 boni
1501 900 1578 970 tecit,
1595 899 1710 958 cbristo
1737 899 1793 955 soli
1810 915 1911 970 cogno-

156 991 338 1058 occidentati,
368 990 501 1046 videlicet
522 994 589 1045 ante
613 992 702 1047 attare
733 991 825 1048 sancti
851 992 1008 1061 Laurentii,
1062 996 1201 1051 scendum
1228 992 1381 1064 diiigenter
1403 990 1559 1058 abscondit,
1579 994 1609 1044 et
1626 988 1730 1045 munes
1746 987 1856 1043 favores
1876 988 1910 1043 si-

157 1080 314 1137 honorifice
329 1079 474 1150 sepultum
489 1084 533 1133 est
547 1076 584 1114 ¹⁸⁶
599 1079 665 1150 (26).
1063 1082 1172 1138 militer
1194 1086 1223 1137 et
1250 1081 1400 1136 homiuum
1427 1078 1647 1134 obtrectationes
1673 1076 1760 1149 perri
1788 1076 1910 1149 pendens

192 1169 235 1223 24.
255 1167 312 1225 Sed
332 1166 383 1222 ubi
397 1181 474 1221 nunc
496 1170 564 1221 sunt
579 1167 622 1222 itti
644 1167 781 1239 pestiteri,
805 1166 857 1239 qui
879 1168 1011 1226 vitamet
1063 1171 1151 1227 surda
1174 1184 1244 1225 cirre
1266 1167 1407 1234 transivit,
1431 1166 1482 1240 qui
1502 1169 1615 1222 tentum
1641 1167 1699 1221 Deo
1722 1165 1839 1237 placere
1856 1169 1909 1220 stn-

156 1262 238 1312 actns
262 1255 316 1311 viri
340 1254 393 1310 Dei
415 1254 565 1311 venenosis
590 1255 698 1328 linguis
720 1261 880 1328 cerpentes,
908 1257 1007 1326 multe,
1064 1259 1137 1315 duit.
1155 1259 1228 1330 Ergo
1249 1258 1375 1314 tructum
1389 1261 1530 1312 [eternum
1543 1260 1621 1326 apud
1636 1254 1730 1309 beorn
1744 1268 1799 1325 pro
1813 1253 1908 1308 tatibus

75 1354 88 1369 ·
158 1361 224 1419 ques
238 1360 292 1401 nec
307 1342 364 1399 dici
379 1342 489 1399 licitum
505 1349 559 1410 est,
575 1360 663 1415 super
675 1345 759 1400 iltum
771 1360 897 1417 suosque
910 1345 1011 1403 fideles
1064 1347 1148 1403 illum
1174 1345 1331 1418 acquisisse
1352 1349 1381 1400 et
1395 1343 1514 1417 prumia
1537 1342 1717 1414 sempiterne
1740 1356 1795 1412 pro
1809 1341 1906 1395 secuts·

158 1433 246 1488 variis
267 1430 527 1489 obtrectationibus
549 1432 665 1488 mentiti
686 1434 774 1488 sunt?
797 1433 819 1489 0
841 1432 962 1489 miseros
983 1439 1010 1490 et
1064 1435 1144 1491 ribus
1174 1451 1241 1490 eum
1269 1433 1420 1506 recepisse,
1446 1447 1593 1504 speramus
1616 1447 1650 1486 ac
1674 1429 1803 1485 tirmiter
1829 1428 1906 1484 cradi

158 1522 306 1593 protenus,
331 1519 421 1575 totius
443 1519 601 1575 honestatis
625 1520 746 1577 oblitust
768 1522 790 1578 0
809 1521 898 1577 totins
919 1521 1011 1578 virtu·
1064 1540 1140 1594 mus,
1155 1527 1184 1579 et
1197 1527 1231 1578 ut
1245 1538 1310 1577 cum
1324 1521 1436 1578 Christo
1451 1536 1570 1576 manens
1586 1518 1802 1590 sempiternum
1817 1516 1906 1572 habent

158 1609 197 1665 tis
215 1608 322 1664 inscios
343 1606 487 1680 totiusque
510 1608 626 1680 pietatis
649 1609 741 1665 nudos
765 1613 794 1665 et
817 1611 878 1666 sole
902 1611 1011 1667 ventris
1066 1612 1269 1679 secerdotium,
1290 1616 1446 1682 presstante
1470 1608 1594 1665 Domino
1617 1611 1720 1662 nostro
1734 1606 1802 1662 iesu
1824 1604 1903 1661 (ibris

159 1697 289 1769 ingluvie
331 1695 492 1768 saginatos!
535 1696 557 1752 0
594 1694 684 1753 totius
716 1697 853 1754 bonitatis
889 1698 1010 1768 steriles,
1066 1705 1121 1771 sto,
1149 1700 1196 1755 cui
1214 1699 1252 1755 sit
1280 1700 1344 1755 taus
1362 1701 1392 1755 et
1423 1697 1516 1771 gioria
1541 1712 1595 1769 per
1612 1694 1732 1751 inflnite
1756 1692 1901 1749 seculorum

163 1785 237 1844 nihii
260 1784 330 1841 huic
354 1784 450 1841 simite
472 1784 619 1854 iacientes,
646 1786 695 1842 sed
715 1802 797 1859 spem
812 1803 894 1843 suam
918 1788 1013 1843 secuto
1067 1788 1172 1844 secula.
1188 1789 1290 1843 Amen.

873 1948 992 2004 VARIAE
1006 1947 1206 2005 Lectiones.

200 2075 235 2116 ⁴⁸⁸
249 2093 305 2150 que
330 2077 404 2132 deest
424 2078 450 2132 2.
488 2073 524 2114 ⁴⁸⁶
544 2091 620 2131 enno
640 2074 753 2131 Domini
769 2091 853 2132 mv.
876 2077 1000 2133 secundo
1020 2092 1095 2134 anno
1120 2078 1243 2134 Conrsdi
1258 2075 1451 2148 imperatoris.
1477 2073 1531 2132 Ubi
1552 2088 1630 2131 nuuc
1651 2076 1731 2142 sunt,
1757 2071 1809 2144 qui
1822 2071 1892 2129 felice
1939 2110 1941 2145 ,

163 2152 243 2205 actus
264 2147 319 2204 viri
339 2147 430 2203 sancti
448 2149 600 2202 venenosis
623 2145 730 2217 linguis
753 2151 904 2218 carpentes
932 2164 1009 2220 sepe
1038 2164 1126 2221 opere
1151 2149 1214 2220 ejus
1238 2149 1319 2220 persi
1341 2147 1508 2220 pendebunt
1530 2149 1558 2200 et
1579 2144 1808 2200 ennibitebauti
1832 2144 1889 2199 burc

163 2218 286 2348 'slibvitqib
313 2218 457 2275 credimus
488 2223 591 2290 regnat
622 2233 689 2272 cum
721 2217 780 2274 Deo
807 2219 953 2275 Abrabam
982 2220 1012 2275 in
1040 2218 1159 2276 excelsis
1190 2219 1248 2275 iilis
1279 2225 1309 2275 et
1337 2217 1485 2292 perpetuis
1512 2215 1636 2289 gaudiis,
1673 2216 1778 2271 Amen.
1804 2217 1841 2270 ito
1860 2215 1888 2270 de

983 2404 1095 2461 NOTAE.

168 2508 450 2654 θέίὶεθὲέἕξὲιίοωω
477 2508 565 2581 panto
596 2523 684 2582 supra
713 2508 912 2583 pavimentum
940 2511 1074 2568 eductum
1106 2513 1258 2570 claudebat
1288 2512 1362 2586 lepis
1390 2510 1647 2585 hemisphaericus,
1677 2509 1773 2567 addita
1805 2509 1832 2565 in
1850 2509 1886 2564 luc

631 2682 680 2733 Hic
691 2682 762 2748 jecet
774 2682 865 2746 buggo
879 2682 1015 2747 quondem
1029 2683 1105 2735 istius
1119 2684 1170 2735 loci
1182 2687 1331 2751 spiscopus.

203 2786 247 2842 lta
261 2783 406 2842 schannat
420 2780 489 2838 itist.
503 2780 617 2836 Worm.
636 2784 660 2851 t,
675 2797 704 2852 p.
721 2779 783 2836 est.

750 3176 1352 3307 BURCHARDI

834 3401 999 3459 suismet
1018 3401 1066 3458 ab
1084 3399 1272 3456 ALPERTUM

622 3565 707 3638 (vise
723 3578 811 3636 aspro
828 3562 860 3620 in
877 3565 1039 3632 iussero,
1058 3563 1141 3634 buius
1155 3561 1312 3630 voluminis,
1332 3563 1383 3618 cot.
1404 3561 1481 3633 ter.)
