3878 6112
88 258 139 311 993
626 245 829 304 runcaturi
848 241 1113 301 walthamensis
1131 237 1298 308 EPISCOPI.
1787 242 1834 294 tan

87 379 148 429 tota
159 373 330 429 discretione
346 376 499 439 summota,
515 386 573 425 non
587 370 681 423 sotum
696 369 731 422 de
754 367 834 423 factis
859 372 934 422 atro·
950 369 972 422 Α
991 381 1032 433 re,
1048 369 1098 420 aut
1112 366 1142 419 in
1158 365 1233 418 malo
1263 363 1414 434 depressus
1438 363 1599 418 occumbas.
1618 364 1652 418 ln
1682 380 1742 434 quo
1764 365 1836 418 enim

87 464 169 519 cibus
197 461 386 517 neeessariam
413 459 622 531 poeuitudinem
649 473 708 511 non
737 455 854 520 habere,
885 455 933 509 sed
991 469 1077 525 opere
1090 452 1178 507 luerit
1192 453 1278 507 homo
1293 452 1454 521 depressus,
1472 451 1501 505 in
1517 466 1551 505 eo
1562 451 1752 523 judicabitur.

89 552 253 622 necaliqua
281 550 463 621 correptione
486 547 600 620 penitus
620 545 799 612 succedente,
816 543 935 600 addivi·
1010 566 1159 622 0394111·
1183 595 1217 605 -
1242 567 1277 620 Ut
1291 564 1398 633 justum
1429 565 1466 618 εἰς
1494 565 1568 618 omni
1592 562 1823 632 Mminiquogge

90 657 158 696 num
173 639 364 694 ministerium
380 640 577 706 honoremque
600 634 784 689 contendere.
806 633 935 689 Nonnul·
1318 634 1509 705 reprehendat.

87 731 243 785 losautem
268 728 296 782 in
326 726 395 798 ipsis
420 724 568 780 ordinibus
589 723 768 790 constitutos,
804 721 936 793 gravibus
1027 746 1080 816 (Ex
1096 745 1177 800 dictis
1191 744 1298 799 Hm·
1318 742 1463 812 qu'usctum
1481 739 1762 812 erem-menidam
1789 738 1838 793 sm

90 813 476 887 d⁰n¹¹q¹¹⁰¹¹²⁸⁸s³⁰i⁰⁰rib¹¹⁵
505 828 564 866 ¹¹⁰³
594 811 705 883 ¹⁸⁰p⁶¹¹ir
725 825 790 864 ⁰⁰³¹
812 814 842 864 ει
859 813 931 879 ΑΨ
991 841 1034 889 ter
1049 832 1198 904 requisivit
1212 831 1344 887 abbatem
1373 830 1532 896 pimenem,
1553 828 1651 884 dicens
1668 827 1767 895 :Quid
1790 833 1836 893 est,

90 907 179 962 “⁰¹⁰³
192 906 316 960 ΜΨ
333 901 447 957 Nemini
468 901 523 956 ⁰it⁰
547 915 651 955 ¹¹¹³¹¹⁰⁵
675 898 873 971 immnendffl‘
890 913 938 952 ¹²⁹·
990 927 1081 996 pater,
1100 922 1176 994 qaod
1192 921 1262 976 dicit
1275 921 1426 992 Apostolus
1442 919 1567 976 :Omnia
1582 917 1839 974 mundamundis‘?

91 1010 147 1066 que
162 990 434 1048 communicandum
448 989 572 1060 peccatis
591 987 694 1043 alienis
712 1004 718 1041 ε
737 991 765 1042 et
794 987 936 1086 majorum
989 1010 1215 1066 Atinedpxpgp
1231 1009 1282 1065 :Si
1308 1008 1373 1081 quis
1397 1008 1432 1064 gd
1447 1007 1525 1063 hunc
1547 1023 1713 1063 sermonem
1740 1022 1838 1078 perre-

90 1082 253 1136 venerenda
265 1079 419 1134 constitata
439 1079 648 1151 pronuncient;
664 1076 830 1148 hujusmodi
850 1080 936 1129 atram
990 1101 1052 1155 nire
1066 1098 1202 1171 popueffi'
1224 1103 1256 1153 ut
1267 1115 1335 1153 eum
1350 1098 1502 1169 intelligat,
1526 1096 1637 1152 videbit
1651 1112 1682 1151 ,Β
1699 1095 1839 1151 minorem

91 1171 114 1226 δί
127 1168 419 1240 f⁰¹i⁰⁵¹¹bf⁰P³⁸ri¹¹tr
440 1172 500 1224 ²⁸⁰¹
521 1167 569 1238 ‘lui
588 1170 654 1221 ³¹¹t⁸
675 1168 875 1237 P⁰⁰⁰⁸V⁰ffl¹¹²r
891 1164 938 1219 ‘³⁰'
991 1204 1051 1243 esse
1063 1188 1149 1244 totius
1169 1191 1318 1242 creaturae.
1344 1185 1395 1242 Cari
1410 1186 1520 1241 irater:
1549 1187 1583 1241 Et
1607 1185 1760 1258 quomodo
1783 1201 1839 1256 pos

87 1261 179 1333 1⁰⁰²⁰⁸
220 1263 353 1328 ⁰P⁰ftef⁶
382 1256 497 1326 depelli,
521 1272 608 1327 quam
632 1270 720 1310 mm
751 1252 938 1324 ΡΙὋῩΜΟΠῘ8
991 1294 1055 1332 sum
1071 1276 1213 1332 minorem
1242 1291 1287 1330 me
1313 1274 1460 1330 ridereab
1482 1291 1516 1330 eo
1543 1275 1593 1347 qui
1621 1269 1839 1330 homicidaesti

61 1363 66 1371 ·
91 1348 197 1403 oblitos
231 1345 520 1418 prevaricatoresque
550 1345 638 1399 sancti
663 1342 812 1415 prepositi
836 1340 937 1413 procul
991 1365 1311 1437 Responditsenwffi
1337 1363 1565 1435 potuerithomo
1584 1364 1621 1418 ad
1636 1363 1718 1418 hune
1740 1379 1840 1418 semo,

91 1435 406 1492 dflbi⁰³¹¹bm⁰⁸'⁰¹¹d⁰⁵·
992 1471 1058 1510 nem
1083 1454 1212 1525 Apostoli
1240 1453 1399 1526 pervenire,
1426 1458 1455 1508 et
1482 1452 1585 1508 viderit
1607 1452 1762 1507 hominem
1795 1452 1840 1523 qui

992 1543 1065 1598 torte
1083 1542 1187 1597 occidit
1201 1542 1299 1611 alium,
1317 1541 1387 1597 dicit
1399 1541 1430 1595 in
1455 1541 1607 1613 semetipso
1625 1556 1631 1594 :
1650 1542 1707 1596 lste
1727 1541 1840 1613 quidem

952 1632 1045 1695 Bhoc
1060 1631 1153 1686 solum
1183 1635 1330 1703 peccatum
1345 1630 1428 1685 fecit:
1453 1645 1507 1700 ego
1536 1634 1632 1685 autem
1661 1631 1747 1684 omni
1775 1629 1841 1684 bora

994 1720 1182 1776 homicidium
1197 1719 1355 1787 committo,
1368 1719 1509 1790 meipsum
1523 1717 1714 1773 interficiens.
1731 1719 1765 1773 Et
1780 1735 1840 1773 cum

993 1810 1083 1865 irater
1097 1809 1258 1880 requireret
1282 1808 1427 1881 quomodo
1442 1807 1496 1862 boc
1522 1807 1613 1880 possit
1627 1805 1704 1873 fieri,
1726 1822 1840 1879 respon-

995 1898 1058 1954 dit:
1077 1901 1143 1956 Hoec
1156 1899 1216 1954 sola
1241 1903 1285 1954 est
1311 1896 1437 1954 hominis
1447 1895 1571 1968 justitia,
1599 1901 1630 1951 ut
1655 1896 1840 1967 semetipsum

93 1578 156 1632 Car.
176 1577 218 1630 Ll.
238 1607 269 1615 —
293 1578 330 1631 De
346 1576 401 1629 iltis
415 1576 464 1644 qut
488 1575 544 1629 loca
563 1578 717 1629 sanctorum
739 1574 788 1627 sab
804 1575 938 1642 pretenta

276 1648 417 1712 religionis
431 1646 580 1699 inconsulte
591 1648 752 1714 peragrent.

129 1755 188 1824 (Ea
204 1751 317 1807 concilio
332 1751 481 1817 (tribilion,
495 1752 540 1804 cui
551 1752 678 1817 interfuit
701 1748 813 1806 Carolus
828 1750 937 1818 imper,

94 1844 182 1913 capite
202 1841 260 1908 45.)
283 1840 353 1893 Nam
384 1843 412 1893 et
427 1839 598 1911 quibusdam
615 1838 664 1911 qui
691 1839 823 1908 Romam,
847 1840 940 1893 Turo-

94 1946 209 1997 numre,
227 1935 254 1983 et
266 1928 322 1982 alia
338 1928 470 1999 quasdam
495 1928 558 1982 loca
573 1927 625 1982 sub
639 1930 779 1998 praetextu
800 1925 940 1981 orationis

93 2019 254 2074 inconsulte
271 2022 424 2088 peragrant
445 2016 603 2087 plurimum
628 2020 759 2070 erratur:
788 2019 856 2069 suut
875 2006 940 2085 pre·

95 2107 200 2178 sbpteri
215 2111 243 2161 et
257 2106 400 2170 diacones,
417 2110 444 2160 et
460 2105 555 2159 caeteri
576 2104 607 2158 in
623 2105 699 2158 clero
715 2104 874 2170 constituti,
890 2104 941 2175 qui
996 2077 1179 2133 mmmmm·

93 2193 412 2266 negligantcrrireates
427 2193 456 2246 iu
472 2209 506 2247 eo
525 2193 643 2264 purgari
658 2209 687 2247 se
709 2210 725 2247 a
747 2193 872 2265 peccatis
887 2208 941 2263 pu·
996 2193 1061 2249 Car.
1079 2194 1144 2249 etv.
1163 2223 1197 2232 —
1222 2194 1256 2248 tn
1283 2192 1374 2247 nutius
1397 2193 1515 2258 tratrem
1529 2189 1840 2260 mndemnetaatequcn

94 2288 166 2350 tant,
180 2288 209 2338 et
223 2282 383 2337 ministerio
403 2297 454 2335 suo
469 2281 550 2352 fungi
569 2281 672 2336 debere
692 2281 716 2334 si
742 2279 861 2352 praelata
880 2280 941 2334 loca
1253 2266 1322 2319 ΒΜ
1342 2263 1419 2318 ilium
1438 2261 1581 2332 dijudica·

95 2372 250 2443 attingant.
273 2371 345 2425 Sunt
361 2370 550 2424 nihilomiuus
565 2370 629 2424 laici
645 2369 809 2441 quiputant
823 2369 942 2439 impune
1032 2373 1087 2438 (En
1102 2372 1183 2425 dictis
1198 2369 1343 2439 cujusdam
1360 2369 1499 2440 eremitae.)
1515 2367 1598 2423 Venit
1624 2366 1783 2439 aliquando
1798 2367 1841 2422 ab

94 2478 134 2528 se,
149 2467 199 2515 aut
216 2475 343 2532 peccare,
367 2463 416 2514 aut
444 2474 596 2530 peccasse:
629 2458 774 2530 quiahaec
802 2459 941 2513 loceora·
996 2460 1046 2515 bas
1062 2461 1140 2515 lsaac
1155 2459 1185 2512 iu
1207 2458 1349 2527 coenobio,
1377 2462 1406 2512 et
1420 2456 1490 2512 vidit
1519 2456 1577 2510 illic
1603 2455 1726 2511 fratrem
1755 2456 1842 2527 negli-

95 2549 161 2614 turl,
178 2549 372 2620 frequentant.
393 2546 599 2618 Suntquidam
614 2545 940 2618 potentumquiacqui·
997 2554 1136 2621 gentem:
1159 2547 1290 2602 etiratus
1313 2545 1399 2618 jussit
1413 2562 1478 2601 eum
1506 2545 1610 2617 expelli
1640 2545 1677 2600 de
1705 2545 1841 2600 coeuobio.

95 2638 178 2693 rendi
193 2653 295 2692 census
323 2636 415 2706 gratia
431 2635 484 2690 sub
500 2641 638 2706 praetextu
655 2635 787 2702 Romani,
804 2635 861 2689 sive
887 2636 943 2689 Tu·
997 2638 1067 2693 Cum
1083 2654 1153 2708 ergo
1169 2638 1371 2709 regrederetur
1382 2637 1417 2692 ad
1434 2635 1632 2692 babitaculum
1648 2650 1750 2703 snum,
1769 2634 1844 2688 venit

95 2726 186 2782 ronici
205 2725 317 2780 itineris
340 2727 431 2780 multa
465 2725 627 2797 acquirunt,
648 2725 755 2779 multos
783 2739 943 2796 pauperum
997 2726 1116 2797 angelus
1137 2725 1254 2780 Domini
1279 2728 1308 2779 et
1321 2723 1399 2780 stetit
1426 2730 1491 2779 aute
1515 2722 1622 2778 ostium
1645 2722 1843 2791 cellutaeaJ‘us,

96 2815 319 2887 opprimunt,et
342 2813 416 2884 quod
432 2812 491 2867 sola
519 2813 674 2885 cupiditate
694 2812 812 2881 faciunt,
841 2811 944 2867 oratio·
998 2814 1113 2868 dicens:
1133 2814 1195 2869 Non
1213 2818 1241 2868 te
1256 2812 1394 2885 permitto
1414 2812 1537 2884 ingredi.
1553 2811 1651 2866 Atilia
1677 2811 1800 2883 rogabat
1814 2814 1844 2865 ut

96 2920 167 2959 num
194 2902 252 2958 sira
270 2906 434 2956 sanctorum
460 2903 589 2957 locorum
618 2901 787 2957 visitationis
814 2917 899 2956 causa
914 2916 943 2955 se
959 2914 979 2971 c
998 2902 1059 2972 eJus
1074 2902 1159 2972 culpa
1184 2902 1425 2957 manifestaretur.
1455 2903 1488 2956 ut
1513 2900 1694 2971 respondens
1720 2899 1842 2971 angelus,

95 2991 187 3047 facere
202 2991 295 3046 rideri
324 2990 466 3046 allectant.
482 2990 553 3046 Sunt
580 3006 724 3062 pauperes
737 2989 787 3062 qui
812 2990 855 3045 rel
879 2989 943 3044 ideo
999 2991 1070 3046 dixit
1089 3007 1095 3045 :
1113 2991 1187 3044 Deus
1201 2988 1359 3046 transmisit
1372 3005 1429 3055 me,
1444 2988 1541 3044 dicens
1556 3005 1564 3044 :
1579 2988 1667 3057 Vade,
1683 2987 1732 3042 dic
1746 2990 1842 3043 Isaac:

96 3080 126 3135 id
141 3080 259 3147 faciunt,
290 3086 322 3133 ut
345 3079 485 3150 majorem
513 3078 639 3134 habeant
663 3079 815 3134 materiam
833 3077 944 3134 mendi·
978 3078 1192 3150 ,Ubijubasut
1211 3079 1359 3133 mittamus
1381 3077 1463 3133 illum
1491 3077 1609 3132 tratrem
1633 3077 1686 3148 qui
1701 3075 1843 3148 peccarit?

97 3168 191 3236 caudi,
210 3168 382 3238 dequorum
407 3182 528 3220 nurnero
543 3167 667 3221 suntilli
693 3167 744 3238 qui
766 3167 945 3237 circumqua-
998 3172 1033 3222 at
1047 3168 1095 3222 ille
1109 3181 1176 3221 mox
1195 3166 1255 3237 egit
1268 3165 1479 3236 paenitentiam,
1498 3165 1618 3222 dicens:
1644 3165 1774 3234 Peccari,
1790 3165 1843 3219 lic·

98 3253 370 3329 quevagantesillo
387 3271 417 3308 se
446 3270 566 3326 pergere
592 3255 791 3309 mentiuntur:
808 3256 850 3309 vel
877 3255 946 3326 quia
999 3255 1088 3322 mine,
1102 3254 1220 3326 indulge
1235 3254 1317 3310 mihi.
1343 3255 1375 3309 Et
1402 3253 1471 3309 dicit
1483 3254 1510 3309 ei
1542 3254 1680 3326 angelus:
1712 3255 1845 3324 Exsurge,

97 3349 210 3398 tautum
226 3346 293 3396 sunt
307 3342 453 3408 vecordes,
471 3348 502 3397 ut
524 3347 627 3414 putent
640 3359 669 3397 se
687 3350 851 3398 sanctorum
873 3344 947 3399 loco-
997 3343 1217 3415 indulgeat¹tibi
1235 3340 1398 3399 Dominus:
1421 3343 1470 3398 sed
1486 3358 1522 3397 ne
1550 3342 1655 3397 iterum
1685 3342 1742 3398 boc
1765 3340 1847 3396 iacias

97 3448 163 3487 rum
178 3431 239 3486 sola
253 3431 532 3503 visioneapeccatis
545 3431 675 3504 purgari,
690 3449 748 3487 non
764 3432 945 3488 attendentes
999 3438 1031 3487 ut
1058 3448 1236 3504 quemquam
1264 3430 1452 3499 condemnes,
1478 3433 1632 3502 antequam
1660 3427 1848 3498 Deusillum

16 3590 21 3599 Ι
100 3522 176 3593 quod
197 3521 237 3576 ait
261 3520 361 3576 beatus
389 3521 603 3592 Hieronymus:
631 3522 692 3575 Non
719 3521 945 3591 Hierosolymam
1000 3521 1146 3591 dijudicet.
1179 3522 1318 3576 'tuterunt
1346 3520 1479 3576 homines
1498 3518 1552 3574 sibi
1568 3517 1725 3590 judicium,
1750 3522 1847 3572 elnon

98 3610 214 3678 vidisse,
230 3610 278 3664 sed
306 3608 510 3681 Hierosolymis
539 3609 614 3664 bene
628 3609 742 3676 vixisse,
768 3609 945 3664 laudandum
999 3609 1071 3664 mihi
1086 3608 1159 3664 illud
1174 3608 1335 3676 dimittunt,
1353 3608 1423 3664 dicit
1447 3606 1595 3663 Dominus.
1614 3608 1673 3662 lloc
1696 3611 1794 3660 autem
1812 3603 1849 3658 di·

99 3700 206 3756 estha
230 3699 335 3770 quibus
363 3699 497 3753 omnibus
524 3697 718 3769 imperatoris,
744 3697 868 3769 qualiter
889 3699 947 3753 sint
999 3701 1078 3752 ctum
1106 3700 1159 3764 est,
1176 3696 1282 3767 quiesi
1310 3696 1463 3769 contigerit
1488 3697 1524 3753 de
1551 3695 1608 3751 illis
1636 3692 1772 3766 perfectis
1799 3691 1848 3746 eli-

98 3787 287 3856 emendanda‚
305 3789 448 3842 sententia
462 3791 642 3858 exspectetur
659 3803 665 3840 :
683 3786 734 3858 qui
750 3802 817 3840 vero
829 3792 946 3857 peccata
1000 3801 1097 3857 (quem,
1113 3787 1154 3840 vet
1173 3786 1204 3840 in
1218 3801 1306 3857 perro
1321 3801 1449 3856 peceare,
1465 3802 1523 3840 non
1535 3800 1602 3839 mox
1613 3783 1764 3855 prodatur.

99 3891 152 3930 sua
168 3874 363 3928 sacerdotibus
377 3875 406 3928 in
436 3889 558 3945 quorum
584 3879 651 3929 sunt
662 3873 805 3945 parochiis
823 3875 946 3929 confessi
1001 3908 1135 3964 cmm·
1160 3908 1290 3974 -Quod
1314 3909 1393 3978 jum
1421 3908 1668 3976 obedimmjm
1694 3903 1847 3962 mmm

994 1987 1196 2059 reprehendat.
1210 1987 1288 2042 Time
1302 1987 1380 2042 enim
1391 1986 1485 2059 justus
1507 1989 1560 2053 est,
1574 2000 1639 2042 curn
1654 2000 1710 2040 sua
1731 1991 1841 2056 peccata

100 3967 177 4028 sunt,
195 3967 223 4017 et
247 3962 282 4017 ab
301 3962 345 4017 his
361 3963 479 4034 agendae
502 3962 681 4034 paenitentiae
703 3963 856 4018 consilium
871 3980 948 4019 acce·

99 4054 216 4121 parunt,
244 4049 267 4102 si
290 4050 469 4105 orationibus
485 4049 654 4118 insistendo,
680 4049 874 4121 eleemosynas
889 4052 946 4106 lar-

100 4138 217 4209 giendo,
232 4154 326 4192 mores
341 4138 551 4209 componendo,
566 4138 655 4193 uitam
670 4139 860 4207 emendando,
877 4156 946 4212 apo-

101 4227 241 4281 stolorurn
256 4227 365 4294 limina,
377 4227 420 4282 rel
436 4227 633 4297 quorumlibet
646 4232 809 4282 sanctorum
825 4229 948 4285 inrisere

100 4315 273 4381 desiderant,
288 4316 392 4370 horum
405 4319 449 4369 est
468 4315 580 4370 devotio
610 4316 702 4370 modis
726 4316 861 4372 omuibus
887 4319 946 4373 col·

102 4403 255 4458 laudanda.

103 4525 166 4580 Car.
203 4525 257 4580 Lll.
289 4555 323 4564 —-
351 4528 388 4581 De
411 4527 485 4581 omni
513 4530 660 4595 peccatore,
681 4528 784 4594 quoties
809 4527 948 4596 canduit,

302 4597 375 4666 quod
390 4599 466 4652 toties
486 4612 626 4666 reserpere
644 4598 748 4652 debent.

139 4699 194 4768 (Eur
209 4700 290 4756 dictis
315 4703 388 4757 Sosii
401 4701 546 4771 eujusdam
574 4701 714 4770 eremitar.)
743 4702 816 4755 llum
831 4701 950 4773 quidam

102 4789 191 4845 frater
206 4789 338 4845 abbatem
365 4790 477 4845 Sosium
499 4790 549 4846 tali
565 4806 696 4845 sermone
723 4789 889 4861 frequenter
912 4805 952 4843 re·

103 4879 239 4950 quireret,
256 4879 352 4933 dicens
368 4894 374 4933 :
388 4878 462 4943 Quid
474 4879 585 4946 faciam,
598 4880 689 4949 Pater,
701 4878 837 4950 quoniam
849 4876 951 4932 cecidit

103 4966 146 5021 illi
157 4967 329 5039 respondit:
345 4966 437 5038 Surge
452 4966 557 5039 inquit.
575 4968 627 5021 Illo
642 4983 711 5022 vero
730 4984 760 5022 se
780 4967 952 5022 exsurrexis-

104 5069 144 5121 se,
166 5059 194 5108 et
212 5055 319 5109 iterum
333 5055 468 5110 cecidisse
485 5055 624 5124 professo,
653 5055 823 5127 respondit:
845 5056 952 5110 lterum

53 5192 56 5196 .
105 5141 199 5196 adhuc
213 5158 309 5214 surge.
326 5144 396 5197 Cum
406 5147 503 5197 autem
519 5143 607 5197 irater
616 5143 784 5214 frequenter
797 5144 952 5199 surrexisse

104 5232 133 5282 et
145 5228 311 5301 frequenter
335 5232 467 5287 cecidisse
490 5237 630 5300 narraret,
652 5232 757 5287 eodem
775 5248 843 5286 vero
867 5247 952 5287 senex

105 5315 242 5370 utebatur
255 5333 397 5386 sermone,
409 5319 583 5386 exclamans,
606 5318 645 5372 Ne
661 5317 780 5372 desistas
795 5320 951 5391 surgendo.

105 5403 160 5460 Cui
183 5403 271 5459 frater
298 5405 365 5461 ait:
393 5408 545 5479 Usquequo
570 5421 689 5478 pessum
711 5423 839 5480 surgere,
856 5410 952 5477 Pater,

105 5494 248 5565 explana?
263 5492 354 5550 Senex
374 5495 467 5551 dixit:
489 5496 654 5569 Usquequo‚
670 5500 721 5552 aut
740 5495 861 5553 inbono
883 5513 953 5570 opa-

1326 3986 1521 4034 remuneretur.

1036 4085 1096 4153 (Ee
1111 4083 1194 4140 dietis
1209 4085 1354 4156 cujusdam
1368 4085 1506 4157 uenita.)
1520 4082 1642 4149 Quidam
1661 4098 1697 4138 ex
1720 4081 1849 4153 patribus

967 4173 1033 4255 Diu
1044 4173 1131 4228 extasi
1147 4174 1265 4244 positus,
1282 4173 1353 4229 uidit
1371 4179 1494 4246 quatuor
1513 4172 1627 4228 ordines
1650 4174 1720 4225 ante
1737 4171 1848 4226 Deum:

1003 4267 1032 4319 et
1043 4263 1153 4335 primus
1170 4263 1286 4334 quidem
1302 4262 1371 4318 ordo
1386 4267 1448 4318 erat
1461 4261 1612 4317 hominum
1626 4259 1849 4326 infirmantium,

1003 4357 1033 4406 et
1046 4350 1152 4422 gratias
1168 4350 1316 4422 agentium
1331 4353 1401 4407 Deo.
1424 4350 1570 4406 Secundus
1582 4364 1650 4403 vero
1675 4353 1740 4404 erat
1753 4362 1852 4403 eorum

1003 4439 1053 4511 qni
1082 4438 1308 4510 hospitalitatem
1338 4444 1491 4503 sectantur,
1509 4441 1537 4492 et
1553 4438 1584 4491 in
1599 4436 1653 4491 hoc
1678 4436 1850 4492 ministrant.

1004 4527 1117 4583 tertius
1133 4543 1202 4582 uero
1216 4528 1333 4583 illorum
1349 4527 1399 4599 qui
1411 4526 1595 4582 solitudinem
1610 4524 1852 4590 sectanturouar

1004 4614 1264 4671 tusreroillorum
1289 4614 1339 4686 qui
1360 4620 1480 4687 propter
1508 4615 1599 4669 Deum
1627 4614 1658 4667 in
1690 4612 1852 4669 obedientia

1006 4702 1128 4774 subjecti
1151 4709 1218 4758 sunt
1238 4703 1379 4775 patribus.
1402 4704 1470 4758 Erat
1489 4718 1559 4774 ergo
1583 4701 1641 4756 illis
1659 4700 1756 4756 tribus
1780 4700 1853 4757 ordi·

1006 4791 1147 4846 nibushic
1169 4793 1239 4848 ordo
1259 4792 1390 4863 superior
1410 4791 1461 4864 qui
1482 4789 1678 4846 obedientiam
1694 4787 1853 4849 exhibebat,

1007 4884 1036 4935 et
1050 4879 1175 4935 habebat
1197 4885 1330 4954 torquem
1358 4896 1491 4947 aureum,
1517 4882 1546 4933 et
1567 4877 1708 4948 majorem
1734 4876 1854 4948 gloriam

1008 4969 1194 5040 praecaeteris
1211 4969 1386 5041 possidebat.
1415 4968 1490 5024 Dicit
1515 4971 1611 5022 autem
1636 4980 1724 5020 senex
1755 4965 1783 5020 ei
1810 4962 1855 5034 qui

1008 5056 1063 5112 sibi
1077 5057 1132 5112 hoc
1146 5057 1177 5112 in
1187 5058 1276 5113 extasi
1296 5057 1523 5126 demonstrabat,
1538 5054 1608 5126 quia
1623 5053 1670 5109 isti
1695 5053 1744 5108 alii
1760 5067 1856 5108 omnes

1008 5145 1116 5201 habeut
1130 5145 1257 5218 aliquam
1276 5146 1405 5218 requiem
1421 5145 1455 5200 ad
1477 5142 1638 5216 implendas
1656 5142 1792 5214 proprias
1807 5156 1856 5194 ro·

1009 5232 1143 5289 luntates.
1161 5234 1211 5289 llic
1233 5249 1302 5306 ergo
1316 5234 1366 5305 qui
1389 5233 1583 5289 obedientiam
1608 5237 1733 5298 exacuet,
1760 5243 1857 5285 omnes

1009 5322 1171 5377 voluntates
1180 5321 1328 5394 relinquit,
1344 5327 1421 5377 totus
1435 5322 1541 5394 pendet
1554 5321 1585 5375 iu
1599 5321 1749 5375 voluntate
1770 5316 1857 5375 Patris

1006 5410 1146 5482 jubentis,
1163 5414 1191 5466 et
1208 5409 1273 5467 ideo
1296 5411 1436 5482 majorem
1459 5410 1581 5483 gloriam
1595 5423 1656 5480 prae
1684 5407 1796 5463 ceteris
1818 5408 1858 5461 est

1010 5499 1136 5554 sortitus.
