3878 6112
87 257 117 312 si
737 252 764 307 s.
787 208 930 306 nennio
948 246 1189 308 reeunsroars

88 394 183 451 scopo,
200 375 272 432 inibi
288 375 376 447 regias
396 375 619 432 consecrationis
650 375 808 431 dominium
821 373 972 432 adiano-A
989 371 1098 428 honum
1113 377 1142 428 ct
1153 371 1322 445 simplicem,
1356 372 1455 429 omnia
1479 367 1611 446 cooJugis
1637 373 1782 431 ambitiosa

87 468 140 524 nit.
159 487 173 519 ιι
190 464 353 522 clarissima
367 464 439 533 brec,
451 463 506 518 nisi
526 465 711 520 vehementer
723 464 816 532 fallar,
830 467 858 519 et
872 479 939 536 per·
991 461 1101 516 callidae
1129 461 1262 532 precibus
1288 462 1428 533 probrosa
1460 463 1595 519 facilitate
1624 464 1782 521 concedent

88 554 322 628 emptoriasuul‚
352 570 411 608 non
439 572 484 608 a«
513 553 721 624 posterioribus
742 553 858 620 tradite,
875 572 888 605 ιι
907 557 939 608 ut
991 549 1204 605 Sancumrero
1222 550 1428 622 cunegundem
1449 553 1536 607 variis
1564 553 1700 608 conviciis
1713 570 1782 625 prus

89 645 184 702 aiebat
200 643 366 712 leibnitius,
387 642 436 698 sed
451 644 486 697 ab
500 643 660 715 aequalibus
675 646 704 697 ot
725 640 938 714 subaequalibus
992 640 1045 708 dit,
1061 644 1090 694 et
1118 639 1186 693 satis
1215 645 1313 709 aperte
1337 640 1495 695 adulteram
1525 642 1670 713 proponit,
1688 642 1782 697 domm

92 733 280 789 ‹exhibitar
304 737 486 803 argumenta,
513 732 618 803 quibus
640 747 692 786 uec
716 729 939 786 hilumoiticere
994 727 1185 800 quorumdam
1216 731 1417 799 episcoporum
1446 729 1651 797 familiaritate,
1678 731 1782 786 absent

91 827 188 895 posset
202 824 411 877 coretaneorum
428 819 525 891 (siqui
539 820 614 876 forte
629 820 734 875 alicubi
747 821 941 893 superessent)
994 814 1224 887 expeditionibus
1237 814 1345 870 bellicis
1361 815 1476 882 marito,
1493 831 1584 883 usam,
1603 837 1614 866 ι
1630 822 1684 870 etc.

92 911 265 982 scriptorum
286 909 450 976 silentium3
477 914 509 963 ut
533 909 655 980 proinde
681 909 786 982 frigida
810 909 942 965 Leibnilii

94 999 209 1066 locutio,
228 1019 241 1046 σ
270 997 441 1069 posteriores
472 998 664 1069 tradiderunt,
677 1023 691 1049 n
713 1000 796 1071 quasi
814 998 942 1055 indicare

95 1088 173 1155 velit,
188 1085 341 1158 postremis
365 1086 443 1140 hisce
458 1085 568 1140 saeculis
596 1092 693 1141 natam
722 1087 849 1158 primum
864 1086 943 1159 piam

94 1176 179 1231 istam
206 1174 415 1241 credulitatem,
451 1174 564 1230 abunde
597 1180 748 1230 enervetur
772 1181 801 1231 et
829 1176 944 1231 convel-

94 1265 179 1319 latur.

130 1354 176 1406 79.
202 1350 336 1406 Pluribus
360 1335 416 1404 liic¹
438 1350 619 1421 supersedeo,
648 1367 713 1407 cum
736 1352 798 1422 jam
826 1352 946 1423 allegata

97 1439 217 1495 omnino
245 1438 389 1493 sufiiciunt
412 1439 447 1493 ad
472 1438 628 1494 refellenda
664 1457 728 1513 quae
755 1440 865 1508 leviter,
897 1446 947 1496 aut

98 1529 249 1585 mitissime
264 1527 366 1595 dicam,
383 1527 418 1582 ab
437 1527 543 1583 illustri
557 1528 669 1583 erudito
696 1529 768 1596 riro,
793 1529 945 1601 nobisque,

97 1620 167 1674 dum
185 1617 303 1683 viveret,
332 1614 424 1671 amico
450 1617 562 1688 prolata
589 1621 669 1684 sunt,
694 1619 797 1674 melius
828 1634 863 1674 eo
885 1619 948 1673 loco

98 1705 316 1779 praetereunda3
333 1722 397 1778 qua
413 1707 582 1762 saneomitti
593 1707 702 1779 absque
712 1709 847 1780 scrupulo
863 1712 949 1781 pote·

98 1801 175 1862 rant,
205 1800 237 1850 ut
265 1798 331 1865 pote
363 1794 528 1865 importune
552 1794 664 1851 intrusa
687 1795 721 1850 ad
751 1795 949 1851 ostentandam

100 1884 311 1958 quodammodo
335 1883 536 1951 eruditionem,
556 1884 789 1957 quandoquidem
805 1884 836 1939 in
850 1900 895 1951 eo,
915 1885 950 1939 de

100 1990 159 2045 quo
172 1971 213 2028 ibi
227 1973 334 2043 agitor,
348 1987 446 2043 opere,
471 1988 575 2044 nempe
600 1974 749 2030 Adelholdi
768 1973 894 2045 episcopi
907 1974 950 2029 lib

100 2060 288 2132 trajectensis,
304 2076 389 2131 supra
405 2078 421 2114 a
436 2060 518 2116 uobis
532 2061 683 2134 descripto,
713 2079 766 2118 nec
777 2064 896 2119 verhum
916 2063 951 2116 de

104 2147 297 2220 uirginitate
326 2149 517 2204 voluntaria»
543 2150 604 2206 aS.
633 2151 781 2206 henricos
807 2150 838 2206 in
852 2149 952 2206 matri·

103 2237 200 2292 monio
215 2253 280 2291 cum
295 2237 470 2307 cunegunde
496 2239 619 2310 conjuge
639 2239 725 2306 culte,
742 2253 893 2310 nusquam
905 2253 951 2291 ro·

102 2326 241 2397 periatur.
259 2325 423 2396 Optandum
438 2343 506 2380 sane
520 2332 595 2381 esset
609 2332 642 2381 ut
658 2343 737 2381 sacra
752 2327 846 2382 omnis
862 2328 953 2381 ecclc·

103 2414 216 2470 siastica
230 2414 350 2470 historia
363 2420 421 2468 tam
442 2404 548 2470 firmis
562 2414 757 2471 fundamentis
780 2414 955 2471 consolidata

106 2503 293 2572 stabiliretur,
308 2502 344 2557 ad
363 2502 528 2558 odiosorum
557 2503 718 2558 criticorum
733 2503 869 2575 obloquia
884 2519 956 2576 prae-

105 2589 247 2647 cludenda
260 2595 289 2645 ct
301 2590 416 2661 penitus
439 2590 655 2662 exstinguenda.
679 2593 741 2647 tarn
757 2608 774 2645 a
788 2596 869 2646 tanto
883 2596 955 2646 tem·

106 2694 176 2751 pore
194 2678 303 2751 experti
316 2682 384 2733 sunt
398 2678 504 2734 eruditi
525 2679 684 2747 acatholici,
700 2679 730 2734 in
744 2680 799 2735 hoc
812 2689 912 2735 nostro
921 2680 956 2734 de

107 2768 184 2823 Actis
198 2769 368 2824 Sanctorum
382 2783 470 2839 opere
493 2768 627 2822 veritates
648 2768 797 2823 historicas
811 2772 958 2823 tamaccu-
1068 2807 1084 2836 ,.
1327 2806 1333 2818 .
1671 2809 1698 2822 ..

108 2872 171 2911 rare
200 2856 324 2911 discerni
347 2856 383 2911 ab
413 2856 450 2910 iis
475 2872 540 2927 quac
561 2856 615 2910 lovi
640 2856 772 2928 populari
794 2856 955 2923 traditione,
1010 2812 1160 2951 {qsm’ssx
1181 2807 1227 2862 SS'
1249 2809 1374 2950 Henrtml
1398 2812 1426 2861 et
1454 2807 1631 2950 (Ξυῃθεῖωᾲἓ
1660 2809 1782 2951 ωιῑωῃ

108 2943 199 2998 nimia
213 2944 333 2998 subinde
348 2943 484 2998 facilitate
504 2943 627 3000 admissa
641 2950 718 3012 sunt,
733 2949 765 2999 ut
777 2950 882 3000 nostrus
897 2939 993 2998 siu-c
1024 2912 1238 3038 ⁰¹⁸⁸⁰’.,.⁰vudm
1261 2912 1523 3039 pqrenum’dlimq
1566 2913 1601 2967 ορ
1605 2912 1612 2949 ¹
1636 2912 1683 3039 ul?
1721 2912 1782 2950 “a

109 3032 218 3086 ceritati
234 3031 322 3086 fidere
338 3036 400 3085 luto
422 3031 543 3104 possint,
568 3047 621 3086 nos
647 3049 705 3087 non
731 3032 958 3088 temereadmis·
1013 2999 1199 3128 ΞΟΠΜΗῪ
1234 2985 1432 3126 f⁰t¹⁰⁵⁰G⁰n
1466 3001 1553 3126 ¹.⁰b⁸¹;’'
1578 3000 1691 3128 '9de
1707 2989 1782 3083 mm.

110 3135 192 3174 suros
219 3134 284 3191 quae
315 3119 414 3174 solidis
440 3118 584 3173 historicis
609 3120 802 3176 fundamentis
834 3122 959 3176 stabilita
1034 3077 1159 3137 mum
1203 3078 1303 3171 sam
1327 3089 1361 3128 ⁰¹
1390 3079 1482 3172 cf'nfn
1506 3089 1551 3127 ⁰⁰
1575 3089 1626 3126 ⁸¹¹⁰
1673 3078 1782 3135 Μ’]

110 3209 250 3263 nonsint.
280 3208 391 3263 idaneat
415 3206 504 3278 igitur
529 3206 560 3261 in
587 3222 639 3261 suu
666 3207 844 3279 possessione
863 3214 959 3263 sancta
1013 3165 1120 3260 “mein
1136 3161 1295 3260 n⁰nf⁰¹⁵fe
1323 3166 1535 3261 ”ncuffmmum
1560 3163 1782 3232 Impermoem’

111 3283 203 3351 mater
218 3296 362 3351 catholica
376 3295 509 3356 Ecclesia,
525 3299 553 3349 et
581 3310 678 3349 rarum
704 3294 888 3351 continentiae
901 3296 958 3350 vir·
1013 3251 1069 3306 ¹⁰⁰¹
1086 3265 1148 3320 ’μεθ
1161 3253 1319 3321 pmcn&
1333 3251 1455 3322 effingn'

111 3382 214 3454 ginalis
240 3388 283 3439 tot
307 3383 384 3439 inter
409 3384 555 3439 illecebras
582 3383 758 3454 exemplum,
787 3400 836 3438 seu
864 3384 960 3456 potius
1049 3386 1093 3439 82.
1111 3382 1315 3438 iliustriistiin
1342 3383 1441 3455 paucis
1464 3387 1582 3438 servate
1610 3380 1782 3453 inconjugic

112 3471 214 3527 divinas
230 3471 331 3543 gratiss
351 3471 519 3527 miraculum
540 3472 624 3542 quale
637 3471 739 3527 eodem
765 3474 869 3527 saeculo
882 3472 961 3527 exhi·
1014 3471 1143 3544 ginitatis
1156 3472 1288 3543 prodigio
1298 3472 1384 3527 affine
1405 3477 1448 3526 est
1463 3471 1535 3526 illud
1548 3471 1626 3542 quod
1648 3471 1738 3526 habet
1749 3474 1783 3526 Αι

111 3560 326 3632 buitinbuglia
342 3561 370 3616 S.
386 3560 543 3628 Eduardus,
565 3559 698 3616 fidelihus
721 3561 780 3616 suis
794 3561 861 3617 liliis
884 3561 960 3617 exal·
1014 3577 1079 3616 mus
1097 3577 1159 3631 cap.
1174 3561 1280 3627 2l;de
1295 3562 1325 3617 S.
1358 3560 1639 3631 ilenricizelotypia‚
1659 3559 1782 3631 probate

113 3653 173 3703 tare
188 3647 591 3718 acpraedicareoondesinst.
1015 3653 1112 3704 sancta
1139 3665 1228 3704 uxore
1257 3664 1308 3720 per
1347 3649 1500 3704 candentes
1532 3664 1661 3703 vomeres
1689 3647 1782 3703 innoc

160 3738 205 3792 80.
234 3737 283 3791 llis
312 3737 351 3791 ita
378 3737 514 3791 adsersus
546 3736 772 3793 illustrissimum
796 3743 826 3793 et
852 3737 961 3794 clarissi
1015 3738 1169 3809 quodpari
1186 3738 1288 3805 ferme,
1305 3741 1337 3792 ut
1358 3736 1500 3808 superius,
1531 3741 1674 3808 praetenso
1695 3751 1782 3808 argue

112 3825 360 3896 mum,uohisque
386 3825 640 3880 aestimatissimum
667 3825 759 3881 virum
783 3827 910 3883 modeste
929 3843 962 3882 ac
1016 3825 1305 3884 amalerolisarrodi
1332 3828 1428 3896 posset
1453 3824 1675 3895 exscriptorum
1707 3827 1782 3880 coel

112 3913 174 3970 sine
193 3914 280 3969 ullius
294 3914 451 3972 offensione
468 3914 614 3982 discussis,
634 3915 961 3988 probatisque3ignosci
1017 3934 1081 3973 rum
1106 3916 1230 3972 silentio.
1257 3916 1361 3969 llerurn
1391 3913 1538 3968 enimvero
1562 3912 1674 3983 pridem
1699 3911 1776 3968 istud

113 4003 186 4058 mihi
218 4005 341 4074 postulo,
369 4002 393 4057 si
420 4003 483 4074 pari
511 4003 708 4057 moderatione
738 4020 796 4057 nou
820 4003 962 4082 excipiam
1017 4004 1199 4060 vindicarunt
1213 4003 1344 4057 laudatus
1368 4018 1444 4071 saepe
1474 3999 1696 4055 ilolmaunusin
1711 4003 1782 4054 hum

116 4092 237 4160 «otia»
255 4091 360 4145 rectius
387 4090 501 4152 dixeris,
527 4091 674 4146 sommia·
706 4091 961 4160 cundliugiana,»
1019 4090 1288 4160 bambergensibus,
1300 4088 1354 4143 col.
1371 4092 1405 4143 52
1425 4094 1455 4144 et
1469 4090 1514 4153 53,
1543 4093 1629 4159 atque
1656 4086 1782 4142 lleuschl

114 4194 180 4250 quae
190 4178 353 4249 germanice
376 4193 497 4248 procusa
516 4177 602 4232 audio
623 4194 699 4231 enno
728 4181 806 4246 ticli,
821 4194 997 4264 quorum-D
1018 4180 1064 4236 die
1079 4196 1109 4234 ιιι
1126 4176 1227 4242 blartii,
1258 4176 1289 4231 in
1315 4176 1527 4231 Commentario
1542 4175 1650 4246 praevio
1675 4175 1712 4230 ad
1734 4174 1762 4230 S.
1779 4190 1782 4218 ι

115 4283 172 4339 que
186 4266 402 4338 compendium,
423 4265 459 4321 ah
486 4266 578 4322 eurico
605 4272 765 4338 accepturu,
782 4284 840 4322 uon
854 4269 962 4340 absque
1018 4264 1123 4337 gundis
1137 4268 1206 4320 Acta
1220 4267 1270 4333 ξι,
1286 4264 1322 4320 ad
1340 4282 1425 4337 qnos,
1442 4281 1476 4319 ne
1505 4269 1600 4319 actum
1624 4279 1721 4334 agam,
1736 4264 1782 4318 lec

115 4357 262 4427 stomacho
282 4356 377 4427 legere
403 4355 496 4427 potui,
519 4360 624 4410 taniam
650 4355 883 4411 inverecundiam
898 4373 965 4411 axe·
1022 4360 1119 4425 etproe
1133 4352 1243 4408 caeteris
1260 4352 1479 4424 cuudlingium,
1508 4351 1674 4407 castissima
1699 4351 1781 4421 impe

115 4450 219 4512 cratus,
254 4443 441 4516 miratusque,
465 4444 494 4499 in
524 4444 584 4515 ipsa
618 4443 778 4499 Saxouiaa
805 4446 965 4516 professore
1020 4443 1164 4497 cislerum
1181 4441 1490 4512 mastygem,rernitto.
1511 4441 1539 4496 ld
1556 4439 1782 4494 unicumineal

116 4534 237 4603 Saxone,
253 4533 288 4589 de
307 4533 510 4604 augustissimo
536 4533 674 4588 Saxonico
704 4532 843 4604 principe,
866 4540 966 4589 contra
1020 4532 1063 4587 ria
1083 4547 1100 4586 a
1117 4529 1326 4585 morosioribus
1349 4529 1507 4585 desiderari
1532 4533 1640 4600 posset,
1664 4527 1782 4599 quodcc

117 4622 428 4695 apertissimamtidem
455 4623 632 4686 historicam,
655 4622 895 4678 constantissimis
923 4628 966 4677 tot
1019 4626 1134 4691 tempus
1149 4618 1294 4690 designari
1307 4623 1441 4688 nequeat,
1457 4618 1496 4672 uti
1524 4634 1577 4672 nec
1607 4619 1684 4672 locus
1708 4616 1740 4671 in
1753 4631 1782 4687 qr

117 4713 288 4767 saeculorum
311 4711 484 4768 testimoniis
522 4712 675 4777 firmatam,
705 4717 763 4766 tem
796 4711 966 4766 immodesta
1020 4706 1226 4780 eacontigerit.
1252 4707 1428 4763 ilolmaunus
1450 4705 1590 4778 triumphi
1620 4707 1782 4777 palestram

117 4805 273 4856 scommata
308 4800 388 4870 vulgi
413 4799 504 4856 oculis
533 4800 631 4870 lingua
665 4800 818 4855 vernacula
839 4800 967 4871 exposita
1020 4804 1090 4870 goat
1105 4796 1293 4868 bambergam
1320 4795 1424 4866 ipsam,
1448 4795 1544 4851 Sancti
1559 4794 1708 4864 utriusque
1733 4793 1780 4848 del

117 4891 215 4961 luisse,
232 4907 298 4963 quae
321 4892 365 4946 vel
391 4891 472 4962 ipsis,
497 4891 599 4946 saltem
625 4889 758 4959 cordatis,
786 4890 965 4959 Lutheranis‚
1020 4902 1129 4943 aunum
1142 4901 1209 4940 vero
1225 4886 1303 4942 llill.
1321 4884 1396 4954 qnod
1411 4899 1478 4939 eum
1502 4882 1632 4955 suspicor
1649 4898 1684 4936 ex
1699 4897 1782 4936 mono

118 4997 202 5037 exosa
224 4980 408 5047 crediderim,
429 4984 525 5051 utpote
540 4978 641 5051 putida
666 4979 815 5051 figmenta,
837 4979 967 5034 nonnisi
1020 4977 1055 5032 tis
1067 4972 1465 5045 bambergensibusalicunde
1475 4972 1592 5027 eruisse.
1606 4975 1649 5026 An
1661 4971 1782 5041 prefato

119 5070 245 5125 Vulcano
264 5068 361 5140 digua.
377 5068 471 5123 Audet
482 5067 536 5134 sir,
554 5071 585 5121 ut
605 5067 702 5132 aonio,
718 5083 776 5122 ιιοιι
802 5066 966 5122 illitteratus
1021 5061 1460 5133 omnisaptissimecongruant,
1491 5076 1523 5114 ex
1553 5058 1722 5114 deducendo
1741 5073 1782 5129 pn

120 5179 134 5207 ι
151 5157 211 5213 οῑίο
227 5177 241 5208 a
256 5157 406 5222 suoahuti,
437 5160 469 5211 ut
484 5157 514 5210 in
538 5157 665 5211 coelesles
687 5159 840 5227 Augustos,
856 5157 965 5211 calamo
1019 5152 1085 5207 vitre
1099 5152 1126 5208 S.
1142 5150 1255 5207 henrici
1278 5148 1464 5219 chronologio
1488 5148 1588 5203 ordine
1604 5147 1699 5217 colligi
1715 5151 1782 5202 utcu

1031 951 1076 1003 8l.
1099 948 1210 1016 idirare,
1240 947 1367 1017 obsecro,
1388 968 1403 999 «
1431 941 1489 1003 otia
1517 947 1740 1021 cundliugiaua,
1755 968 1770 996 ιι

997 1053 1086 1106 mera,
1100 1037 1179 1108 jocos
1191 1036 1334 1106 scurriles,
1356 1037 1444 1092 aniles
1458 1042 1576 1109 satyras,
1606 1052 1745 1092 vocemus
1759 1050 1782 1090 na

997 1134 1026 1182 et
1038 1142 1136 1197 gerres
1150 1126 1252 1182 Siculis
1275 1126 1439 1194 inaniores;
1456 1129 1555 1199 qrrules
1580 1133 1656 1182 certe
1682 1125 1781 1181 fatehu

998 1213 1103 1268 eruditi
1117 1229 1227 1281 ornnes,
1243 1213 1349 1285 quibas
1363 1215 1425 1270 haec
1440 1214 1599 1280 scribimus,
1615 1214 1703 1269 etiam
1731 1228 1783 1268 aaa

1000 1302 1057 1369 lici,
1073 1303 1149 1373 apud
1173 1318 1245 1373 quos
1265 1302 1294 1357 id
1318 1319 1410 1375 genus
1436 1303 1633 1358 cantiunculas
1663 1300 1782 1357 commis

1000 1391 1077 1444 tione
1092 1389 1187 1459 potius
1202 1405 1289 1462 quam
1300 1390 1403 1461 plausu
1427 1389 1514 1462 digna
1542 1390 1755 1459 existimamus,
1770 1405 1782 1444 a

1001 1495 1033 1534 ac
1047 1477 1231 1533 novissimam
1248 1479 1366 1533 alterins
1382 1478 1535 1533 Lutherani
1551 1479 1654 1533 thesim
1672 1477 1782 1534 historin

1001 1565 1060 1620 imo
1075 1565 1207 1621 fabellam
1232 1564 1450 1637 ineptissimam,
1477 1565 1627 1634 videlicet3
1645 1585 1660 1617 ι
1676 1565 1782 1638 conju!

963 1658 984 1712 B
1001 1655 1030 1711 S.
1047 1655 1161 1710 ilenrici
1174 1656 1359 1727 imperatoris
1386 1671 1452 1710 cum
1474 1661 1571 1710 sancta
1586 1655 1775 1727 cunegunde,

1002 1744 1225 1816 omnitempore
1244 1744 1332 1799 fnisse
1346 1743 1517 1815 virgineum.
1534 1763 1548 1795 a
1565 1743 1637 1808 Ouid
1653 1750 1697 1798 est
1720 1740 1782 1798 delii

1002 1832 1027 1885 si
1043 1832 1095 1887 boc
1109 1848 1166 1886 non
1182 1837 1225 1887 est
1238 1835 1252 1887 ‘l
1266 1835 1325 1900 Ast,
1340 1832 1503 1904 inquitille,
1516 1833 1688 1888 documenta
1703 1847 1782 1904 repes

1003 1926 1105 1987 tunes
1121 1921 1227 1992 quibus
1256 1926 1376 1990 constet,
1404 1921 1534 1992 publicas
1557 1937 1655 1992 preces
1683 1920 1782 1975 indicti

1003 2008 1215 2079 impetrandam
1239 2013 1309 2072 toro,
1328 2009 1498 2064 ilenriciano
1526 2007 1755 2064 foecunditatem.

1004 2101 1066 2151 tum
1081 2100 1178 2168 postea
1192 2096 1298 2167 iouid,
1316 2097 1340 2151 si
1352 2097 1381 2151 id
1394 2098 1469 2152 ultro
1491 2096 1643 2151 admittant
1655 2096 1782 2151 falcantu

1006 2185 1230 2256 bambergenses
1245 2185 1259 2239 ‘l
1273 2185 1331 2240 cor
1344 2185 1373 2240 id
1390 2185 1483 2257 magis
1496 2185 1528 2242 S.
1548 2184 1673 2251 ilenrici,
1698 2200 1782 2256 quam

1005 2277 1136 2345 tempore
1152 2275 1274 2329 vetitum
1287 2275 1301 2327 ‘l
1316 2279 1357 2330 lin
1373 2274 1486 2347 uspiam
1502 2275 1573 2343 legit
1599 2274 1671 2345 ipse,
1684 2275 1782 2329 castiss

1007 2379 1072 2418 rum
1099 2365 1256 2435 conjugum
1285 2364 1492 2419 continentiam
1518 2364 1604 2434 vulgo
1632 2368 1735 2418 notam
1760 2362 1782 2418 ir

1008 2452 1082 2523 quod
1099 2458 1213 2506 sanctus
1224 2452 1284 2523 ipse
1302 2453 1446 2518 ilenricos,
1467 2453 1528 2523 jam
1557 2452 1643 2508 morti
1658 2451 1782 2523 proximi

1008 2541 1135 2612 primum
1148 2541 1291 2612 patefecit,
1308 2557 1425 2596 risorem
1441 2541 1581 2612 virginem
1597 2540 1769 2612 propinquis

1009 2630 1117 2684 tuens?
1132 2631 1292 2700 impostura
1307 2629 1364 2684 alia
1384 2630 1470 2684 alium
1499 2631 1609 2684 trudit:
1624 2630 1700 2684 eruit
1711 2630 1783 2684 illei

1009 2734 1075 2773 rum
1116 2718 1290 2773 documenta
1317 2718 1490 2785 climentiae,
1533 2718 1639 2790 quihus
1669 2719 1782 2774 demon

118 5263 176 5302 ιιοιι
201 5245 270 5301 satis
290 5245 438 5317 castigato,
470 5244 629 5300 calumnias
652 5248 776 5309 evomat,
807 5259 966 5315 eorumque
1020 5241 1127 5312 poterit
1142 5257 1149 5306 ;
1164 5239 1248 5295 nobis
1263 5238 1368 5294 suflicit
1389 5253 1449 5293 rem
1475 5236 1567 5308 ipsam
1590 5236 1621 5291 in
1647 5243 1782 5291 contrave

116 5334 306 5391 castissimum
321 5334 500 5407 conjugium,
521 5333 631 5406 spurcis
656 5332 803 5388 nonnullis
817 5332 966 5388 sarcasmis
1022 5346 1078 5385 non
1092 5329 1165 5384 adeo
1193 5328 1276 5384 facile
1298 5326 1499 5393 revocandum,
1515 5327 1597 5398 cnjus
1623 5329 1680 5380 tarn
1705 5324 1782 5380 auth<

115 5424 315 5489 commaculet,
349 5422 558 5480 sanctissimum
572 5424 779 5494 imperatorem
804 5419 966 5475 describens
1021 5423 1219 5487 monumenta,
1234 5422 1305 5473 teste
1326 5416 1498 5483 lloimanno‚
1529 5414 1559 5470 in
1586 5416 1662 5470 hunc
1688 5428 1780 5484 usque

117 5513 342 5570 «athomiuem
355 5512 532 5583 morbidum,
552 5513 752 5584 impotentem,
779 5513 845 5575 etc,
870 5508 963 5565 airuns
1021 5511 1183 5579 supersunt,
1213 5523 1277 5579 quae
1302 5521 1367 5561 cum
1395 5509 1544 5576 tantopere
1566 5501 1731 5575 impugnari
1755 5518 1782 5557 ιιι
