3894 6120
86 219 144 273 353

730 214 930 275 arctoam
947 218 1223 277 scelestasrtca.

1803 230 1856 285 did

88 356 153 397 non
177 338 355 395 dubitamus.
386 338 569 411 Quapropter
603 341 704 393 notum
727 354 789 393 esse
811 339 983 397 volumusA
1035 342 1171 412 predium
1208 339 1360 397 Batmbcrt
1399 341 1550 399 Hilderado
1565 344 1661 400 abbati
1685 347 1854 404 Pramientis

88 428 231 484 omnibus
254 428 390 483 fidelibus
413 426 530 494 nostris,
554 426 744 497 praesentibus
773 426 880 484 scilicet
902 434 947 484 at-

88 534 149 590 que
169 517 285 585 futuris,
303 517 436 589 qualiter,
454 515 617 570 interventu
630 514 792 570 Thauzonis
813 517 949 572 monachi

1039 432 1198 487 monosterii
1215 429 1346 485 concedit.

1324 519 1417 589 (Anno
1445 519 1536 591 ltro.)

88 606 186 661 nostri
200 604 306 672 tidelis,
322 620 376 676 pre
399 604 528 659 remedio
554 603 657 658 animre
687 607 792 657 nostras
808 604 950 674 largimur
1005 609 1146 676 [liarten.,
1198 607 1331 676 ampliss.
1363 606 1468 662 collect.
1486 609 1517 676 l,
1545 611 1608 678 380,
1633 625 1667 665 ex
1711 610 1855 666 chartario

91 698 180 764 atque
196 693 397 762 concedimus,
412 692 585 763 proutjuste
600 691 824 764 alqualegaliter
845 707 948 761 possu-

93 798 172 849 mus,
202 781 507 836 monasteriosanctae
531 779 623 835 ilariae
647 783 676 834 et
694 779 791 835 Sancti
821 780 947 835 Benedi-

90 869 141 939 cti,
155 870 238 941 qnod
248 867 351 941 ut[est]
365 869 451 923 situm
461 867 588 939 Alpibus,
597 867 648 939 qui
662 867 797 922 dicuutur
811 868 947 934 Pratalia,

86 957 174 1030 juxta
188 957 288 1012 rivum
303 956 419 1012 nomine
448 955 608 1022 Bideutem,
631 954 666 1009 ad
682 955 807 1010 radicem
828 956 947 1022 montis,

90 1046 216 1105 nomine
232 1045 329 1112 Acuti,
346 1045 396 1116 qui
412 1044 513 1099 dividit
538 1042 688 1099 Thusciam
719 1050 748 1099 et
764 1043 946 1110 Romaniam,

91 1134 240 1208 quosdam
263 1148 377 1189 mansos
401 1133 435 1188 de
446 1132 512 1204 jure
532 1132 621 1187 nostri
637 1131 731 1203 regni,
754 1148 886 1186 mansum
905 1131 946 1186 vi·

1337 694 1517 764 Prumiensil

1039 785 1072 839 lu
1101 783 1217 838 nomine
1233 787 1338 837 sanctas
1358 791 1387 837 et
1417 783 1574 839 individuas
1610 785 1759 841 Trinitatis
1779 786 1852 841 Han·

1004 887 1092 939 nicos,
1126 871 1223 926 divina
1254 870 1367 926 favente
1403 872 1566 941 clementia,
1592 873 1752 944 imperator
1788 877 1846 930 Au·

1003 966 1116 1030 gustus.

1038 1048 1067 1103 Si
1086 1049 1193 1102 nostrie
1220 1047 1399 1103 liberalitatis
1430 1065 1549 1104 munere
1581 1050 1650 1104 locis
1671 1051 1730 1104 lieo
1756 1049 1858 1105 dicatis

1004 1135 1145 1199 quiddam
1161 1134 1293 1190 beneficii
1318 1136 1501 1198 conferimus,
1520 1142 1548 1192 et
1563 1137 1748 1192 necessitates
1772 1139 1859 1192 eccle-

92 1223 323 1288 delicetnnnm,
348 1221 397 1294 qui
418 1222 503 1293 vulgo
527 1220 630 1275 dicitur
657 1220 732 1276 Nibli
759 1220 794 1275 de
817 1220 890 1285 Soci,
920 1225 949 1275 et
1003 1223 1130 1277 siasticas
1149 1227 1247 1276 nostro
1260 1222 1419 1292 juvamine,
1436 1225 1609 1293 relevamus,
1628 1225 1657 1280 id
1671 1223 1756 1278 nobis
1771 1230 1798 1279 et
1822 1225 1860 1280 ad

92 1311 184 1366 aliam
201 1327 292 1383 quem
306 1313 384 1366 tenet
396 1309 471 1365 lilius
490 1308 648 1380 presbyteri
663 1308 800 1379 alprandi
817 1308 851 1362 de
871 1307 946 1375 Sosi,
1004 1311 1159 1365 mortalem
1184 1310 1271 1364 vitam
1298 1313 1495 1380 temporaliter
1516 1312 1734 1382 transigendam
1764 1318 1792 1367 et
1824 1313 1860 1368 ad

92 1400 249 1456 etLeode
275 1397 349 1465 Soci,
373 1404 399 1454 et
418 1397 569 1469 piscariam
593 1403 621 1452 et
649 1397 793 1452 barricule
816 1397 851 1451 de
871 1396 945 1461 Sosi,
1004 1403 1145 1451 aeternam
1176 1397 1264 1451 vitam
1296 1399 1418 1453 feliciter
1454 1397 1643 1452 obtinendam
1673 1399 1859 1470 profuturum

94 1504 189 1560 quem
204 1490 289 1560 Hugo
304 1486 427 1543 marchio
444 1503 495 1558 per
511 1486 640 1541 libellum
664 1485 783 1541 dederat
810 1485 948 1557 predicto
1005 1484 1118 1555 liquido
1133 1484 1286 1540 credimus.
1300 1485 1601 1558 Undapateatnotitioe
1612 1487 1745 1542 omnium
1755 1488 1861 1544 Christi

97 1577 294 1643 monasterio;
336 1576 454 1629 alteram
491 1589 556 1628 vero
591 1589 734 1633 mansum.
759 1574 810 1646 qui
842 1573 948 1628 dicitnr
1005 1571 1149 1635 fidelium,
1166 1573 1352 1642 praesentium
1372 1573 1765 1646 scilicetatquefuturorum,
1786 1593 1861 1648 qna·

95 1665 264 1725 'theuzonis
287 1662 420 1726 Brussati,
448 1677 534 1734 quem
561 1661 640 1716 idem
669 1661 798 1715 marchio
817 1661 950 1715 similiter
1006 1660 1071 1713 liter
1087 1675 1215 1732 nos,pro
1231 1661 1360 1716 remedio
1375 1662 1481 1716 animae
1494 1666 1600 1714 nostrae
1618 1677 1650 1716 ac
1668 1663 1780 1719 dilectae
1795 1681 1862 1719 con·

96 1754 193 1822 dedit;
213 1768 349 1807 mansam
365 1766 477 1823 quoque
491 1752 526 1806 de
541 1755 630 1816 serta,
657 1749 734 1806 unde
757 1749 888 1805 marchio
911 1748 948 1804 li·
1002 1747 1083 1819 jugis
1099 1753 1207 1803 nostrae
1223 1751 1419 1822 Cunegundae,
1432 1754 1460 1804 et
1481 1763 1535 1819 per
1549 1749 1747 1808 interventum
1766 1753 1862 1808 Hilde-

96 1841 297 1898 bellurnfecit
313 1838 449 1895 Winizoni
475 1839 622 1894 Castaldo:
653 1837 722 1893 item
750 1854 883 1893 mansum
912 1838 949 1893 de
1006 1835 1069 1890 radi
1098 1836 1176 1907 (177)
1205 1838 1315 1892 abbatis
1329 1837 1422 1893 nostri
1437 1836 1544 1906 dilecti,
1573 1839 1717 1907 praedium
1745 1841 1863 1896 nominc

98 1929 253 1996 ventrina,
268 1944 354 2001 quem
368 1927 452 1984 Leoni
466 1927 593 1982 marchio
616 1942 669 1998 per
682 1926 810 1982 libellum
833 1926 952 1982 dederat
1005 1923 1174 1992 Batentcrt,
1199 1926 1231 1980 in
1264 1941 1340 1999 pago
1372 1925 1494 1996 Huipiae,
1517 1925 1548 1979 in
1574 1928 1713 1985 comitatu
1737 1929 1863 1985 liezelinl

99 2034 166 2073 cum
182 2016 278 2072 tribus
303 2016 406 2070 mansis
426 2015 460 2070 de
487 2016 625 2086 caprena,
657 2013 895 2069 mansnmetiam
916 2013 952 2068 de
1006 2011 1122 2065 comitis
1136 2013 1234 2080 situm,
1256 2013 1335 2085 qnod
1360 2017 1425 2085 post
1449 2013 1561 2067 obitum
1591 2015 1717 2087 Epponis
1743 2018 1808 2085 viri,
1834 2021 1864 2072 et

100 2104 218 2168 linaro,
253 2119 344 2158 unum
376 2103 502 2158 libellum
536 2102 638 2157 habuit
661 2102 784 2169 Boni203
817 2116 952 2156 mansum
1006 2096 1078 2167 legis
1101 2098 1302 2171 jureetlege,
1330 2101 1365 2155 ad
1390 2104 1502 2154 nostras
1517 2101 1628 2172 regales
1651 2110 1680 2159 et
1695 2105 1862 2177 imperiales

101 2188 951 2265 quoqucdeTejano,quemWinizohabet,perlibellnm,
1006 2200 1110 2239 manus
1126 2186 1251 2254 devenit,
1281 2203 1347 2242 cum
1378 2188 1528 2259 utriusque
1552 2204 1635 2245 sexus
1659 2194 1810 2265 mancipiis
1834 2196 1864 2248 et

101 2297 168 2337 cum
182 2279 459 2352 partcilliusviueae
488 2280 524 2334 de
553 2277 821 2349 reguluostrijure
842 2293 875 2331 ac
900 2277 952 2331 do·
1006 2271 1142 2327 omnibus
1167 2275 1351 2342 utensilibus,
1368 2275 1462 2343 terris,
1482 2276 1566 2330 cultis
1580 2284 1609 2332 et
1621 2279 1747 2349 incultis,
1774 2281 1861 2351 agris.

102 2370 353 2425 miniodonamus
376 2373 461 2440 atque
487 2368 719 2424 transfundimus
740 2366 840 2437 injus
865 2370 952 2435 atque
1005 2361 1107 2432 pratis,
1137 2363 1260 2434 campis,
1292 2364 1417 2436 pascuis,
1449 2364 1537 2431 silvis,
1568 2368 1651 2438 aquis
1685 2383 1863 2439 aquarumve

103 2456 271 2512 dominium
294 2456 418 2526 predicti
438 2456 606 2512 monasterii
639 2455 674 2510 de
701 2454 825 2511 Pratalia
846 2458 952 2508 sanctas
1006 2449 1186 2512 decursibus,
1208 2452 1434 2521 piscationibus,
1450 2453 1635 2524 molendinis,
1654 2458 1706 2510 viis
1721 2462 1750 2511 et
1765 2455 1861 2523 inviis,

102 2546 335 2602 llarioeetsnncli
348 2544 498 2611 Benedicti,
509 2543 712 2609 acBideutem,
725 2543 951 2612 inperpetuum,
1007 2536 1131 2592 exitibus
1156 2543 1185 2593 et
1217 2540 1367 2605 reditibus,
1412 2545 1441 2595 et
1462 2541 1597 2596 omuibus
1629 2542 1860 2615 appertinentiis,

102 2651 168 2690 cum
203 2632 340 2688 omnibus
368 2649 467 2687 eorum
492 2631 684 2703 pertinentiis,
715 2647 780 2703 quae
820 2631 866 2685 vel
899 2646 953 2684 no·
1007 2624 1137 2695 qrroesitis
1152 2631 1180 2679 et
1194 2625 1384 2703 inquirendis,
1402 2644 1466 2699 quae
1477 2628 1533 2683 dici
1549 2635 1685 2700 poterunt
1698 2637 1748 2686 aut
1763 2633 1863 2688 nomi·

104 2721 209 2778 minari
235 2726 364 2792 possunt,
388 2736 452 2775 cum
477 2721 571 2783 terris,
592 2719 712 2791 campis,
748 2717 830 2785 casis,
847 2717 948 2783 vineis,
1008 2712 1345 2779 nari,admonasterium
1361 2715 1387 2770 S.
1417 2717 1574 2772 salvatoris
1600 2720 1712 2788 mundi,
1728 2720 1864 2776 sitnmin

104 2810 207 2882 pratis,
227 2808 350 2879 pascuis,
378 2809 465 2876 silvis,
492 2808 574 2880 aquis
602 2822 802 2880 aquarumque
827 2805 953 2860 decursi·
1008 2801 1255 2873 locoquidicitur
1272 2804 1452 2873 Prumea,in
1471 2823 1555 2860 usurn
1571 2806 1691 2862 fratrum
1717 2808 1864 2865 Deoiuibi

103 2897 168 2959 bus,
186 2901 216 2951 et
227 2895 361 2950 omnibus
373 2895 458 2951 rebus
469 2895 626 2950 mobilibus
636 2900 665 2950 et
676 2892 888 2959 immobilibus;
904 2891 955 2946 tali
971 2896 992 2952 c
1011 2889 1064 2942 sub
1092 2891 1192 2961 regula
1206 2889 1233 2944 S.
1269 2891 1415 2946 denedicti
1441 2893 1641 2960 servientium,
1667 2896 1863 2951 concessimus

103 2989 205 3039 tenore
222 2990 254 3039 nt
281 2985 433 3055 praedictus
452 2987 547 3040 Teuzo
564 2989 658 3039 rector
677 2981 767 3054 ipsius
787 2979 956 3035 monasterii
1010 2981 1039 3030 et
1055 2977 1085 3030 in
1101 2978 1309 3048 proprietatem
1325 2980 1507 3048 donavimus,
1527 2987 1560 3038 ut
1576 2999 1627 3053 per
1642 2984 1741 3039 omnia
1764 3001 1862 3040 sncce-

103 3073 207 3144 suique
222 3087 396 3127 successores
420 3073 538 3128 abbates
560 3072 628 3128 inde
643 3074 815 3143 potestatem
832 3068 956 3123 habeant
1010 3064 1140 3119 dentium
1175 3071 1341 3138 temporum
1383 3070 1527 3125 curricula
1562 3072 1654 3127 eidem
1683 3074 1860 3130 monasterio

103 3161 140 3217 ad
154 3160 310 3215 utilitatem
325 3161 413 3231 ipsius
432 3161 600 3216 monasterii
614 3159 740 3215 faciendi
754 3155 895 3229 quidquid
911 3155 955 3210 lex
1011 3153 1119 3224 absque
1135 3156 1266 3211 omniurn
1299 3158 1466 3213 mortalium
1495 3161 1723 3217 contradictione
1743 3162 1861 3217 firmum

101 3248 263 3321 praecipiat
293 3249 492 3320 praecipientes
520 3249 617 3320 itaque
641 3247 779 3320 jubemus
799 3250 832 3301 ut
858 3245 955 3299 nullus
1010 3248 1097 3313 atque
1122 3243 1223 3299 stabile
1237 3245 1268 3299 iu
1300 3249 1442 3300 aeternum
1469 3255 1647 3318 permaneat.
1678 3251 1709 3305 at
1744 3256 1775 3306 ut
1799 3252 1861 3306 hoec

103 3337 173 3406 dira,
197 3336 335 3404 marchio,
351 3353 457 3406 cemes,
472 3338 639 3404 vicecomes,
667 3336 829 3408 episcopus,
853 3333 955 3387 castal·
1013 3334 1117 3385 nostrae
1133 3333 1326 3387 concessionis
1356 3334 1472 3388 traditio
1482 3337 1563 3391 omni
1596 3343 1726 3408 tempore
1750 3340 1860 3395 stabilis

102 3426 170 3495 durs,
180 3426 226 3480 vel
240 3425 337 3496 aliqua
348 3427 438 3480 nostri
446 3427 529 3497 regni
539 3442 644 3497 magna
657 3425 701 3479 vel
713 3439 802 3494 parva
817 3436 953 3492 persona,
1010 3424 1039 3475 et
1058 3421 1224 3476 inconvulsa
1239 3428 1416 3494 permaneat,
1439 3425 1513 3479 hanc
1541 3426 1701 3499 imperialis
1722 3428 1860 3500 praecepti

104 3513 235 3585 predicti
264 3514 427 3568 monasterii
448 3520 590 3570 rectorem
619 3515 664 3569 vel
685 3528 753 3567 suos
781 3524 956 3563 successores
1011 3508 1146 3579 paginam
1172 3509 1240 3564 inde
1255 3511 1407 3575 conscribi,
1423 3517 1461 3578 et,
1490 3530 1578 3568 mann
1608 3516 1727 3586 propria
1755 3517 1860 3571 contir-

104 3602 233 3669 abbates,
263 3601 298 3656 de
314 3602 448 3657 omnibus
472 3619 539 3674 quse
555 3618 641 3672 supra
656 3599 763 3671 scripta
780 3602 849 3652 sunt
866 3595 956 3651 diver·
1010 3602 1133 3665 mantes,
1150 3600 1266 3669 propria
1287 3599 1375 3671 sigilli
1389 3600 1482 3655 nostri
1506 3601 1699 3674 impressione
1723 3605 1861 3675 iussimus

104 3690 159 3745 tire
175 3706 228 3745 seu
241 3689 402 3762 inquietare
428 3691 490 3746 sine
516 3690 601 3761 legali
618 3689 727 3761 jndicio
740 3690 908 3759 praesumat.
926 3684 956 3740 Si
1012 3683 1155 3754 insigniri.

104 3780 171 3852 quis
185 3779 274 3851 igitur
300 3780 387 3852 hujus
405 3780 496 3835 nostri
510 3780 645 3852 precepti
660 3779 782 3834 violator
803 3774 954 3844 exstiterit,
1046 3772 1165 3844 Signum
1193 3771 1291 3826 domni
1315 3773 1432 3829 llaurici
1455 3776 1654 3833 Romanorum
1681 3778 1861 3834 invictissimi

104 3868 178 3923 sciat
192 3885 222 3923 se
246 3870 473 3938 compositurum
500 3867 563 3923 auri
595 3867 698 3939 optimi
720 3866 810 3922 libras
826 3868 954 3930 centum,
1010 3862 1191 3932 imperatoris
1210 3863 1340 3932 Augusti.

104 3957 291 4012 medietatem
307 3973 426 4012 camera
441 3961 556 4025 nostre,
580 3962 609 4011 et
623 3956 808 4011 medietatem
836 3951 954 4024 praelato
1047 3949 1199 4004 witharius
1228 3949 1415 4005 cancellarius
1450 3951 1511 4008 ricc
1546 3955 1735 4011 Erchaobaldi
1763 3955 1859 4012 archi-

105 4028 299 4100 monasterio.¹
320 4045 401 4110 Quod
422 4050 453 4099 nt
483 4045 575 4099 verius
607 4043 751 4108 credatur,
776 4046 805 4095 ct
831 4038 954 4110 diligen·
1010 4038 1136 4110 episcopi
1151 4038 1314 4109 recognovi.

104 4131 164 4186 tins
179 4132 213 4187 ab
228 4132 360 4187 omnibus
370 4132 400 4186 in
415 4137 555 4187 aeteruum
572 4133 749 4196 observetur,
765 4129 954 4184 hancuoslrae
1045 4128 1116 4181 Data
1130 4142 1145 4179 v
1161 4126 1302 4182 Kalendas
1317 4125 1457 4193 Octobris,
1475 4127 1631 4184 indictione
1647 4147 1686 4198 111,
1715 4148 1791 4187 anno
1807 4132 1861 4187 lio·

105 4220 268 4276 donationis
280 4221 416 4292 paginam
432 4237 521 4275 mann
549 4219 666 4291 propria
691 4219 895 4273 confirmantes
914 4185 989 4271 si·D
1010 4215 1124 4269 minicae
1148 4213 1352 4269 incarnationis
1368 4216 1530 4284 totmanno
1548 4223 1644 4272 autem
1665 4219 1764 4274 domni
1780 4221 1860 4277 Hen-

105 4308 169 4380 gitti
185 4309 274 4363 nostri
289 4309 479 4379 impressione
490 4309 628 4380 jussimus
640 4306 784 4378 insigniri.
1012 4302 1063 4357 rici
1078 4302 1196 4357 secundi
1212 4303 1357 4374 regnantis
1377 4319 1456 4370 xvnr,
1473 4304 1588 4376 imperii
1604 4322 1672 4361 vero
1685 4309 1748 4379 ejus
1774 4326 1822 4364 vn.

142 4398 257 4464 Siarum
287 4398 381 4452 domm
415 4397 535 4452 Henrici
567 4398 747 4453 Romanorum
780 4391 958 4449 invictissimi
1047 4396 1150 4446 actum
1169 4390 1348 4446 Homerstein
1363 4391 1494 4448 feliciter.
1508 4397 1608 4449 Amen.

105 4488 427 4556 smperaroraaoqostr.
1386 4498 1485 4554 cxvii.

143 4573 297 4644 Piligrinus
316 4573 503 4628 cancellarius
518 4571 579 4626 vice
606 4571 743 4644 Egerardi
770 4568 899 4642 episcopi
928 4575 957 4626 et
1166 4585 1326 4641 pmmunrtas
1347 4588 1469 4642 Hermi
1482 4590 1700 4659 pprmpmgom,

104 4660 349 4715 archicancellarii
369 4659 547 4731 recognovit.
1278 4675 1369 4742 (anno
1387 4676 1464 4742 1020,
1477 4677 1492 4730 3
1506 4676 1591 4744 Maii.)

143 4749 214 4803 Data
225 4749 309 4803 tertio
325 4749 386 4802 lial.
404 4746 573 4803 Novembris
588 4745 746 4801 indictione
770 4744 864 4811 tertia,
880 4759 956 4799 anno
1153 4757 1289 4831 [urenae
1301 4761 1364 4819 θρα,
1380 4762 1493 4832 diplom,
1504 4764 1582 4819 Md.
1595 4781 1623 4819 n·
1641 4767 1713 4835 347¹]

106 4836 264 4892 [lominica
284 4836 491 4892 incarnationis
516 4838 594 4905 1021,
629 4852 705 4891 anuo
733 4839 830 4889 autem
856 4833 957 4888 domni
1047 4867 1329 4922 Innominesanctae
1350 4873 1377 4923 οἱ
1405 4868 1561 4925 individuae

103 4925 222 4980 ilenrici
234 4926 355 4981 secundi
370 4926 518 4997 regnantis
537 4940 615 4993 xvnr,
629 4923 745 4996 imperii
759 4923 823 4995 ejus
837 4938 885 4977 vu.

140 5018 245 5070 Actum
258 5017 419 5071 Amemen·
1011 5049 1089 5098 rator
1105 5048 1259 5116 Augustus.

483 5119 571 5177 cxv1.
1046 5131 1162 5186 Constat
1191 5148 1253 5201 nos,
1284 5132 1381 5188 divina
1397 5135 1581 5207 dispensante
1607 5135 1707 5206 gratia,
1746 5137 1858 5193 coeteris

103 5228 274 5298 Praeceptum
302 5227 395 5282 domm
415 5227 712 5295 Hmriciimperatoris
746 5223 877 5293 depasti,
903 5238 956 5294 quo
1011 5220 1227 5290 supereminere
1256 5222 1453 5278 mortalibus:
1486 5225 1561 5281 unda
1580 5230 1692 5295 oportet
1715 5230 1756 5294 ut,
1777 5227 1858 5299 cujus

1589 4870 1746 4941 Trinitatis,
1773 4872 1857 4929 nan·

1012 4970 1088 5009 arcus
1103 4954 1198 5010 divina
1228 4956 1340 5010 favente
1370 4957 1522 5012 clementia
1546 4959 1744 5014 Romanorum
1767 4959 1857 5031 impe·

141 5407 216 5471 (177)
227 5403 414 5459 Hilderadum
428 5419 460 5457 ea
470 5400 643 5470 Burgundiae
651 5399 802 5455 comitibus
813 5400 955 5482 originem
1010 5401 1098 5457 ratori
1109 5402 1139 5457 in
1153 5402 1256 5474 primis
1275 5404 1403 5474 charum,
1422 5403 1526 5460 obiisse
1545 5410 1610 5478 post
1632 5422 1723 5463 annos
1738 5406 1856 5480 regimi-

100 5476 224 5532 traaisse
251 5475 369 5530 tradunt
398 5473 581 5531 Prumienses
605 5477 701 5543 atque,
724 5470 845 5526 Henrico
860 5487 955 5542 impe·
1010 5473 1139 5536 nisocto,
1154 5477 1317 5530 aanoldis.
