3878 6112
93 265 140 316 ¹²¹
792 297 798 305 ·
917 276 1015 332 scra.
1116 278 1117 281 ‘
1218 268 1225 281 ·
1797 286 1846 340 ,ῃ

88 391 286 456 cooperantur
305 387 336 442 iu
368 389 486 444 bonum.
502 392 600 448 Tantis
627 410 753 467 namque
775 413 807 452 ac
834 398 975 458 ullusne
995 400 1140 457 Benedicti
1154 402 1300 471 audierat,
1317 407 1345 458 et
1360 402 1429 476 quia
1443 404 1574 475 reliquiae
1598 406 1660 478 ejus
1673 407 1843 465 dicebantur

88 476 175 531 bouis
204 477 507 535 tentatiodeesseuon
524 482 627 553 poluit.
649 482 859 543 luvidusenim
877 505 940 543 om·
994 488 1093 544 furtim
1120 491 1241 545 sublata·
1268 495 1297 546 et
1316 491 1346 547 iu
1372 492 1462 547 alium
1479 494 1744 561 locumtranslatse,
1774 497 1842 552 ideo

88 566 173 620 nium
187 565 332 623 Maurum
346 567 489 636 diabolus,
519 570 569 626 ubi
590 575 687 627 torum
720 573 940 631 immaculatum
995 577 1038 632 vir
1050 583 1164 634 sanctus
1188 580 1224 635 de
1254 580 1395 651 corporali
1423 581 1485 652 ejus
1504 583 1653 653 presentia
1681 582 1840 641 dubitabat.

89 653 221 710 sauciare
247 672 307 726 npn
333 658 438 728 potuit,
453 659 709 731 zelotypiaelivore
726 663 832 720 ioedare
857 666 940 735 cogi·
994 665 1142 736 Completa
1161 669 1258 739 itaque
1277 668 1416 734 oratione,
1445 671 1533 724 homo
1552 670 1601 724 llei
1621 671 1655 726 ad
1682 671 1841 744 hospitium

88 743 174 809 tavit,
190 748 219 798 et
233 745 295 814 ejus
311 745 413 801 saltem
426 748 533 803 tamam
557 749 671 814 laedere,
687 750 733 806 cui
749 752 853 808 vulnus
875 770 938 809 cor·
994 770 1025 808 se
1039 754 1170 822 contulit,
1195 761 1225 810 et
1251 755 1370 811 lassatus
1386 773 1419 811 ac
1432 757 1595 812 debilitatus
1622 759 1653 813 in
1679 759 1784 814 lectulo
1812 777 1843 816 se

90 831 236 902 ruptionis
259 833 392 906 infligere
418 851 477 891 nou
491 837 595 908 potuit.
614 839 697 894 Facta
710 844 753 896 est
771 840 873 911 igitur,
889 858 938 897 au·
993 843 1150 898 collocavit.
1179 844 1211 899 ln
1234 860 1292 915 quo
1307 845 1492 901 obdormiens
1516 846 1587 901 sidit
1601 847 1629 902 S.
1658 848 1842 904 benedictum

89 925 169 975 ctore
196 922 321 990 diaholo,
346 930 477 996 suspecta
502 926 631 982 criminis
663 944 697 983 ea
725 945 792 1001 quae
820 936 941 986 noverat
994 931 1049 986 sibi
1070 933 1211 999 assistere,
1236 938 1265 989 et
1293 933 1402 989 ferrum
1427 935 1580 991 sectoriam
1605 936 1641 991 ad
1657 936 1843 993 medicinales

90 1010 235 1065 maculam
251 1012 453 1084 corruptionis.
478 1014 532 1070 Sed
564 1017 632 1087 quia
650 1016 775 1073 crudelis
803 1022 857 1087 est,
890 1019 940 1090 qui
993 1019 1247 1091 sectionesaptum
1272 1037 1360 1077 manu
1384 1026 1492 1078 tenere.
1521 1023 1575 1089 Qui
1604 1023 1678 1077 dixit
1690 1023 1717 1079 ei
1741 1039 1748 1077 :
1771 1023 1843 1088 Quia

91 1096 200 1154 lamam
232 1100 363 1172 negligit,
392 1102 606 1175 expurgationis
631 1105 732 1176 gratia,
760 1105 796 1162 ad
811 1123 941 1162 vomeres
994 1107 1115 1180 sperasti
1128 1108 1159 1163 in
1176 1109 1232 1164 lleo
1246 1113 1276 1164 et
1285 1109 1316 1165 in
1339 1111 1450 1166 Sanctis
1473 1112 1546 1183 eius,
1569 1127 1634 1167 ecce
1658 1111 1762 1166 missus
1777 1127 1841 1165 sum

91 1186 247 1243 candentes
266 1184 337 1244 illud
352 1190 407 1245 sibi
425 1191 565 1261 judicium
580 1191 696 1264 delegit,
718 1195 796 1265 quod
824 1201 942 1267 propter
994 1197 1205 1268 aDco,ntper
1228 1214 1323 1254 meam
1350 1198 1520 1253 medicinam
1551 1199 1585 1254 ab
1611 1199 1779 1254 infirmitate
1794 1205 1843 1253 tua

91 1274 231 1330 duritiam
256 1276 408 1355 hominum
447 1278 613 1335 institutum
652 1296 714 1336 esse
749 1283 940 1353 cognoscitur.
994 1283 1133 1339 libereris.
1148 1285 1217 1341 Ecce
1227 1301 1289 1356 ego,
1306 1287 1388 1357 cujus
1413 1303 1477 1341 ossa
1502 1287 1602 1342 furtim
1630 1286 1742 1343 sublata
1770 1291 1844 1342 esset

92 1363 224 1436 cumque
237 1365 341 1422 dilecta
356 1367 414 1422 [leo
429 1368 465 1423 ad
486 1367 557 1424 illud
568 1369 719 1439 judicium,
735 1370 813 1426 velut
827 1372 888 1427 ovis
903 1372 940 1428 ad
995 1373 1126 1444 putabas,
1141 1375 1324 1445 presentiam
1337 1389 1429 1428 meam
1450 1373 1504 1428 tibi
1530 1374 1665 1441 exhibeo,
1695 1380 1725 1430 et
1742 1375 1774 1430 in
1797 1392 1843 1429 ar·

91 1451 268 1510 occisionem
296 1456 459 1524 duceretur,
489 1457 643 1529 ingemuit,
676 1464 706 1514 et
737 1459 791 1527 ait;
818 1461 939 1517 Domine
995 1467 1165 1532 gementum
1179 1462 1309 1518 veritatis
1320 1462 1467 1533 passiones
1479 1468 1541 1517 tuas
1557 1464 1665 1518 curabo
1693 1464 1758 1534 (59).
1776 1465 1841 1518 llaec

91 1543 178 1610 Deus,
208 1547 320 1599 creator
345 1546 408 1603 coeli
440 1551 534 1612 terrie,
567 1546 618 1618 qui
646 1547 751 1619 probas
788 1564 871 1606 renes
913 1556 941 1606 ct
995 1549 1101 1614 dicens,
1126 1555 1239 1621 partem
1263 1549 1342 1605 illam
1357 1549 1495 1621 corporis,
1511 1548 1560 1605 ubi
1581 1550 1706 1605 calculus
1718 1551 1843 1621 jacebat,

91 1630 190 1696 corda,
211 1631 311 1703 judica
332 1634 475 1705 judicium
510 1651 618 1698 meum,
643 1639 672 1689 et
697 1636 778 1707 eripe
806 1654 865 1696 me.
899 1641 937 1695 Te
996 1638 1355 1711 medicinaliterro,quod
1384 1654 1487 1695 manus
1511 1640 1639 1708 tenebat,
1666 1638 1781 1710 aperuit
1803 1644 1843 1705 et,

90 1719 170 1775 enim
185 1726 288 1777 testem
303 1727 331 1778 et
340 1722 468 1795 judicem
484 1724 570 1780 hodic
584 1724 695 1793 invoco,
711 1726 780 1796 quia
798 1743 850 1782 nec
862 1729 940 1785 huuc
994 1727 1092 1783 evulso
1115 1727 1242 1783 molliter
1259 1729 1378 1793 calculo,
1408 1727 1519 1784 hiatum
1534 1726 1661 1783 vulneris
1677 1728 1772 1784 subita
1795 1744 1843 1782 sa·

90 1813 267 1880 praesum
294 1811 459 1870 lleinricum
486 1829 538 1869 nec
566 1814 688 1869 alterum
704 1830 879 1889 quemquam
903 1819 941 1873 vi·
995 1817 1083 1872 nitate
1098 1816 1314 1889 redintegravit,
1342 1816 1542 1888 calciatumque
1569 1832 1656 1889 quem
1682 1817 1788 1872 tulerat
1812 1817 1843 1872 in

89 1909 158 1948 rum
171 1897 282 1952 carnali
294 1899 495 1956 commistione
515 1916 652 1972 umquam
679 1903 810 1973 cognovi.
826 1906 885 1961 lloc
898 1905 941 1960 di·
995 1921 1083 1961 mauu
1100 1906 1183 1977 liegis
1198 1906 1369 1961 dormientis
1379 1906 1516 1978 reposuit,

90 1988 150 2053 cto,
162 1986 349 2057 stupentibus
368 2003 400 2043 ac
419 1990 555 2045 tlentibus
569 1993 720 2062 universis,
735 1994 785 2067 qui
808 1993 940 2060 aderant,
1030 1997 1074 2050 td.
1105 1995 1167 2059 Quo
1193 1995 1278 2061 facto,
1307 1995 1567 2051 christianissimus
1595 1996 1755 2068 imperator
1783 1992 1843 2050 evi·

90 2088 224 2129 vomeres
251 2076 406 2133 candentes
436 2079 514 2136 nudo
542 2082 661 2154 vestigio
686 2082 813 2151 calcavit,
837 2086 865 2138 et
880 2082 942 2136 siue
995 2082 1105 2153 gilavit,
1123 2088 1151 2137 et
1166 2086 1341 2154 pertractans
1370 2099 1466 2138 secum
1491 2100 1556 2154 quse
1579 2084 1654 2138 circa
1676 2083 1847 2154 ipsum’per

91 2161 254 2219 adustionis
280 2166 412 2222 molestia
442 2184 542 2223 secura
577 2172 752 2242 pertransiit.
795 2158 837 2227 lta
867 2171 942 2226 [leus
996 2170 1193 2228 confessorem
1207 2170 1309 2227 Christi
1323 2174 1403 2242 gesta
1426 2170 1547 2237 luerent,
1575 2171 1732 2242 vidensque
1755 2171 1846 2226 calcu-

91 2251 435 2323 omnipotensvinculum
448 2263 533 2313 castae
559 2260 720 2316 dilectionis
749 2260 882 2327 servavit,
898 2260 941 2315 in·
997 2261 1057 2315 lum
1085 2275 1172 2331 quem
1197 2275 1284 2314 manu
1322 2259 1448 2327 tenebat,
1482 2260 1593 2314 vocavit
1623 2259 1771 2325 satellites,
1794 2259 1845 2331 qui

91 2341 256 2397 nocentiam
267 2345 474 2415 comprobavit,
489 2352 519 2402 at
537 2347 696 2419 integritati
710 2349 869 2404 custodiam
885 2348 943 2403 hu·
996 2351 1076 2420 regio
1092 2364 1172 2404 more
1188 2347 1241 2402 sibi
1257 2363 1370 2421 semper
1384 2347 1564 2412 assistebant,
1583 2347 1756 2418 dixitquead
1770 2362 1820 2403 eos
1836 2363 1843 2401 :

91 2430 225 2486 mititatis
233 2431 374 2489 adhibuit.
997 2437 1147 2493 Pontifices
1159 2437 1298 2510 regnique
1313 2436 1403 2492 nostri
1430 2436 1574 2507 Principes
1604 2441 1701 2490 vocate
1722 2436 1759 2491 ad
1782 2451 1844 2502 me;

127 2521 173 2575 ti.
196 2521 274 2576 luter
300 2522 361 2578 hsec
387 2523 545 2580 beatissimi
574 2525 715 2598 Principis
736 2526 828 2598 gloria
851 2526 943 2598 magis
997 2531 1029 2581 ut
1042 2531 1214 2598 cognoscant
1229 2530 1258 2581 et
1273 2525 1387 2581 videant
1402 2524 1546 2581 mirabilia
1571 2523 1633 2591 llei,
1654 2540 1720 2596 qum
1740 2522 1844 2580 ineffa-

92 2625 126 2663 ac
140 2609 233 2681 magis
259 2611 435 2682 proficiebat,
461 2618 490 2668 et
503 2613 596 2685 gratia
613 2615 663 2670 Dei
692 2621 754 2671 erat
776 2631 843 2671 cum
868 2615 941 2687 ipso.
996 2613 1063 2668 bilis
1074 2613 1269 2669 misericordia
1282 2618 1311 2670 et
1332 2613 1533 2669 inenarrabilis
1563 2613 1692 2685 putentia
1712 2613 1775 2683 ejus
1800 2613 1845 2666 le-

93 2698 158 2752 tlon
169 2697 324 2753 declinavit
338 2700 454 2772 clypeus
469 2702 588 2770 abello,
603 2709 633 2759 et
646 2704 727 2759 hasta
741 2703 804 2774 ejus
827 2720 885 2759 uon
901 2708 944 2759 est
997 2701 1144 2757 ceruntin
1160 2718 1214 2757 me.
1244 2702 1334 2759 atilli
1359 2701 1494 2756 mandata
1534 2701 1619 2773 Regis
1643 2701 1729 2756 celeri
1755 2716 1843 2755 cismo

92 2802 207 2841 aversa.
226 2787 389 2858 Apuliama
405 2789 508 2845 Graecis
539 2790 590 2846 diu
617 2807 787 2863 possessam,
813 2793 943 2848 llomano
997 2789 1173 2859 perferentes
1187 2789 1224 2845 ad
1241 2788 1395 2861 Principes,
1427 2790 1622 2860 perduxerunt
1638 2806 1687 2844 eos
1716 2789 1753 2844 ad
1785 2789 1845 2843 lie-

94 2875 220 2946 lmperio
243 2877 432 2948 recuperavit,
448 2883 478 2934 et
499 2878 593 2934 eidem
608 2880 764 2951 provincie
794 2881 943 2936 lsmaelem
997 2893 1074 2949 gem.
1101 2878 1177 2943 Quos
1192 2878 1250 2933 Rex
1276 2878 1414 2945 salutans,
1444 2878 1672 2949 resalutatusque
1686 2878 1721 2933 ab
1735 2876 1788 2943 eis,
1805 2876 1846 2930 sic

92 2963 198 3018 ducem
223 2963 360 3035 prefecit.
376 2966 431 3032 Qui
445 2971 545 3037 postea
564 2968 595 3022 in
621 2967 852 3040 babenbergensi
879 2968 942 3023 loco
958 2969 978 3026 C
997 2968 1160 3038 alloquutus
1189 2983 1238 3021 eos
1252 2971 1315 3022 est:
1346 2968 1457 3022 Fratres
1485 2971 1514 3022 et
1537 2966 1751 3021 commilitones
1771 2964 1841 3031 mei,

93 3059 237 3121 mortuus,
252 3054 325 3108 etin
340 3054 464 3126 capitulo
480 3055 597 3126 majoris
626 3057 794 3112 monasterii
812 3058 942 3127 sepultus
997 3055 1345 3128 magnilicatellovniuum
1359 3072 1482 3124 mecum,
1498 3061 1527 3110 et
1548 3057 1705 3110 exaltemus
1737 3070 1843 3109 nomeu

94 3143 251 3215 requiescit
264 3143 294 3198 in
306 3144 441 3200 Domino.
476 3144 712 3201 beneventanum
736 3146 940 3202 monasterium
996 3147 1058 3218 ejas
1090 3145 1120 3200 in
1147 3145 1282 3216 idipsum,
1308 3145 1377 3217 quia
1401 3149 1444 3199 est
1470 3160 1593 3215 maguus
1628 3145 1778 3209 Dominus,
1819 3147 1847 3197 et

95 3232 235 3298 condidit,
250 3236 279 3287 et
292 3232 372 3288 omni
389 3239 508 3289 ornatus
521 3234 624 3290 decore
648 3234 841 3305 locupletavit.
857 3236 942 3292 Cum·
996 3234 1147 3290 laudabilis
1174 3233 1272 3302 nimis,
1287 3240 1315 3289 et
1331 3232 1541 3305 magnitudinis
1551 3233 1613 3304 ejus
1628 3249 1686 3288 non
1709 3237 1753 3287 est
1765 3230 1842 3287 linis.

95 3337 148 3392 que
175 3321 304 3376 civitates
327 3321 440 3392 apulie
464 3323 661 3393 pertransiret,
691 3328 794 3394 etque
810 3324 845 3379 ad
867 3323 942 3378 utili·
996 3324 1060 3395 lpse
1075 3322 1207 3396 percutit,
1231 3327 1260 3378 et
1282 3322 1434 3378 medetur:
1462 3322 1589 3393 tlagellat
1620 3326 1792 3393 peccatores,
1819 3325 1847 3374 et

99 3415 185 3465 tatem
201 3416 231 3466 et
245 3410 383 3466 honorem
394 3412 477 3483 regni
502 3412 686 3484 pertinebant
706 3412 737 3467 in
752 3413 793 3468 eis
816 3412 943 3484 pruden·
997 3412 1204 3484 poenitentibus
1233 3411 1392 3466 miseretur.
1435 3412 1515 3465 llunc
1549 3411 1693 3478 humiliat,
1723 3415 1752 3465 et
1769 3409 1847 3465 hunc

99 3499 207 3554 tissirm
231 3499 428 3575 disposuisset,
447 3501 534 3573 caepit
559 3501 726 3557 infirmitate
745 3502 847 3557 calculi
863 3502 945 3556 labo·
998 3502 1102 3557 exaltat
1118 3517 1125 3556 ε
1142 3501 1212 3573 quia
1227 3500 1300 3555 calix
1314 3499 1344 3555 in
1360 3516 1447 3555 manu
1475 3499 1588 3555 [lumini
1614 3499 1672 3554 vini
1688 3498 1759 3554 meri
1785 3499 1846 3569 ple·

100 3603 172 3642 rare.
188 3588 278 3660 Cujus
290 3588 386 3644 morbi
414 3590 574 3646 molestiam
602 3589 773 3647 virsauctus
792 3595 872 3646 tanta
895 3606 945 3662 pa·
998 3606 1053 3645 nus
1074 3589 1172 3646 misto.
1204 3591 1246 3644 En
1272 3605 1335 3661 ego,
1364 3588 1414 3660 qui
1444 3588 1506 3643 heri
1531 3588 1615 3643 rnorti
1631 3586 1846 3659 proximusiui,

99 3676 200 3731 ticutia
222 3676 367 3743 sustinuit,
385 3681 416 3733 ut
438 3678 586 3749 passiones
619 3678 713 3734 carnis
727 3679 763 3734 ed
788 3679 946 3734 custodiam
999 3696 1051 3752 per
1065 3677 1289 3734 misericordiam
1312 3677 1360 3733 Dei
1378 3677 1464 3732 hodie
1480 3677 1559 3732 vobis
1572 3693 1697 3747 appareo
1722 3691 1810 3741 mnus
1839 3691 1846 3730 ε

100 3762 303 3821 humilitatisa
326 3766 383 3821 lieo
409 3766 464 3822 sibi
489 3767 605 3822 collatas
620 3773 769 3835 assereret,
794 3771 821 3824 et
846 3768 947 3838 tlagel·
999 3769 1027 3824 ei
1050 3769 1181 3823 aculeum
1210 3766 1319 3831 mortis,
1349 3781 1435 3837 quem
1475 3765 1537 3819 heri
1565 3764 1673 3835 gestavi
1706 3764 1849 3818 inclusum

101 3853 158 3908 lum
183 3854 374 3926 corruptionis
401 3855 592 3911 certissimum
633 3855 750 3928 signum
786 3855 946 3912 dilectionis
999 3856 1114 3928 corpori
1146 3871 1221 3920 meo,
1258 3853 1344 3909 hodie
1380 3854 1469 3908 ocutis
1493 3852 1592 3907 vestris
1616 3851 1768 3906 visibiliter
1800 3867 1848 3905 os·

101 3955 158 3994 esse
184 3940 354 3996 affirmaret.
384 3942 522 3996 Fomenta
548 3947 644 3997 mmcn
669 3943 851 3998 curationum
880 3942 948 3998 iecit
1000 3945 1096 4002 teudo.

100 4027 309 4097 sibiadhiberi,
339 4030 389 4084 sed
415 4029 495 4086 nulla
522 4030 701 4086 medicorum
727 4031 884 4087 subtilitate
911 4030 946 4085 ad
1031 4037 1075 4089 27.
1100 4033 1165 4088 llaec
1193 4031 1299 4098 dicens,
1323 4030 1448 4085 ostendit
1475 4028 1627 4093 calculum,
1643 4043 1731 4099 quem
1759 4042 1848 4082 mauu

100 4116 245 4190 integrum
259 4117 353 4190 poluit
385 4119 511 4174 liberari.
530 4120 748 4191 ingravescente
775 4126 871 4176 auum
893 4120 946 4175 do·
1001 4122 1126 4191 tenebat,
1151 4125 1180 4177 ct
1207 4120 1360 4176 osteudens
1383 4118 1546 4175 cicatricem
1573 4115 1711 4183 vulneris,
1739 4114 1848 4182 omnia,

100 4205 169 4274 lore,
185 4207 317 4262 ascendit
331 4213 459 4263 montem
481 4209 642 4280 cassinum,
670 4209 824 4281 petiturus,
849 4212 880 4262 ut
894 4224 945 4281 per
1001 4226 1066 4282 quse
1091 4227 1143 4283 per
1170 4216 1300 4266 sanctum
1334 4207 1518 4265 benedictum
1540 4206 1615 4261 circa
1643 4205 1739 4277 ipsum
1763 4205 1851 4276 lgesta

99 4293 336 4350 intercessionem
360 4297 388 4352 Β.
419 4295 563 4352 benedicti
582 4301 609 4353 et
639 4301 744 4352 sanctae
763 4297 944 4353 scholastice
1000 4303 1092 4365 erant,
1107 4297 1217 4353 cunctis
1241 4297 1435 4364 audientibus,
1455 4312 1488 4351 ex
1508 4293 1609 4350 urdine
1635 4291 1790 4348 referebat.
1815 4294 1852 4347 et

97 4382 228 4438 sanitatis
240 4383 268 4438 ei
282 4384 367 4439 allco
386 4389 570 4456 praestaretur
592 4385 765 4440 remedium.
1002 4385 1044 4440 illi
1057 4385 1188 4440 videntes
1203 4390 1231 4440 et
1243 4384 1392 4441 audientes
1407 4382 1550 4438 mirabilia
1575 4380 1635 4448 llei,
1647 4385 1676 4435 et
1687 4378 1752 4452 plus
1762 4394 1857 4451 quam·

130 4473 177 4527 25.
201 4472 325 4527 Veniens
350 4478 446 4530 autem
487 4474 524 4529 ad
551 4475 646 4529 locum
686 4475 736 4529 uhi
777 4475 946 4530 Sanctorum
1001 4474 1080 4529 credi
1105 4478 1207 4546 potest,
1229 4472 1373 4534 ¹admirati
1398 4475 1479 4537 sunt;
1500 4477 1530 4525 et
1555 4469 1759 4524 benedicentes
1780 4467 1849 4535 ileo,

96 4560 231 4633 reliquiae
258 4560 373 4617 iuemnt
393 4562 559 4630 recondite,
588 4562 689 4618 effudit
713 4563 810 4618 anima
837 4579 889 4619 sua
916 4563 945 4618 in
1002 4563 1110 4635 diuque
1124 4562 1154 4617 in
1170 4562 1282 4616 laudern
1298 4561 1359 4632 ejus
1381 4560 1570 4614 acclamantes
1590 4558 1626 4613 de
1654 4556 1851 4613 incolumitate

95 4654 256 4720 conspectu
282 4649 431 4718 Albesimi,
458 4655 487 4706 et
527 4666 579 4722 per
606 4655 770 4707 sauctorum
799 4651 947 4724 suffragia,
1002 4651 1089 4724 Regis
1110 4650 1199 4722 gavisi
1217 4654 1295 4705 suut.
1310 4650 1495 4719 Rursumque
1511 4649 1569 4702 liex
1593 4646 1630 4702 ad
1660 4662 1736 4701 eos:
1763 4646 1849 4711 Quas,

97 4738 247 4794 &aedisti
275 4738 408 4794 videlicet
434 4743 463 4795 et
491 4739 517 4795 S.
538 4740 732 4808 Scholastica,
762 4739 896 4810 precibus
918 4743 947 4794 et
1003 4740 1106 4812 iuquit,
1122 4738 1282 4812 gratiarum
1300 4736 1436 4800 actiones,
1457 4739 1507 4790 aut
1522 4750 1587 4806 quise
1616 4749 1738 4789 munera
1764 4731 1851 4788 tantis

98 4827 233 4900 lacrymis
244 4828 428 4898 postulavita
444 4829 502 4883 lteo
517 4829 640 4885 salutem
654 4828 783 4901 corporis
799 4835 828 4885 et
842 4827 947 4883 animm
1002 4827 1150 4884 beneficiis
1169 4824 1311 4896 condigna
1329 4823 1441 4879 medico
1457 4826 1555 4878 nostro
1571 4821 1724 4878 Benedicta
1749 4835 1849 4890 possu-

96 4916 154 4972 sibi
169 4916 312 4988 praestari.
340 4917 551 4989 impletumque
575 4923 618 4975 est
644 4918 722 4990 quod
750 4934 802 4989 per
823 4917 946 4990 Prophe·
1003 4932 1067 4973 mus
1082 4912 1259 4987 rependere?
1273 4916 1309 4969 ltt
1320 4913 1362 4969 illi
1376 4928 1477 4968 omnes
1490 4911 1692 4983 iudicaverunt
1706 4923 1774 5005 eum
1804 4923 1850 5005 re·

95 5004 301 5060 tamdieitur:
318 5005 460 5078 Exquisivi
489 5006 657 5077 Dominum,
682 5010 711 5063 et
727 5006 874 5062 exaudivit
888 5022 945 5073 me,
1003 5001 1464 5078 gismuniticentiadiguumesse.
1483 5000 1541 5054 Rex
1556 4995 1755 5068 ergoconsilvo
1770 4996 1851 5051 Prin·
1930 5048 1931 5052 ,

96 5099 125 5149 et
139 5108 175 5150 ea
194 5093 330 5149 omnihus
340 5094 575 5151 tribulationibus
589 5096 661 5151 meis
676 5094 783 5168 eripuit
795 5111 850 5150 me.
876 5096 946 5151 Nam
1002 5095 1101 5166 cipum
1114 5108 1232 5151 suorum
1248 5090 1378 5165 ingentia
1393 5104 1513 5145 munera
1526 5087 1556 5141 in
1572 5084 1697 5157 prediis,
1722 5084 1754 5139 in
1767 5099 1850 5154 auro,

96 5181 193 5253 petiit,
208 5187 238 5237 et
251 5181 403 5238 exauditus
416 5189 460 5238 est
474 5200 481 5251 ;
496 5183 622 5255 pulsavit
648 5184 685 5240 ad
712 5184 820 5240 ostium
848 5200 949 5256 perse·
1002 5185 1033 5239 in
1052 5187 1183 5255 argento,
1198 5178 1416 5237 inormanentis
1430 5175 1563 5249 plurimis
1574 5173 1703 5229 ecclesiae
1717 5174 1746 5230 S.
1764 5173 1852 5228 liene·

97 5276 232 5327 vennter
262 5270 424 5327 miserantis
449 5273 596 5344 potentie,
625 5277 654 5327 et
686 5273 868 5328 intromissus
894 5277 944 5327 est.
1002 5272 1071 5328 dicti
1098 5270 1228 5326 contulit.
1253 5270 1287 5325 Et
1317 5266 1487 5322 valefaciens
1513 5261 1658 5330 tratribus,
1680 5261 1731 5336 qui
1756 5262 1851 5318 sidem
1892 5321 1897 5331 ‚

97 5363 215 5416 interea
226 5359 284 5416 lica
307 5361 393 5431 eoepit
410 5360 547 5432 cogitare,
567 5377 634 5433 qua
649 5361 685 5417 de
716 5361 947 5417 translationes.
1003 5359 1129 5415 ecclesiae
1156 5358 1360 5430 praesidebant,
1392 5352 1550 5410 asassino
1575 5357 1672 5464 monte
1698 5350 1798 5406 hilaris
1825 5352 1855 5405 ss

136 5525 193 5591 (59)
211 5522 249 5576 lle
260 5522 315 5578 hac
326 5524 356 5577 et
366 5522 508 5599 adjunctis
521 5527 552 5579 et
564 5522 630 5579 eliis
642 5522 771 5579 historiis
784 5522 815 5579 in
829 5522 1039 5579 Commentario
1054 5520 1244 5592 disceptatum
1259 5521 1312 5572 est.
