<?xml version="1.0" encoding="UTF-8"?>
<!DOCTYPE html PUBLIC "-//W3C//DTD XHTML 1.0 Transitional//EN"
    "http://www.w3.org/TR/xhtml1/DTD/xhtml1-transitional.dtd">
<html xmlns="http://www.w3.org/1999/xhtml" xml:lang="en" lang="en">
 <head>
  <title>
</title>
<meta http-equiv="Content-Type" content="text/html;charset=utf-8" />
  <meta name='ocr-system' content='tesseract 3.04.00' />
  <meta name='ocr-capabilities' content='ocr_page ocr_carea ocr_par ocr_line ocrx_word'/>
</head>
<body>
  <div class='ocr_page' id='page_1' title='image "./patrologiaecurs17unkngoog_0293.png"; bbox 0 0 3878 6112; ppageno 0'>
   <div class='ocr_carea' id='block_1_1' title="bbox 453 225 1711 305">
    <p class='ocr_par' dir='ltr' id='par_1_1' title="bbox 453 225 1711 305">
     <span class='ocr_line' id='line_1_1' title="bbox 453 225 1711 305; baseline 0.009 -24"><span class='ocrx_word' id='word_1_1' title='bbox 453 225 692 286; x_wconf 73' lang='lat' dir='ltr'><strong>uncuutouuu</strong></span> <span class='ocrx_word' id='word_1_2' title='bbox 713 227 805 285; x_wconf 81' lang='lat' dir='ltr'><strong>Ltuul</strong></span> <span class='ocrx_word' id='word_1_3' title='bbox 824 227 878 300; x_wconf 78' lang='lat' dir='ltr'><strong>xx.</strong></span> <span class='ocrx_word' id='word_1_4' title='bbox 896 258 931 268; x_wconf 92' lang='lat'><strong>-·</strong></span> <span class='ocrx_word' id='word_1_5' title='bbox 951 228 1058 287; x_wconf 80' lang='lat' dir='ltr'>LIBER</span> <span class='ocrx_word' id='word_1_6' title='bbox 1078 229 1220 305; x_wconf 73' lang='lat' dir='ltr'><strong>uulnus.</strong></span> <span class='ocrx_word' id='word_1_7' title='bbox 1658 236 1711 292; x_wconf 79' lang='lat' dir='ltr'><strong>too</strong></span> 
     </span>
    </p>
   </div>
   <div class='ocr_carea' id='block_1_2' title="bbox 70 346 1709 1043">
    <p class='ocr_par' dir='ltr' id='par_1_2' title="bbox 70 346 1709 1043">
     <span class='ocr_line' id='line_1_2' title="bbox 73 346 1709 427; baseline 0.005 -23"><span class='ocrx_word' id='word_1_8' title='bbox 73 351 170 416; x_wconf 66' lang='lat' dir='ltr'><strong>meu,</strong></span> <span class='ocrx_word' id='word_1_9' title='bbox 186 363 247 419; x_wconf 83' lang='lat' dir='ltr'><strong>cap.</strong></span> <span class='ocrx_word' id='word_1_10' title='bbox 271 349 312 410; x_wconf 80' lang='lat' dir='ltr'><strong>l.)</strong></span> <span class='ocrx_word' id='word_1_11' title='bbox 327 346 356 404; x_wconf 90' lang='lat' dir='ltr'><strong>Si</strong></span> <span class='ocrx_word' id='word_1_12' title='bbox 377 351 474 405; x_wconf 87' lang='lat' dir='ltr'><strong>eutem</strong></span> <span class='ocrx_word' id='word_1_13' title='bbox 489 348 594 421; x_wconf 91' lang='lat' dir='ltr'><strong>aliquis</strong></span> <span class='ocrx_word' id='word_1_14' title='bbox 609 350 842 422; x_wconf 77' lang='lat' dir='ltr'><strong>metropolita-A</strong></span> <span class='ocrx_word' id='word_1_15' title='bbox 859 351 906 406; x_wconf 85' lang='lat' dir='ltr'><strong>nis</strong></span> <span class='ocrx_word' id='word_1_16' title='bbox 920 352 1006 420; x_wconf 85' lang='lat' dir='ltr'><strong>laetu,</strong></span> <span class='ocrx_word' id='word_1_17' title='bbox 1022 351 1072 408; x_wconf 85' lang='lat' dir='ltr'><strong>sed</strong></span> <span class='ocrx_word' id='word_1_18' title='bbox 1085 352 1250 409; x_wconf 88' lang='lat' dir='ltr'><strong>humillima</strong></span> <span class='ocrx_word' id='word_1_19' title='bbox 1260 356 1289 409; x_wconf 91' lang='lat' dir='ltr'><strong>et</strong></span> <span class='ocrx_word' id='word_1_20' title='bbox 1302 353 1436 409; x_wconf 84' lang='lat' dir='ltr'>concordi</span> <span class='ocrx_word' id='word_1_21' title='bbox 1448 354 1709 427; x_wconf 72' lang='lat' dir='ltr'><strong>administratione,</strong></span> 
     </span>
     <span class='ocr_line' id='line_1_3' title="bbox 71 435 1708 512; baseline 0.005 -19"><span class='ocrx_word' id='word_1_22' title='bbox 71 436 191 494; x_wconf 89' lang='lat' dir='ltr'><strong>inilatus</strong></span> <span class='ocrx_word' id='word_1_23' title='bbox 203 435 301 505; x_wconf 86' lang='lat' dir='ltr'><strong>inerit,</strong></span> <span class='ocrx_word' id='word_1_24' title='bbox 316 441 344 492; x_wconf 86' lang='lat' dir='ltr'><strong>st</strong></span> <span class='ocrx_word' id='word_1_25' title='bbox 357 436 419 492; x_wconf 90' lang='lat' dir='ltr'><strong>sins</strong></span> <span class='ocrx_word' id='word_1_26' title='bbox 433 437 566 493; x_wconf 90' lang='lat' dir='ltr'><strong>omnium</strong></span> <span class='ocrx_word' id='word_1_27' title='bbox 579 437 804 509; x_wconf 83' lang='lat' dir='ltr'><strong>cornprurincia·</strong></span> <span class='ocrx_word' id='word_1_28' title='bbox 859 439 932 495; x_wconf 89' lang='lat' dir='ltr'><strong>sicot</strong></span> <span class='ocrx_word' id='word_1_29' title='bbox 958 439 1095 496; x_wconf 85' lang='lat' dir='ltr'><strong>Dominus</strong></span> <span class='ocrx_word' id='word_1_30' title='bbox 1123 443 1164 496; x_wconf 93' lang='lat' dir='ltr'><strong>ait</strong></span> <span class='ocrx_word' id='word_1_31' title='bbox 1181 458 1189 498; x_wconf 78' lang='lat' dir='ltr'><strong>s</strong></span> <span class='ocrx_word' id='word_1_32' title='bbox 1206 442 1269 498; x_wconf 81' lang='lat' dir='ltr'><strong>lion</strong></span> <span class='ocrx_word' id='word_1_33' title='bbox 1293 443 1360 497; x_wconf 82' lang='lat' dir='ltr'><strong>veni</strong></span> <span class='ocrx_word' id='word_1_34' title='bbox 1382 441 1552 512; x_wconf 83' lang='lat' dir='ltr'><strong>ministrari,</strong></span> <span class='ocrx_word' id='word_1_35' title='bbox 1576 444 1628 500; x_wconf 90' lang='lat' dir='ltr'><strong>sed</strong></span> <span class='ocrx_word' id='word_1_36' title='bbox 1652 446 1708 501; x_wconf 87' lang='lat' dir='ltr'><strong>mi·</strong></span> 
     </span>
     <span class='ocr_line' id='line_1_4' title="bbox 70 524 1707 603; baseline 0.004 -21"><span class='ocrx_word' id='word_1_37' title='bbox 70 524 205 592; x_wconf 62' lang='lat' dir='ltr'><strong>menda,</strong></span> <span class='ocrx_word' id='word_1_38' title='bbox 222 526 266 580; x_wconf 83' lang='lat' dir='ltr'><strong>sel</strong></span> <span class='ocrx_word' id='word_1_39' title='bbox 280 524 403 580; x_wconf 89' lang='lat' dir='ltr'><strong>consilio</strong></span> <span class='ocrx_word' id='word_1_40' title='bbox 422 525 624 597; x_wconf 89' lang='lat' dir='ltr'><strong>episcoporum</strong></span> <span class='ocrx_word' id='word_1_41' title='bbox 638 526 710 581; x_wconf 90' lang='lat' dir='ltr'><strong>alias</strong></span> <span class='ocrx_word' id='word_1_42' title='bbox 734 542 801 581; x_wconf 86' lang='lat' dir='ltr'><strong>cau-</strong></span> <span class='ocrx_word' id='word_1_43' title='bbox 859 527 989 585; x_wconf 79' lang='lat' dir='ltr'><strong>nistrare.</strong></span> <span class='ocrx_word' id='word_1_44' title='bbox 1017 529 1051 584; x_wconf 86' lang='lat' dir='ltr'><strong>Et</strong></span> <span class='ocrx_word' id='word_1_45' title='bbox 1065 527 1134 584; x_wconf 87' lang='lat' dir='ltr'><strong>alibi</strong></span> <span class='ocrx_word' id='word_1_46' title='bbox 1149 546 1156 584; x_wconf 91' lang='lat'>:</span> <span class='ocrx_word' id='word_1_47' title='bbox 1172 529 1226 595; x_wconf 84' lang='lat' dir='ltr'><strong>Qui</strong></span> <span class='ocrx_word' id='word_1_48' title='bbox 1250 531 1344 601; x_wconf 89' lang='lat' dir='ltr'><strong>major</strong></span> <span class='ocrx_word' id='word_1_49' title='bbox 1367 535 1409 586; x_wconf 85' lang='lat' dir='ltr'><strong>ast</strong></span> <span class='ocrx_word' id='word_1_50' title='bbox 1423 536 1561 603; x_wconf 82' lang='lat' dir='ltr'><strong>vestrum,</strong></span> <span class='ocrx_word' id='word_1_51' title='bbox 1585 531 1641 587; x_wconf 88' lang='lat' dir='ltr'><strong>erit</strong></span> <span class='ocrx_word' id='word_1_52' title='bbox 1656 533 1707 589; x_wconf 92' lang='lat' dir='ltr'><strong>mi·</strong></span> 
     </span>
     <span class='ocr_line' id='line_1_5' title="bbox 70 611 1707 695; baseline 0.004 -26"><span class='ocrx_word' id='word_1_53' title='bbox 70 628 110 682; x_wconf 87' lang='lat' dir='ltr'><strong>re,</strong></span> <span class='ocrx_word' id='word_1_54' title='bbox 132 611 189 669; x_wconf 92' lang='lat' dir='ltr'><strong>nisi</strong></span> <span class='ocrx_word' id='word_1_55' title='bbox 210 628 257 668; x_wconf 85' lang='lat' dir='ltr'><strong>eas</strong></span> <span class='ocrx_word' id='word_1_56' title='bbox 283 618 397 669; x_wconf 67' lang='lat' dir='ltr'><strong>uotum</strong></span> <span class='ocrx_word' id='word_1_57' title='bbox 417 629 482 685; x_wconf 81' lang='lat' dir='ltr'><strong>qnae</strong></span> <span class='ocrx_word' id='word_1_58' title='bbox 499 614 534 670; x_wconf 90' lang='lat' dir='ltr'><strong>ad</strong></span> <span class='ocrx_word' id='word_1_59' title='bbox 556 614 705 684; x_wconf 88' lang='lat' dir='ltr'><strong>propriam</strong></span> <span class='ocrx_word' id='word_1_60' title='bbox 720 629 802 669; x_wconf 91' lang='lat' dir='ltr'><strong>suam</strong></span> <span class='ocrx_word' id='word_1_61' title='bbox 857 616 949 672; x_wconf 88' lang='lat' dir='ltr'><strong>nister</strong></span> <span class='ocrx_word' id='word_1_62' title='bbox 969 621 1073 685; x_wconf 83' lang='lat' dir='ltr'><strong>vester,</strong></span> <span class='ocrx_word' id='word_1_63' title='bbox 1093 623 1122 673; x_wconf 91' lang='lat' dir='ltr'><strong>et</strong></span> <span class='ocrx_word' id='word_1_64' title='bbox 1143 618 1266 689; x_wconf 89' lang='lat' dir='ltr'><strong>reliqua.</strong></span> <span class='ocrx_word' id='word_1_65' title='bbox 1291 619 1427 675; x_wconf 78' lang='lat' dir='ltr'><strong>Similiter</strong></span> <span class='ocrx_word' id='word_1_66' title='bbox 1449 620 1547 695; x_wconf 86' lang='lat' dir='ltr'><strong>stipsi</strong></span> <span class='ocrx_word' id='word_1_67' title='bbox 1570 636 1707 693; x_wconf 90' lang='lat' dir='ltr'><strong>compro·</strong></span> 
     </span>
     <span class='ocr_line' id='line_1_6' title="bbox 70 701 1705 781; baseline 0.004 -24"><span class='ocrx_word' id='word_1_68' title='bbox 70 707 101 758; x_wconf 93' lang='lat' dir='ltr'><strong>nt</strong></span> <span class='ocrx_word' id='word_1_69' title='bbox 123 701 299 772; x_wconf 77' lang='lat' dir='ltr'><strong>parochiam,</strong></span> <span class='ocrx_word' id='word_1_70' title='bbox 321 706 370 756; x_wconf 90' lang='lat' dir='ltr'><strong>aut</strong></span> <span class='ocrx_word' id='word_1_71' title='bbox 396 717 444 756; x_wconf 89' lang='lat' dir='ltr'><strong>eos</strong></span> <span class='ocrx_word' id='word_1_72' title='bbox 463 718 582 773; x_wconf 83' lang='lat' dir='ltr'><strong>gravare</strong></span> <span class='ocrx_word' id='word_1_73' title='bbox 605 702 737 771; x_wconf 83' lang='lat' dir='ltr'><strong>voluerit,</strong></span> <span class='ocrx_word' id='word_1_74' title='bbox 767 701 802 757; x_wconf 92' lang='lat' dir='ltr'><strong>ab</strong></span> <span class='ocrx_word' id='word_1_75' title='bbox 858 705 993 760; x_wconf 88' lang='lat' dir='ltr'><strong>vinciales</strong></span> <span class='ocrx_word' id='word_1_76' title='bbox 1015 705 1141 777; x_wconf 81' lang='lat' dir='ltr'><strong>episcopi</strong></span> <span class='ocrx_word' id='word_1_77' title='bbox 1163 722 1229 762; x_wconf 88' lang='lat' dir='ltr'><strong>cum</strong></span> <span class='ocrx_word' id='word_1_78' title='bbox 1251 708 1313 780; x_wconf 85' lang='lat' dir='ltr'><strong>ejus</strong></span> <span class='ocrx_word' id='word_1_79' title='bbox 1335 707 1467 777; x_wconf 87' lang='lat' dir='ltr'><strong>consilio,</strong></span> <span class='ocrx_word' id='word_1_80' title='bbox 1491 707 1547 764; x_wconf 89' lang='lat' dir='ltr'><strong>nisi</strong></span> <span class='ocrx_word' id='word_1_81' title='bbox 1565 716 1705 781; x_wconf 88' lang='lat' dir='ltr'><strong>quantum</strong></span> 
     </span>
     <span class='ocr_line' id='line_1_7' title="bbox 70 784 1705 869; baseline 0.008 -29"><span class='ocrx_word' id='word_1_82' title='bbox 70 802 90 840; x_wconf 78' lang='lat' dir='ltr'><strong>is</strong></span> <span class='ocrx_word' id='word_1_83' title='bbox 103 784 230 841; x_wconf 85' lang='lat' dir='ltr'><strong>districtc</strong></span> <span class='ocrx_word' id='word_1_84' title='bbox 246 784 416 855; x_wconf 91' lang='lat' dir='ltr'><strong>corrigatur,</strong></span> <span class='ocrx_word' id='word_1_85' title='bbox 441 801 477 840; x_wconf 88' lang='lat' dir='ltr'><strong>ne</strong></span> <span class='ocrx_word' id='word_1_86' title='bbox 492 785 559 839; x_wconf 89' lang='lat' dir='ltr'><strong>tatia</strong></span> <span class='ocrx_word' id='word_1_87' title='bbox 578 785 713 858; x_wconf 79' lang='lat' dir='ltr'><strong>deinceps</strong></span> <span class='ocrx_word' id='word_1_88' title='bbox 727 801 802 855; x_wconf 85' lang='lat' dir='ltr'><strong>prae-</strong></span> <span class='ocrx_word' id='word_1_89' title='bbox 857 792 892 847; x_wconf 79' lang='lat' dir='ltr'><strong>ad</strong></span> <span class='ocrx_word' id='word_1_90' title='bbox 907 793 1037 865; x_wconf 83' lang='lat' dir='ltr'><strong>proprias</strong></span> <span class='ocrx_word' id='word_1_91' title='bbox 1058 793 1182 865; x_wconf 85' lang='lat' dir='ltr'><strong>pertinet</strong></span> <span class='ocrx_word' id='word_1_92' title='bbox 1196 795 1358 868; x_wconf 87' lang='lat' dir='ltr'><strong>parochias,</strong></span> <span class='ocrx_word' id='word_1_93' title='bbox 1373 801 1470 869; x_wconf 87' lang='lat' dir='ltr'><strong>agant,</strong></span> <span class='ocrx_word' id='word_1_94' title='bbox 1489 796 1571 869; x_wconf 82' lang='lat' dir='ltr'><strong>juxta</strong></span> <span class='ocrx_word' id='word_1_95' title='bbox 1593 802 1705 852; x_wconf 89' lang='lat' dir='ltr'><strong>sancto·</strong></span> 
     </span>
     <span class='ocr_line' id='line_1_8' title="bbox 91 872 1706 956; baseline 0.012 -35"><span class='ocrx_word' id='word_1_96' title='bbox 91 873 203 928; x_wconf 68' lang='lat' dir='ltr'><strong>audeat.</strong></span> <span class='ocrx_word' id='word_1_97' title='bbox 225 872 254 928; x_wconf 86' lang='lat' dir='ltr'><strong>Si</strong></span> <span class='ocrx_word' id='word_1_98' title='bbox 275 888 342 928; x_wconf 81' lang='lat' dir='ltr'><strong>voro</strong></span> <span class='ocrx_word' id='word_1_99' title='bbox 358 872 571 944; x_wconf 89' lang='lat' dir='ltr'><strong>incorrigibilis,</strong></span> <span class='ocrx_word' id='word_1_100' title='bbox 588 874 685 946; x_wconf 87' lang='lat' dir='ltr'><strong>eisque</strong></span> <span class='ocrx_word' id='word_1_101' title='bbox 702 873 802 928; x_wconf 87' lang='lat' dir='ltr'><strong>inobc-</strong></span> <span class='ocrx_word' id='word_1_102' title='bbox 858 896 921 936; x_wconf 87' lang='lat' dir='ltr'><strong>rum</strong></span> <span class='ocrx_word' id='word_1_103' title='bbox 936 881 1091 937; x_wconf 87' lang='lat' dir='ltr'><strong>constituta</strong></span> <span class='ocrx_word' id='word_1_104' title='bbox 1104 883 1232 951; x_wconf 88' lang='lat' dir='ltr'><strong>Patrurn,</strong></span> <span class='ocrx_word' id='word_1_105' title='bbox 1249 888 1281 939; x_wconf 89' lang='lat' dir='ltr'><strong>ut</strong></span> <span class='ocrx_word' id='word_1_106' title='bbox 1293 900 1353 940; x_wconf 93' lang='lat' dir='ltr'><strong>uno</strong></span> <span class='ocrx_word' id='word_1_107' title='bbox 1368 885 1475 954; x_wconf 92' lang='lat' dir='ltr'><strong>animo,</strong></span> <span class='ocrx_word' id='word_1_108' title='bbox 1491 901 1549 941; x_wconf 89' lang='lat' dir='ltr'><strong>uuo</strong></span> <span class='ocrx_word' id='word_1_109' title='bbox 1565 902 1624 956; x_wconf 87' lang='lat' dir='ltr'><strong>ere,</strong></span> <span class='ocrx_word' id='word_1_110' title='bbox 1640 902 1706 942; x_wconf 90' lang='lat' dir='ltr'><strong>eon·</strong></span> 
     </span>
     <span class='ocr_line' id='line_1_9' title="bbox 70 961 1704 1043; baseline 0.009 -27"><span class='ocrx_word' id='word_1_111' title='bbox 70 961 236 1035; x_wconf 80' lang='lat' dir='ltr'><strong>ipparuerit,</strong></span> <span class='ocrx_word' id='word_1_112' title='bbox 260 961 389 1016; x_wconf 81' lang='lat' dir='ltr'><strong>adhunc</strong></span> <span class='ocrx_word' id='word_1_113' title='bbox 411 961 599 1032; x_wconf 79' lang='lat' dir='ltr'><strong>apostolicam</strong></span> <span class='ocrx_word' id='word_1_114' title='bbox 623 961 731 1029; x_wconf 79' lang='lat' dir='ltr'><strong>sedem,</strong></span> <span class='ocrx_word' id='word_1_115' title='bbox 755 961 802 1016; x_wconf 79' lang='lat' dir='ltr'><strong>cui</strong></span> <span class='ocrx_word' id='word_1_116' title='bbox 856 968 979 1025; x_wconf 85' lang='lat' dir='ltr'><strong>corditer</strong></span> <span class='ocrx_word' id='word_1_117' title='bbox 999 974 1097 1025; x_wconf 88' lang='lat' dir='ltr'><strong>sancta</strong></span> <span class='ocrx_word' id='word_1_118' title='bbox 1117 971 1295 1043; x_wconf 86' lang='lat' dir='ltr'><strong>glorificetur</strong></span> <span class='ocrx_word' id='word_1_119' title='bbox 1308 972 1432 1027; x_wconf 84' lang='lat' dir='ltr'><strong>Trinitas</strong></span> <span class='ocrx_word' id='word_1_120' title='bbox 1453 973 1484 1028; x_wconf 93' lang='lat' dir='ltr'><strong>in</strong></span> <span class='ocrx_word' id='word_1_121' title='bbox 1503 975 1617 1029; x_wconf 79' lang='lat' dir='ltr'><strong>saecula.</strong></span> <span class='ocrx_word' id='word_1_122' title='bbox 1636 975 1704 1030; x_wconf 87' lang='lat' dir='ltr'><strong>Nul-</strong></span> 
     </span>
    </p>
   </div>
   <div class='ocr_carea' id='block_1_3' title="bbox 69 1049 1705 1213">
    <p class='ocr_par' dir='ltr' id='par_1_3' title="bbox 69 1049 1705 1213">
     <span class='ocr_line' id='line_1_10' title="bbox 88 1049 1705 1134; baseline 0.009 -31"><span class='ocrx_word' id='word_1_123' title='bbox 88 1050 292 1121; x_wconf 85' lang='lat' dir='ltr'><strong>episcoporum</strong></span> <span class='ocrx_word' id='word_1_124' title='bbox 319 1049 429 1121; x_wconf 88' lang='lat' dir='ltr'><strong>judicia</strong></span> <span class='ocrx_word' id='word_1_125' title='bbox 465 1049 622 1104; x_wconf 89' lang='lat' dir='ltr'><strong>terminare</strong></span> <span class='ocrx_word' id='word_1_126' title='bbox 658 1055 802 1120; x_wconf 84' lang='lat' dir='ltr'><strong>praecepta</strong></span> <span class='ocrx_word' id='word_1_127' title='bbox 856 1055 1705 1134; x_wconf 85' lang='lat' dir='ltr'><strong>lusprimas,uullusmetropolitanus,naltusquereliquo·</strong></span> 
     </span>
     <span class='ocr_line' id='line_1_11' title="bbox 69 1137 1705 1213; baseline 0.004 -19"><span class='ocrx_word' id='word_1_128' title='bbox 69 1141 113 1212; x_wconf 76' lang='lat' dir='ltr'><strong>ius</strong></span> <span class='ocrx_word' id='word_1_129' title='bbox 138 1138 319 1194; x_wconf 90' lang='lat' dir='ltr'><strong>contumacia</strong></span> <span class='ocrx_word' id='word_1_130' title='bbox 341 1137 492 1204; x_wconf 83' lang='lat' dir='ltr'><strong>referatur,</strong></span> <span class='ocrx_word' id='word_1_131' title='bbox 517 1142 549 1192; x_wconf 94' lang='lat' dir='ltr'><strong>ut</strong></span> <span class='ocrx_word' id='word_1_132' title='bbox 572 1137 699 1193; x_wconf 78' lang='lat' dir='ltr'><strong>vindicta</strong></span> <span class='ocrx_word' id='word_1_133' title='bbox 717 1137 752 1193; x_wconf 88' lang='lat' dir='ltr'><strong>da</strong></span> <span class='ocrx_word' id='word_1_134' title='bbox 767 1153 801 1192; x_wconf 88' lang='lat' dir='ltr'><strong>eo</strong></span> <span class='ocrx_word' id='word_1_135' title='bbox 856 1157 921 1196; x_wconf 89' lang='lat' dir='ltr'><strong>rum</strong></span> <span class='ocrx_word' id='word_1_136' title='bbox 944 1141 1145 1213; x_wconf 89' lang='lat' dir='ltr'><strong>episcoporum</strong></span> <span class='ocrx_word' id='word_1_137' title='bbox 1173 1142 1291 1197; x_wconf 88' lang='lat' dir='ltr'><strong>alterius</strong></span> <span class='ocrx_word' id='word_1_138' title='bbox 1314 1144 1399 1198; x_wconf 85' lang='lat' dir='ltr'><strong>adeat</strong></span> <span class='ocrx_word' id='word_1_139' title='bbox 1420 1143 1576 1208; x_wconf 85' lang='lat' dir='ltr'><strong>civitatem,</strong></span> <span class='ocrx_word' id='word_1_140' title='bbox 1596 1151 1646 1199; x_wconf 93' lang='lat' dir='ltr'><strong>aut</strong></span> <span class='ocrx_word' id='word_1_141' title='bbox 1668 1144 1705 1200; x_wconf 92' lang='lat' dir='ltr'><strong>ad</strong></span> 
     </span>
    </p>
   </div>
   <div class='ocr_carea' id='block_1_4' title="bbox 70 1226 1705 2633">
    <p class='ocr_par' dir='ltr' id='par_1_4' title="bbox 70 1226 1705 2004">
     <span class='ocr_line' id='line_1_12' title="bbox 73 1226 1705 1304; baseline 0.001 -20"><span class='ocrx_word' id='word_1_142' title='bbox 73 1227 172 1284; x_wconf 74' lang='lat' dir='ltr'><strong>caeteri</strong></span> <span class='ocrx_word' id='word_1_143' title='bbox 197 1227 333 1281; x_wconf 88' lang='lat' dir='ltr'><strong>timorem</strong></span> <span class='ocrx_word' id='word_1_144' title='bbox 360 1227 494 1282; x_wconf 85' lang='lat' dir='ltr'><strong>habeant.</strong></span> <span class='ocrx_word' id='word_1_145' title='bbox 512 1226 540 1282; x_wconf 89' lang='lat' dir='ltr'><strong>Si</strong></span> <span class='ocrx_word' id='word_1_146' title='bbox 564 1233 661 1281; x_wconf 90' lang='lat' dir='ltr'><strong>autem</strong></span> <span class='ocrx_word' id='word_1_147' title='bbox 684 1231 802 1298; x_wconf 88' lang='lat' dir='ltr'><strong>propter</strong></span> <span class='ocrx_word' id='word_1_148' title='bbox 855 1230 1066 1301; x_wconf 88' lang='lat' dir='ltr'><strong>possessionem</strong></span> <span class='ocrx_word' id='word_1_149' title='bbox 1089 1230 1203 1286; x_wconf 88' lang='lat' dir='ltr'><strong>accedat</strong></span> <span class='ocrx_word' id='word_1_150' title='bbox 1217 1246 1282 1302; x_wconf 78' lang='lat' dir='ltr'><strong>qum</strong></span> <span class='ocrx_word' id='word_1_151' title='bbox 1298 1231 1333 1285; x_wconf 93' lang='lat' dir='ltr'><strong>ad</strong></span> <span class='ocrx_word' id='word_1_152' title='bbox 1357 1247 1422 1286; x_wconf 91' lang='lat' dir='ltr'><strong>eum</strong></span> <span class='ocrx_word' id='word_1_153' title='bbox 1443 1248 1503 1287; x_wconf 92' lang='lat' dir='ltr'><strong>non</strong></span> <span class='ocrx_word' id='word_1_154' title='bbox 1524 1234 1661 1304; x_wconf 82' lang='lat' dir='ltr'><strong>pertinet,</strong></span> <span class='ocrx_word' id='word_1_155' title='bbox 1676 1237 1705 1287; x_wconf 89' lang='lat' dir='ltr'><strong>et</strong></span> 
     </span>
     <span class='ocr_line' id='line_1_13' title="bbox 70 1311 1703 1391; baseline 0.004 -24"><span class='ocrx_word' id='word_1_156' title='bbox 70 1311 351 1382; x_wconf 69' lang='lat' dir='ltr'><strong>itonginquituem,</strong></span> <span class='ocrx_word' id='word_1_157' title='bbox 374 1314 424 1366; x_wconf 90' lang='lat' dir='ltr'><strong>aut</strong></span> <span class='ocrx_word' id='word_1_158' title='bbox 447 1311 588 1382; x_wconf 89' lang='lat' dir='ltr'><strong>temporis</strong></span> <span class='ocrx_word' id='word_1_159' title='bbox 610 1311 802 1366; x_wconf 91' lang='lat' dir='ltr'><strong>incommodi·</strong></span> <span class='ocrx_word' id='word_1_160' title='bbox 856 1316 973 1372; x_wconf 85' lang='lat' dir='ltr'><strong>alterius</strong></span> <span class='ocrx_word' id='word_1_161' title='bbox 1003 1317 1128 1389; x_wconf 90' lang='lat' dir='ltr'><strong>episcopi</strong></span> <span class='ocrx_word' id='word_1_162' title='bbox 1160 1322 1204 1373; x_wconf 89' lang='lat' dir='ltr'><strong>est</strong></span> <span class='ocrx_word' id='word_1_163' title='bbox 1232 1316 1378 1388; x_wconf 88' lang='lat' dir='ltr'><strong>parochia,</strong></span> <span class='ocrx_word' id='word_1_164' title='bbox 1413 1333 1500 1390; x_wconf 86' lang='lat' dir='ltr'><strong>super</strong></span> <span class='ocrx_word' id='word_1_165' title='bbox 1532 1319 1703 1391; x_wconf 75' lang='lat' dir='ltr'><strong>cuiusquam</strong></span> 
     </span>
     <span class='ocr_line' id='line_1_14' title="bbox 73 1399 1703 1477; baseline 0.005 -24"><span class='ocrx_word' id='word_1_166' title='bbox 73 1402 118 1456; x_wconf 81' lang='lat' dir='ltr'><strong>vel</strong></span> <span class='ocrx_word' id='word_1_167' title='bbox 137 1399 247 1455; x_wconf 91' lang='lat' dir='ltr'><strong>itineris</strong></span> <span class='ocrx_word' id='word_1_168' title='bbox 273 1399 467 1470; x_wconf 84' lang='lat' dir='ltr'><strong>asperitatem,</strong></span> <span class='ocrx_word' id='word_1_169' title='bbox 489 1415 575 1471; x_wconf 86' lang='lat' dir='ltr'><strong>grave</strong></span> <span class='ocrx_word' id='word_1_170' title='bbox 598 1401 635 1456; x_wconf 90' lang='lat' dir='ltr'><strong>ad</strong></span> <span class='ocrx_word' id='word_1_171' title='bbox 658 1401 732 1456; x_wconf 90' lang='lat' dir='ltr'><strong>hanc</strong></span> <span class='ocrx_word' id='word_1_172' title='bbox 754 1416 799 1455; x_wconf 89' lang='lat' dir='ltr'><strong>aa·</strong></span> <span class='ocrx_word' id='word_1_173' title='bbox 855 1404 1053 1475; x_wconf 84' lang='lat' dir='ltr'><strong>dispositione,</strong></span> <span class='ocrx_word' id='word_1_174' title='bbox 1070 1405 1126 1460; x_wconf 87' lang='lat' dir='ltr'><strong>nisi</strong></span> <span class='ocrx_word' id='word_1_175' title='bbox 1150 1405 1174 1459; x_wconf 89' lang='lat' dir='ltr'><strong>si</strong></span> <span class='ocrx_word' id='word_1_176' title='bbox 1189 1410 1305 1459; x_wconf 82' lang='lat' dir='ltr'><strong>vocatus</strong></span> <span class='ocrx_word' id='word_1_177' title='bbox 1330 1405 1365 1460; x_wconf 90' lang='lat' dir='ltr'><strong>ab</strong></span> <span class='ocrx_word' id='word_1_178' title='bbox 1388 1421 1422 1460; x_wconf 90' lang='lat' dir='ltr'><strong>eo</strong></span> <span class='ocrx_word' id='word_1_179' title='bbox 1436 1406 1517 1477; x_wconf 87' lang='lat' dir='ltr'><strong>cujus</strong></span> <span class='ocrx_word' id='word_1_180' title='bbox 1540 1422 1600 1461; x_wconf 86' lang='lat' dir='ltr'><strong>esse</strong></span> <span class='ocrx_word' id='word_1_181' title='bbox 1620 1407 1703 1462; x_wconf 92' lang='lat' dir='ltr'><strong>dino-</strong></span> 
     </span>
     <span class='ocr_line' id='line_1_15' title="bbox 70 1478 1704 1564; baseline 0.002 -21"><span class='ocrx_word' id='word_1_182' title='bbox 70 1505 103 1543; x_wconf 90' lang='lat' dir='ltr'><strong>ns</strong></span> <span class='ocrx_word' id='word_1_183' title='bbox 121 1504 236 1544; x_wconf 88' lang='lat' dir='ltr'><strong>causam</strong></span> <span class='ocrx_word' id='word_1_184' title='bbox 255 1487 366 1544; x_wconf 82' lang='lat' dir='ltr'><strong>deterre</strong></span> <span class='ocrx_word' id='word_1_185' title='bbox 389 1488 486 1554; x_wconf 85' lang='lat' dir='ltr'><strong>fuerit,</strong></span> <span class='ocrx_word' id='word_1_186' title='bbox 508 1493 578 1543; x_wconf 88' lang='lat' dir='ltr'><strong>tunc</strong></span> <span class='ocrx_word' id='word_1_187' title='bbox 597 1489 632 1544; x_wconf 90' lang='lat' dir='ltr'><strong>ad</strong></span> <span class='ocrx_word' id='word_1_188' title='bbox 657 1491 719 1559; x_wconf 87' lang='lat' dir='ltr'><strong>ejus</strong></span> <span class='ocrx_word' id='word_1_189' title='bbox 741 1487 799 1559; x_wconf 91' lang='lat' dir='ltr'><strong>pri·</strong></span> <span class='ocrx_word' id='word_1_190' title='bbox 856 1493 954 1562; x_wconf 90' lang='lat' dir='ltr'><strong>scitur,</strong></span> <span class='ocrx_word' id='word_1_191' title='bbox 981 1497 1013 1549; x_wconf 89' lang='lat' dir='ltr'><strong>ut</strong></span> <span class='ocrx_word' id='word_1_192' title='bbox 1038 1493 1176 1564; x_wconf 87' lang='lat' dir='ltr'><strong>quiddam</strong></span> <span class='ocrx_word' id='word_1_193' title='bbox 1203 1493 1244 1548; x_wconf 92' lang='lat' dir='ltr'><strong>ibi</strong></span> <span class='ocrx_word' id='word_1_194' title='bbox 1271 1492 1405 1563; x_wconf 89' lang='lat' dir='ltr'><strong>disponat</strong></span> <span class='ocrx_word' id='word_1_195' title='bbox 1432 1495 1474 1546; x_wconf 87' lang='lat' dir='ltr'><strong>vet</strong></span> <span class='ocrx_word' id='word_1_196' title='bbox 1501 1478 1626 1559; x_wconf 86' lang='lat' dir='ltr'><strong>ordinet,</strong></span> <span class='ocrx_word' id='word_1_197' title='bbox 1655 1498 1704 1547; x_wconf 91' lang='lat' dir='ltr'><strong>aut</strong></span> 
     </span>
     <span class='ocr_line' id='line_1_16' title="bbox 81 1577 1704 1653; baseline 0.002 -20"><span class='ocrx_word' id='word_1_198' title='bbox 81 1579 145 1649; x_wconf 81' lang='lat' dir='ltr'><strong>ejus</strong></span> <span class='ocrx_word' id='word_1_199' title='bbox 160 1593 246 1632; x_wconf 89' lang='lat' dir='ltr'><strong>caasa</strong></span> <span class='ocrx_word' id='word_1_200' title='bbox 267 1577 422 1643; x_wconf 85' lang='lat' dir='ltr'><strong>deleratur,</strong></span> <span class='ocrx_word' id='word_1_201' title='bbox 447 1582 476 1632; x_wconf 87' lang='lat' dir='ltr'><strong>et</strong></span> <span class='ocrx_word' id='word_1_202' title='bbox 496 1593 586 1650; x_wconf 90' lang='lat' dir='ltr'><strong>penes</strong></span> <span class='ocrx_word' id='word_1_203' title='bbox 604 1578 700 1649; x_wconf 92' lang='lat' dir='ltr'><strong>ipsum</strong></span> <span class='ocrx_word' id='word_1_204' title='bbox 715 1578 801 1650; x_wconf 89' lang='lat' dir='ltr'><strong>hujus</strong></span> <span class='ocrx_word' id='word_1_205' title='bbox 853 1580 1020 1652; x_wconf 64' lang='lat' dir='ltr'><strong>judicabat</strong></span> <span class='ocrx_word' id='word_1_206' title='bbox 1048 1582 1093 1636; x_wconf 91' lang='lat' dir='ltr'><strong>sui</strong></span> <span class='ocrx_word' id='word_1_207' title='bbox 1120 1581 1226 1653; x_wconf 90' lang='lat' dir='ltr'><strong>gradus</strong></span> <span class='ocrx_word' id='word_1_208' title='bbox 1253 1581 1364 1636; x_wconf 93' lang='lat' dir='ltr'><strong>honore</strong></span> <span class='ocrx_word' id='word_1_209' title='bbox 1389 1581 1477 1652; x_wconf 88' lang='lat' dir='ltr'><strong>potiri</strong></span> <span class='ocrx_word' id='word_1_210' title='bbox 1498 1582 1629 1637; x_wconf 84' lang='lat' dir='ltr'><strong>voluerit.</strong></span> <span class='ocrx_word' id='word_1_211' title='bbox 1654 1581 1704 1637; x_wconf 90' lang='lat' dir='ltr'><strong>Sin</strong></span> 
     </span>
     <span class='ocr_line' id='line_1_17' title="bbox 78 1665 1703 1743; baseline 0.001 -21"><span class='ocrx_word' id='word_1_212' title='bbox 78 1667 155 1722; x_wconf 84' lang='lat' dir='ltr'><strong>sedis</strong></span> <span class='ocrx_word' id='word_1_213' title='bbox 169 1665 339 1722; x_wconf 86' lang='lat' dir='ltr'><strong>auctoritate</strong></span> <span class='ocrx_word' id='word_1_214' title='bbox 358 1666 515 1738; x_wconf 87' lang='lat' dir='ltr'><strong>judicetur.</strong></span> <span class='ocrx_word' id='word_1_215' title='bbox 541 1666 680 1722; x_wconf 88' lang='lat' dir='ltr'><strong>Similiter</strong></span> <span class='ocrx_word' id='word_1_216' title='bbox 702 1667 726 1720; x_wconf 91' lang='lat' dir='ltr'><strong>si</strong></span> <span class='ocrx_word' id='word_1_217' title='bbox 745 1667 800 1722; x_wconf 90' lang='lat' dir='ltr'><strong>ali·</strong></span> <span class='ocrx_word' id='word_1_218' title='bbox 855 1669 939 1725; x_wconf 88' lang='lat' dir='ltr'><strong>aliter</strong></span> <span class='ocrx_word' id='word_1_219' title='bbox 961 1669 1188 1743; x_wconf 66' lang='lat' dir='ltr'><strong>presumpserit,</strong></span> <span class='ocrx_word' id='word_1_220' title='bbox 1208 1668 1412 1725; x_wconf 86' lang='lat' dir='ltr'><strong>damnabitur:</strong></span> <span class='ocrx_word' id='word_1_221' title='bbox 1429 1670 1457 1723; x_wconf 92' lang='lat' dir='ltr'><strong>et</strong></span> <span class='ocrx_word' id='word_1_222' title='bbox 1471 1683 1529 1725; x_wconf 90' lang='lat' dir='ltr'><strong>non</strong></span> <span class='ocrx_word' id='word_1_223' title='bbox 1545 1669 1639 1725; x_wconf 88' lang='lat' dir='ltr'><strong>sotum</strong></span> <span class='ocrx_word' id='word_1_224' title='bbox 1654 1668 1703 1724; x_wconf 87' lang='lat' dir='ltr'><strong>ille</strong></span> 
     </span>
     <span class='ocr_line' id='line_1_18' title="bbox 70 1754 1704 1829; baseline 0.001 -20"><span class='ocrx_word' id='word_1_225' title='bbox 70 1755 248 1827; x_wconf 85' lang='lat' dir='ltr'><strong>piscoporum</strong></span> <span class='ocrx_word' id='word_1_226' title='bbox 270 1754 524 1825; x_wconf 89' lang='lat' dir='ltr'><strong>metropolitanum</strong></span> <span class='ocrx_word' id='word_1_227' title='bbox 554 1761 717 1827; x_wconf 88' lang='lat' dir='ltr'><strong>suspectum</strong></span> <span class='ocrx_word' id='word_1_228' title='bbox 746 1755 801 1810; x_wconf 91' lang='lat' dir='ltr'><strong>ha·</strong></span> <span class='ocrx_word' id='word_1_229' title='bbox 854 1759 905 1813; x_wconf 88' lang='lat' dir='ltr'><strong>aed</strong></span> <span class='ocrx_word' id='word_1_230' title='bbox 930 1763 1127 1829; x_wconf 86' lang='lat' dir='ltr'><strong>cooperantes,</strong></span> <span class='ocrx_word' id='word_1_231' title='bbox 1158 1757 1258 1829; x_wconf 90' lang='lat' dir='ltr'><strong>eisque</strong></span> <span class='ocrx_word' id='word_1_232' title='bbox 1282 1757 1504 1824; x_wconf 89' lang='lat' dir='ltr'><strong>consentientes,</strong></span> <span class='ocrx_word' id='word_1_233' title='bbox 1534 1757 1603 1829; x_wconf 89' lang='lat' dir='ltr'><strong>quia</strong></span> <span class='ocrx_word' id='word_1_234' title='bbox 1630 1757 1704 1814; x_wconf 89' lang='lat' dir='ltr'><strong>sicut</strong></span> 
     </span>
     <span class='ocr_line' id='line_1_19' title="bbox 81 1835 1703 1917; baseline 0.001 -19"><span class='ocrx_word' id='word_1_235' title='bbox 81 1843 157 1915; x_wconf 87' lang='lat' dir='ltr'><strong>apud</strong></span> <span class='ocrx_word' id='word_1_236' title='bbox 182 1842 336 1913; x_wconf 89' lang='lat' dir='ltr'><strong>primatem</strong></span> <span class='ocrx_word' id='word_1_237' title='bbox 363 1843 529 1913; x_wconf 67' lang='lat' dir='ltr'><strong>diaeceseos,</strong></span> <span class='ocrx_word' id='word_1_238' title='bbox 553 1847 603 1898; x_wconf 88' lang='lat' dir='ltr'><strong>ant</strong></span> <span class='ocrx_word' id='word_1_239' title='bbox 627 1843 702 1914; x_wconf 89' lang='lat' dir='ltr'><strong>apud</strong></span> <span class='ocrx_word' id='word_1_240' title='bbox 726 1843 800 1898; x_wconf 89' lang='lat' dir='ltr'><strong>hanc</strong></span> <span class='ocrx_word' id='word_1_241' title='bbox 855 1845 1009 1911; x_wconf 87' lang='lat' dir='ltr'><strong>ordinatio,</strong></span> <span class='ocrx_word' id='word_1_242' title='bbox 1037 1846 1077 1901; x_wconf 90' lang='lat' dir='ltr'><strong>ita</strong></span> <span class='ocrx_word' id='word_1_243' title='bbox 1098 1847 1160 1917; x_wconf 86' lang='lat' dir='ltr'><strong>ejus</strong></span> <span class='ocrx_word' id='word_1_244' title='bbox 1184 1851 1213 1900; x_wconf 91' lang='lat' dir='ltr'><strong>et</strong></span> <span class='ocrx_word' id='word_1_245' title='bbox 1231 1845 1383 1916; x_wconf 88' lang='lat' dir='ltr'><strong>judicatio,</strong></span> <span class='ocrx_word' id='word_1_246' title='bbox 1408 1850 1437 1900; x_wconf 91' lang='lat' dir='ltr'><strong>et</strong></span> <span class='ocrx_word' id='word_1_247' title='bbox 1460 1835 1582 1901; x_wconf 87' lang='lat' dir='ltr'><strong>aliarum</strong></span> <span class='ocrx_word' id='word_1_248' title='bbox 1606 1856 1703 1900; x_wconf 84' lang='lat' dir='ltr'><strong>rerum</strong></span> 
     </span>
     <span class='ocr_line' id='line_1_20' title="bbox 70 1930 1200 2004; baseline -0.001 -16"><span class='ocrx_word' id='word_1_249' title='bbox 70 1947 138 1988; x_wconf 78' lang='lat' dir='ltr'><strong>icam</strong></span> <span class='ocrx_word' id='word_1_250' title='bbox 152 1931 250 1987; x_wconf 89' lang='lat' dir='ltr'><strong>sedem</strong></span> <span class='ocrx_word' id='word_1_251' title='bbox 265 1930 408 1987; x_wconf 91' lang='lat' dir='ltr'><strong>audiatur.</strong></span> <span class='ocrx_word' id='word_1_252' title='bbox 853 1932 1006 2004; x_wconf 85' lang='lat' dir='ltr'><strong>dispositio</strong></span> <span class='ocrx_word' id='word_1_253' title='bbox 1020 1931 1200 2004; x_wconf 88' lang='lat' dir='ltr'><strong>prohibetur.</strong></span> 
     </span>
    </p>

    <p class='ocr_par' dir='ltr' id='par_1_5' title="bbox 70 2019 1588 2108">
     <span class='ocr_line' id='line_1_21' title="bbox 70 2019 1588 2108; baseline -0.002 -16"><span class='ocrx_word' id='word_1_254' title='bbox 70 2035 127 2092; x_wconf 85' lang='lat' dir='ltr'><strong>llv.</strong></span> <span class='ocrx_word' id='word_1_255' title='bbox 149 2065 184 2076; x_wconf 92' lang='lat'>-</span> <span class='ocrx_word' id='word_1_256' title='bbox 205 2037 239 2092; x_wconf 86' lang='lat' dir='ltr'><strong>Ut</strong></span> <span class='ocrx_word' id='word_1_257' title='bbox 250 2035 342 2106; x_wconf 80' lang='lat' dir='ltr'><strong>plebes</strong></span> <span class='ocrx_word' id='word_1_258' title='bbox 366 2037 469 2092; x_wconf 64' lang='lat' dir='ltr'><strong>alenus</strong></span> <span class='ocrx_word' id='word_1_259' title='bbox 485 2038 557 2092; x_wconf 85' lang='lat' dir='ltr'><strong>atius</strong></span> <span class='ocrx_word' id='word_1_260' title='bbox 580 2039 720 2108; x_wconf 82' lang='lat' dir='ltr'><strong>episcopus</strong></span> <span class='ocrx_word' id='word_1_261' title='bbox 744 2051 800 2092; x_wconf 80' lang='lat' dir='ltr'><strong>nan</strong></span> <span class='ocrx_word' id='word_1_262' title='bbox 969 2020 1033 2076; x_wconf 69' lang='lat'><strong>0³¹³·</strong></span> <span class='ocrx_word' id='word_1_263' title='bbox 1050 2019 1197 2074; x_wconf 67' lang='lat' dir='ltr'><strong>mm·-</strong></span> <span class='ocrx_word' id='word_1_264' title='bbox 1213 2023 1251 2074; x_wconf 70' lang='lat'><strong>⁰⁰</strong></span> <span class='ocrx_word' id='word_1_265' title='bbox 1263 2020 1429 2074; x_wconf 57' lang='lat' dir='ltr'><strong>mmmm</strong></span> <span class='ocrx_word' id='word_1_266' title='bbox 1442 2019 1588 2089; x_wconf 57' lang='lat' dir='ltr'><strong>timim·</strong></span> 
     </span>
    </p>

    <p class='ocr_par' dir='ltr' id='par_1_6' title="bbox 70 2105 1702 2446">
     <span class='ocr_line' id='line_1_22' title="bbox 204 2105 1702 2181; baseline 0.001 -20"><span class='ocrx_word' id='word_1_267' title='bbox 204 2141 206 2146; x_wconf 83' lang='lat'><strong>.</strong></span> <span class='ocrx_word' id='word_1_268' title='bbox 314 2111 435 2178; x_wconf 75' lang='lat' dir='ltr'><strong>usurpet.</strong></span> <span class='ocrx_word' id='word_1_269' title='bbox 890 2108 1054 2181; x_wconf 71' lang='lat' dir='ltr'><strong>(decennii.</strong></span> <span class='ocrx_word' id='word_1_270' title='bbox 1079 2109 1229 2164; x_wconf 75' lang='lat' dir='ltr'><strong>Araemen.</strong></span> <span class='ocrx_word' id='word_1_271' title='bbox 1254 2123 1315 2178; x_wconf 86' lang='lat' dir='ltr'><strong>cap.</strong></span> <span class='ocrx_word' id='word_1_272' title='bbox 1336 2111 1375 2177; x_wconf 79' lang='lat'><strong>3.)</strong></span> <span class='ocrx_word' id='word_1_273' title='bbox 1400 2107 1571 2178; x_wconf 84' lang='lat' dir='ltr'><strong>Quicunque</strong></span> <span class='ocrx_word' id='word_1_274' title='bbox 1591 2105 1702 2178; x_wconf 90' lang='lat' dir='ltr'><strong>episco-</strong></span> 
     </span>
     <span class='ocr_line' id='line_1_23' title="bbox 70 2192 1702 2270; baseline -0.002 -19"><span class='ocrx_word' id='word_1_275' title='bbox 70 2194 157 2251; x_wconf 72' lang='lat' dir='ltr'><strong>saca.</strong></span> <span class='ocrx_word' id='word_1_276' title='bbox 184 2192 410 2264; x_wconf 78' lang='lat' dir='ltr'><strong>Carthaginensi,</strong></span> <span class='ocrx_word' id='word_1_277' title='bbox 435 2211 497 2266; x_wconf 86' lang='lat' dir='ltr'><strong>cap.</strong></span> <span class='ocrx_word' id='word_1_278' title='bbox 525 2195 581 2265; x_wconf 81' lang='lat' dir='ltr'><strong>rs.)</strong></span> <span class='ocrx_word' id='word_1_279' title='bbox 605 2195 716 2250; x_wconf 87' lang='lat' dir='ltr'><strong>Placuit</strong></span> <span class='ocrx_word' id='word_1_280' title='bbox 737 2198 799 2251; x_wconf 89' lang='lat' dir='ltr'><strong>ula</strong></span> <span class='ocrx_word' id='word_1_281' title='bbox 853 2213 907 2270; x_wconf 91' lang='lat' dir='ltr'><strong>pus</strong></span> <span class='ocrx_word' id='word_1_282' title='bbox 944 2195 1062 2252; x_wconf 89' lang='lat' dir='ltr'><strong>atterius</strong></span> <span class='ocrx_word' id='word_1_283' title='bbox 1097 2195 1224 2268; x_wconf 90' lang='lat' dir='ltr'><strong>episcopi</strong></span> <span class='ocrx_word' id='word_1_284' title='bbox 1254 2194 1399 2251; x_wconf 87' lang='lat' dir='ltr'><strong>dioecesim</strong></span> <span class='ocrx_word' id='word_1_285' title='bbox 1427 2210 1480 2266; x_wconf 90' lang='lat' dir='ltr'><strong>per</strong></span> <span class='ocrx_word' id='word_1_286' title='bbox 1511 2195 1577 2252; x_wconf 82' lang='lat' dir='ltr'><strong>llei</strong></span> <span class='ocrx_word' id='word_1_287' title='bbox 1611 2210 1702 2249; x_wconf 88' lang='lat' dir='ltr'><strong>annos</strong></span> 
     </span>
     <span class='ocr_line' id='line_1_24' title="bbox 70 2281 1700 2357; baseline 0 -20"><span class='ocrx_word' id='word_1_288' title='bbox 70 2283 183 2355; x_wconf 86' lang='lat' dir='ltr'><strong>piscupa</strong></span> <span class='ocrx_word' id='word_1_289' title='bbox 199 2289 375 2354; x_wconf 88' lang='lat' dir='ltr'><strong>usurpentur</strong></span> <span class='ocrx_word' id='word_1_290' title='bbox 389 2283 487 2355; x_wconf 89' lang='lat' dir='ltr'><strong>plebes</strong></span> <span class='ocrx_word' id='word_1_291' title='bbox 501 2284 614 2350; x_wconf 80' lang='lat' dir='ltr'><strong>alienae,</strong></span> <span class='ocrx_word' id='word_1_292' title='bbox 632 2298 683 2337; x_wconf 88' lang='lat' dir='ltr'><strong>nec</strong></span> <span class='ocrx_word' id='word_1_293' title='bbox 695 2281 800 2354; x_wconf 91' lang='lat' dir='ltr'><strong>aliquis</strong></span> <span class='ocrx_word' id='word_1_294' title='bbox 853 2301 915 2340; x_wconf 83' lang='lat' dir='ltr'><strong>sine</strong></span> <span class='ocrx_word' id='word_1_295' title='bbox 938 2285 1036 2357; x_wconf 89' lang='lat' dir='ltr'><strong>aliqua</strong></span> <span class='ocrx_word' id='word_1_296' title='bbox 1060 2284 1290 2355; x_wconf 79' lang='lat' dir='ltr'><strong>interpellatione</strong></span> <span class='ocrx_word' id='word_1_297' title='bbox 1313 2282 1483 2355; x_wconf 86' lang='lat' dir='ltr'><strong>possederit,</strong></span> <span class='ocrx_word' id='word_1_298' title='bbox 1507 2283 1637 2354; x_wconf 85' lang='lat' dir='ltr'><strong>quamvis</strong></span> <span class='ocrx_word' id='word_1_299' title='bbox 1657 2298 1700 2337; x_wconf 89' lang='lat' dir='ltr'><strong>sc·</strong></span> 
     </span>
     <span class='ocr_line' id='line_1_25' title="bbox 70 2369 1702 2446; baseline -0.001 -19"><span class='ocrx_word' id='word_1_300' title='bbox 70 2386 154 2427; x_wconf 87' lang='lat' dir='ltr'><strong>orum</strong></span> <span class='ocrx_word' id='word_1_301' title='bbox 184 2370 420 2443; x_wconf 85' lang='lat' dir='ltr'><strong>supergrediatur</strong></span> <span class='ocrx_word' id='word_1_302' title='bbox 452 2371 481 2426; x_wconf 94' lang='lat' dir='ltr'><strong>in</strong></span> <span class='ocrx_word' id='word_1_303' title='bbox 514 2370 628 2427; x_wconf 70' lang='lat' dir='ltr'><strong>diaecesi</strong></span> <span class='ocrx_word' id='word_1_304' title='bbox 660 2371 799 2442; x_wconf 78' lang='lat' dir='ltr'><strong>collegam</strong></span> <span class='ocrx_word' id='word_1_305' title='bbox 852 2374 980 2429; x_wconf 91' lang='lat' dir='ltr'><strong>cundum</strong></span> <span class='ocrx_word' id='word_1_306' title='bbox 1000 2373 1049 2446; x_wconf 88' lang='lat' dir='ltr'><strong>jus</strong></span> <span class='ocrx_word' id='word_1_307' title='bbox 1071 2373 1143 2444; x_wconf 89' lang='lat' dir='ltr'><strong>legis</strong></span> <span class='ocrx_word' id='word_1_308' title='bbox 1166 2372 1229 2443; x_wconf 88' lang='lat' dir='ltr'><strong>ejus</strong></span> <span class='ocrx_word' id='word_1_309' title='bbox 1255 2370 1387 2427; x_wconf 81' lang='lat' dir='ltr'><strong>videatur</strong></span> <span class='ocrx_word' id='word_1_310' title='bbox 1405 2387 1466 2426; x_wconf 88' lang='lat' dir='ltr'><strong>esse</strong></span> <span class='ocrx_word' id='word_1_311' title='bbox 1489 2370 1627 2439; x_wconf 87' lang='lat' dir='ltr'><strong>dioecesia,</strong></span> <span class='ocrx_word' id='word_1_312' title='bbox 1652 2369 1702 2426; x_wconf 92' lang='lat' dir='ltr'><strong>ad·</strong></span> 
     </span>
    </p>

    <p class='ocr_par' dir='ltr' id='par_1_7' title="bbox 70 2457 1702 2633">
     <span class='ocr_line' id='line_1_26' title="bbox 853 2457 1702 2530; baseline -0.006 -13"><span class='ocrx_word' id='word_1_313' title='bbox 853 2462 994 2517; x_wconf 87' lang='lat' dir='ltr'><strong>mittenda</strong></span> <span class='ocrx_word' id='word_1_314' title='bbox 1009 2475 1069 2517; x_wconf 91' lang='lat' dir='ltr'><strong>non</strong></span> <span class='ocrx_word' id='word_1_315' title='bbox 1084 2464 1128 2516; x_wconf 88' lang='lat' dir='ltr'><strong>est</strong></span> <span class='ocrx_word' id='word_1_316' title='bbox 1150 2466 1249 2515; x_wconf 90' lang='lat' dir='ltr'><strong>contra</strong></span> <span class='ocrx_word' id='word_1_317' title='bbox 1267 2475 1334 2514; x_wconf 89' lang='lat' dir='ltr'><strong>eum</strong></span> <span class='ocrx_word' id='word_1_318' title='bbox 1349 2459 1422 2514; x_wconf 90' lang='lat' dir='ltr'><strong>actio</strong></span> <span class='ocrx_word' id='word_1_319' title='bbox 1446 2458 1634 2530; x_wconf 86' lang='lat' dir='ltr'><strong>reposcendi:</strong></span> <span class='ocrx_word' id='word_1_320' title='bbox 1651 2457 1702 2512; x_wconf 89' lang='lat' dir='ltr'><strong>scd</strong></span> 
     </span>
     <span class='ocr_line' id='line_1_27' title="bbox 70 2547 1701 2633; baseline -0.004 -28"><span class='ocrx_word' id='word_1_321' title='bbox 70 2562 123 2618; x_wconf 73' lang='lat' dir='ltr'><strong>gv,</strong></span> <span class='ocrx_word' id='word_1_322' title='bbox 161 2592 191 2602; x_wconf 91' lang='lat'><strong>..</strong></span> <span class='ocrx_word' id='word_1_323' title='bbox 234 2565 268 2618; x_wconf 74' lang='lat' dir='ltr'><strong>m</strong></span> <span class='ocrx_word' id='word_1_324' title='bbox 307 2563 399 2619; x_wconf 62' lang='lat' dir='ltr'><strong>nullu,</strong></span> <span class='ocrx_word' id='word_1_325' title='bbox 436 2566 659 2633; x_wconf 60' lang='lat' dir='ltr'><strong>metropolem</strong></span> <span class='ocrx_word' id='word_1_326' title='bbox 699 2563 801 2633; x_wconf 63' lang='lat' dir='ltr'><strong>apsque</strong></span> <span class='ocrx_word' id='word_1_327' title='bbox 854 2551 908 2605; x_wconf 90' lang='lat' dir='ltr'><strong>boc</strong></span> <span class='ocrx_word' id='word_1_328' title='bbox 931 2550 1108 2605; x_wconf 89' lang='lat' dir='ltr'><strong>intrauuam</strong></span> <span class='ocrx_word' id='word_1_329' title='bbox 1125 2549 1302 2620; x_wconf 86' lang='lat' dir='ltr'><strong>parochiam,</strong></span> <span class='ocrx_word' id='word_1_330' title='bbox 1320 2554 1398 2603; x_wconf 84' lang='lat' dir='ltr'><strong>extra</strong></span> <span class='ocrx_word' id='word_1_331' title='bbox 1414 2547 1576 2602; x_wconf 83' lang='lat' dir='ltr'><strong>veronulla</strong></span> <span class='ocrx_word' id='word_1_332' title='bbox 1592 2547 1701 2602; x_wconf 90' lang='lat' dir='ltr'><strong>modo:</strong></span> 
     </span>
    </p>
   </div>
   <div class='ocr_carea' id='block_1_5' title="bbox 70 2633 1701 2782">
    <p class='ocr_par' dir='ltr' id='par_1_8' title="bbox 70 2633 1701 2782">
     <span class='ocr_line' id='line_1_28' title="bbox 70 2633 1701 2708; baseline 0.001 -20"><span class='ocrx_word' id='word_1_333' title='bbox 70 2649 106 2688; x_wconf 83' lang='lat' dir='ltr'><strong>un</strong></span> <span class='ocrx_word' id='word_1_334' title='bbox 141 2635 409 2703; x_wconf 81' lang='lat' dir='ltr'><strong>comprovincialium</strong></span> <span class='ocrx_word' id='word_1_335' title='bbox 440 2638 626 2706; x_wconf 83' lang='lat' dir='ltr'><strong>episcoporum</strong></span> <span class='ocrx_word' id='word_1_336' title='bbox 651 2637 800 2704; x_wconf 75' lang='lat' dir='ltr'><strong>praesentia</strong></span> <span class='ocrx_word' id='word_1_337' title='bbox 853 2654 900 2704; x_wconf 87' lang='lat' dir='ltr'><strong>ne,</strong></span> <span class='ocrx_word' id='word_1_338' title='bbox 924 2638 994 2694; x_wconf 90' lang='lat' dir='ltr'><strong>dum</strong></span> <span class='ocrx_word' id='word_1_339' title='bbox 1015 2638 1146 2694; x_wconf 86' lang='lat' dir='ltr'><strong>dioecesis</strong></span> <span class='ocrx_word' id='word_1_340' title='bbox 1167 2636 1342 2706; x_wconf 81' lang='lat' dir='ltr'><strong>detenditur,</strong></span> <span class='ocrx_word' id='word_1_341' title='bbox 1356 2635 1570 2708; x_wconf 81' lang='lat' dir='ltr'><strong>prouinciarum</strong></span> <span class='ocrx_word' id='word_1_342' title='bbox 1586 2633 1701 2691; x_wconf 84' lang='lat' dir='ltr'><strong>teriuini</strong></span> 
     </span>
     <span class='ocr_line' id='line_1_29' title="bbox 70 2704 1076 2782; baseline -0.001 -2"><span class='ocrx_word' id='word_1_343' title='bbox 70 2719 142 2759; x_wconf 63' lang='lat' dir='ltr'><strong>&#39;mm</strong></span> <span class='ocrx_word' id='word_1_344' title='bbox 157 2704 255 2759; x_wconf 52' lang='lat' dir='ltr'><strong>‘mdia‘</strong></span> <span class='ocrx_word' id='word_1_345' title='bbox 269 2720 376 2760; x_wconf 57' lang='lat' dir='ltr'><strong>mm·</strong></span> <span class='ocrx_word' id='word_1_346' title='bbox 852 2726 1076 2782; x_wconf 80' lang='lat' dir='ltr'><strong>confundantur.</strong></span> 
     </span>
    </p>
   </div>
   <div class='ocr_carea' id='block_1_6' title="bbox 70 2809 1702 2978">
    <p class='ocr_par' dir='ltr' id='par_1_9' title="bbox 70 2809 1702 2978">
     <span class='ocr_line' id='line_1_30' title="bbox 70 2809 1702 2901; baseline 0.003 -21"><span class='ocrx_word' id='word_1_347' title='bbox 70 2812 147 2880; x_wconf 69' lang='lat' dir='ltr'><strong>epae.</strong></span> <span class='ocrx_word' id='word_1_348' title='bbox 173 2811 264 2883; x_wconf 66' lang='lat' dir='ltr'><strong>[sinit</strong></span> <span class='ocrx_word' id='word_1_349' title='bbox 290 2826 370 2881; x_wconf 64' lang='lat' dir='ltr'><strong>naue</strong></span> <span class='ocrx_word' id='word_1_350' title='bbox 408 2812 511 2865; x_wconf 67' lang='lat' dir='ltr'><strong>cancie</strong></span> <span class='ocrx_word' id='word_1_351' title='bbox 543 2809 671 2881; x_wconf 62' lang='lat' dir='ltr'><strong>saerata</strong></span> <span class='ocrx_word' id='word_1_352' title='bbox 695 2814 798 2879; x_wconf 76' lang='lat' dir='ltr'><strong>mese,</strong></span> <span class='ocrx_word' id='word_1_353' title='bbox 853 2832 917 2887; x_wconf 71' lang='lat' dir='ltr'><strong>cn.</strong></span> <span class='ocrx_word' id='word_1_354' title='bbox 940 2832 1053 2887; x_wconf 73' lang='lat' dir='ltr'><strong>lxviii.</strong></span> <span class='ocrx_word' id='word_1_355' title='bbox 1076 2861 1110 2871; x_wconf 91' lang='lat'><em>-</em></span> <span class='ocrx_word' id='word_1_356' title='bbox 1132 2832 1167 2887; x_wconf 75' lang='lat' dir='ltr'><strong>ns</strong></span> <span class='ocrx_word' id='word_1_357' title='bbox 1188 2832 1308 2901; x_wconf 68' lang='lat' dir='ltr'><strong>apocope</strong></span> <span class='ocrx_word' id='word_1_358' title='bbox 1332 2832 1380 2900; x_wconf 75' lang='lat' dir='ltr'><strong>qus</strong></span> <span class='ocrx_word' id='word_1_359' title='bbox 1408 2829 1702 2899; x_wconf 65' lang='lat' dir='ltr'><strong>sepenominatus</strong></span> 
     </span>
     <span class='ocr_line' id='line_1_31' title="bbox 70 2899 1651 2978; baseline -0.001 -22"><span class='ocrx_word' id='word_1_360' title='bbox 70 2900 81 2971; x_wconf 88' lang='lat'>&gt;</span> <span class='ocrx_word' id='word_1_361' title='bbox 106 2899 260 2978; x_wconf 77' lang='lat' dir='ltr'><strong>Caeterum,</strong></span> <span class='ocrx_word' id='word_1_362' title='bbox 287 2900 400 2964; x_wconf 86' lang='lat' dir='ltr'><strong>iratres,</strong></span> <span class='ocrx_word' id='word_1_363' title='bbox 427 2900 504 2954; x_wconf 81' lang='lat' dir='ltr'><strong>salvo</strong></span> <span class='ocrx_word' id='word_1_364' title='bbox 529 2900 559 2955; x_wconf 92' lang='lat' dir='ltr'><strong>in</strong></span> <span class='ocrx_word' id='word_1_365' title='bbox 583 2900 716 2956; x_wconf 90' lang='lat' dir='ltr'><strong>omnihus</strong></span> <span class='ocrx_word' id='word_1_366' title='bbox 744 2902 835 2968; x_wconf 82' lang='lat' dir='ltr'><strong>lto-c</strong></span> <span class='ocrx_word' id='word_1_367' title='bbox 902 2904 1028 2958; x_wconf 78' lang='lat' dir='ltr'><strong>avisinas</strong></span> <span class='ocrx_word' id='word_1_368' title='bbox 1043 2904 1186 2972; x_wconf 83' lang='lat' dir='ltr'><strong>episcopis,</strong></span> <span class='ocrx_word' id='word_1_369' title='bbox 1202 2907 1232 2956; x_wconf 88' lang='lat' dir='ltr'><strong>ut</strong></span> <span class='ocrx_word' id='word_1_370' title='bbox 1246 2917 1273 2957; x_wconf 87' lang='lat' dir='ltr'><strong>se</strong></span> <span class='ocrx_word' id='word_1_371' title='bbox 1285 2907 1434 2970; x_wconf 70' lang='lat' dir='ltr'><strong>cunigunt,</strong></span> <span class='ocrx_word' id='word_1_372' title='bbox 1446 2903 1651 2956; x_wconf 84' lang='lat' dir='ltr'><strong>admoneantur.</strong></span> 
     </span>
    </p>
   </div>
   <div class='ocr_carea' id='block_1_7' title="bbox 70 2986 1751 3503">
    <p class='ocr_par' dir='ltr' id='par_1_10' title="bbox 70 2986 1751 3503">
     <span class='ocr_line' id='line_1_32' title="bbox 79 2986 1733 3069; baseline -0.001 -27"><span class='ocrx_word' id='word_1_373' title='bbox 79 2986 205 3042; x_wconf 81' lang='lat' dir='ltr'><strong>ccclesias</strong></span> <span class='ocrx_word' id='word_1_374' title='bbox 236 2986 399 3059; x_wconf 81' lang='lat' dir='ltr'><strong>privilegio,</strong></span> <span class='ocrx_word' id='word_1_375' title='bbox 432 2987 529 3041; x_wconf 91' lang='lat' dir='ltr'><strong>nultus</strong></span> <span class='ocrx_word' id='word_1_376' title='bbox 561 2989 800 3060; x_wconf 89' lang='lat' dir='ltr'><strong>metropolitanus</strong></span> <span class='ocrx_word' id='word_1_377' title='bbox 892 2990 947 3062; x_wconf 78' lang='lat' dir='ltr'><strong>(liar</strong></span> <span class='ocrx_word' id='word_1_378' title='bbox 967 2991 1078 3046; x_wconf 84' lang='lat' dir='ltr'><strong>concilio</strong></span> <span class='ocrx_word' id='word_1_379' title='bbox 1098 2992 1249 3058; x_wconf 63' lang='lat' dir='ltr'><strong>Africano,</strong></span> <span class='ocrx_word' id='word_1_380' title='bbox 1270 3005 1330 3058; x_wconf 88' lang='lat' dir='ltr'><strong>cap.</strong></span> <span class='ocrx_word' id='word_1_381' title='bbox 1356 2991 1412 3056; x_wconf 75' lang='lat'><strong>76.)</strong></span> <span class='ocrx_word' id='word_1_382' title='bbox 1431 2989 1501 3043; x_wconf 89' lang='lat' dir='ltr'><strong>ltem</strong></span> <span class='ocrx_word' id='word_1_383' title='bbox 1526 2988 1644 3059; x_wconf 87' lang='lat' dir='ltr'><strong>placuit,</strong></span> <span class='ocrx_word' id='word_1_384' title='bbox 1671 2991 1733 3069; x_wconf 43' lang='lat' dir='ltr'><strong>nt.</strong></span> 
     </span>
     <span class='ocr_line' id='line_1_33' title="bbox 73 3074 1751 3151; baseline -0.001 -21"><span class='ocrx_word' id='word_1_385' title='bbox 73 3079 243 3130; x_wconf 83' lang='lat' dir='ltr'><strong>caeterorum</strong></span> <span class='ocrx_word' id='word_1_386' title='bbox 254 3074 385 3130; x_wconf 93' lang='lat' dir='ltr'><strong>omnium</strong></span> <span class='ocrx_word' id='word_1_387' title='bbox 396 3075 683 3146; x_wconf 86' lang='lat' dir='ltr'><strong>comprovincialium</strong></span> <span class='ocrx_word' id='word_1_388' title='bbox 693 3077 801 3148; x_wconf 90' lang='lat' dir='ltr'><strong>episco-</strong></span> <span class='ocrx_word' id='word_1_389' title='bbox 856 3078 1185 3151; x_wconf 88' lang='lat' dir='ltr'><strong>quicunqaenegligaut</strong></span> <span class='ocrx_word' id='word_1_390' title='bbox 1201 3078 1310 3132; x_wconf 87' lang='lat' dir='ltr'><strong>locaad</strong></span> <span class='ocrx_word' id='word_1_391' title='bbox 1326 3093 1407 3131; x_wconf 87' lang='lat' dir='ltr'><strong>suem</strong></span> <span class='ocrx_word' id='word_1_392' title='bbox 1430 3075 1593 3131; x_wconf 85' lang='lat' dir='ltr'><strong>cathedram</strong></span> <span class='ocrx_word' id='word_1_393' title='bbox 1613 3075 1703 3146; x_wconf 86' lang='lat' dir='ltr'><strong>perti·</strong></span> <span class='ocrx_word' id='word_1_394' title='bbox 1747 3086 1751 3091; x_wconf 85' lang='grc'><em>·</em></span> 
     </span>
     <span class='ocr_line' id='line_1_34' title="bbox 86 3163 1704 3236; baseline -0.001 -18"><span class='ocrx_word' id='word_1_395' title='bbox 86 3163 234 3232; x_wconf 84' lang='lat' dir='ltr'><strong>instantia,</strong></span> <span class='ocrx_word' id='word_1_396' title='bbox 262 3164 426 3236; x_wconf 90' lang='lat' dir='ltr'><strong>aliquorum</strong></span> <span class='ocrx_word' id='word_1_397' title='bbox 454 3163 552 3219; x_wconf 88' lang='lat' dir='ltr'><strong>audiat</strong></span> <span class='ocrx_word' id='word_1_398' title='bbox 577 3180 676 3219; x_wconf 88' lang='lat' dir='ltr'><strong>causas</strong></span> <span class='ocrx_word' id='word_1_399' title='bbox 700 3182 707 3220; x_wconf 75' lang='grc' dir='ltr'><strong>ι</strong></span> <span class='ocrx_word' id='word_1_400' title='bbox 732 3165 800 3236; x_wconf 93' lang='lat' dir='ltr'><strong>quia</strong></span> <span class='ocrx_word' id='word_1_401' title='bbox 856 3166 955 3222; x_wconf 88' lang='lat' dir='ltr'><strong>nentia</strong></span> <span class='ocrx_word' id='word_1_402' title='bbox 967 3167 998 3222; x_wconf 92' lang='lat' dir='ltr'><strong>in</strong></span> <span class='ocrx_word' id='word_1_403' title='bbox 1019 3166 1188 3222; x_wconf 88' lang='lat' dir='ltr'><strong>catholicam</strong></span> <span class='ocrx_word' id='word_1_404' title='bbox 1212 3166 1349 3221; x_wconf 88' lang='lat' dir='ltr'><strong>unitatem</strong></span> <span class='ocrx_word' id='word_1_405' title='bbox 1366 3166 1480 3234; x_wconf 88' lang='lat' dir='ltr'><strong>lucrari,</strong></span> <span class='ocrx_word' id='word_1_406' title='bbox 1495 3164 1704 3221; x_wconf 83' lang='lat' dir='ltr'><strong>conveniantur</strong></span> 
     </span>
     <span class='ocr_line' id='line_1_35' title="bbox 70 3252 1703 3334; baseline -0.001 -27"><span class='ocrx_word' id='word_1_407' title='bbox 70 3256 145 3307; x_wconf 76' lang='lat' dir='ltr'><strong>irunt</strong></span> <span class='ocrx_word' id='word_1_408' title='bbox 168 3252 253 3307; x_wconf 87' lang='lat' dir='ltr'><strong>aliter</strong></span> <span class='ocrx_word' id='word_1_409' title='bbox 266 3257 348 3319; x_wconf 82' lang='lat' dir='ltr'><strong>actae,</strong></span> <span class='ocrx_word' id='word_1_410' title='bbox 373 3253 506 3324; x_wconf 91' lang='lat' dir='ltr'><strong>qnamin</strong></span> <span class='ocrx_word' id='word_1_411' title='bbox 528 3258 682 3334; x_wconf 25' lang='lat' dir='ltr'><strong>con-spectu</strong></span> <span class='ocrx_word' id='word_1_412' title='bbox 699 3269 800 3309; x_wconf 87' lang='lat' dir='ltr'><strong>eorum</strong></span> <span class='ocrx_word' id='word_1_413' title='bbox 855 3272 873 3310; x_wconf 92' lang='lat' dir='ltr'><strong>a</strong></span> <span class='ocrx_word' id='word_1_414' title='bbox 899 3254 1086 3327; x_wconf 77' lang='lat' dir='ltr'><strong>diligentibus</strong></span> <span class='ocrx_word' id='word_1_415' title='bbox 1114 3254 1214 3309; x_wconf 90' lang='lat' dir='ltr'><strong>vicinis</strong></span> <span class='ocrx_word' id='word_1_416' title='bbox 1238 3253 1391 3325; x_wconf 88' lang='lat' dir='ltr'><strong>episcopis,</strong></span> <span class='ocrx_word' id='word_1_417' title='bbox 1422 3259 1455 3309; x_wconf 91' lang='lat' dir='ltr'><strong>ut</strong></span> <span class='ocrx_word' id='word_1_418' title='bbox 1482 3253 1510 3309; x_wconf 94' lang='lat' dir='ltr'><strong>id</strong></span> <span class='ocrx_word' id='word_1_419' title='bbox 1535 3268 1621 3325; x_wconf 88' lang='lat' dir='ltr'><strong>agere</strong></span> <span class='ocrx_word' id='word_1_420' title='bbox 1645 3267 1703 3307; x_wconf 92' lang='lat' dir='ltr'><strong>non</strong></span> 
     </span>
     <span class='ocr_line' id='line_1_36' title="bbox 70 3341 1719 3412; baseline 0 -17"><span class='ocrx_word' id='word_1_421' title='bbox 70 3357 86 3396; x_wconf 93' lang='lat' dir='ltr'><strong>n</strong></span> <span class='ocrx_word' id='word_1_422' title='bbox 108 3342 260 3396; x_wconf 80' lang='lat' dir='ltr'><strong>venhlatae.</strong></span> <span class='ocrx_word' id='word_1_423' title='bbox 285 3342 317 3396; x_wconf 86' lang='lat' dir='ltr'><strong>lit</strong></span> <span class='ocrx_word' id='word_1_424' title='bbox 339 3341 400 3412; x_wconf 90' lang='lat' dir='ltr'><strong>ipae</strong></span> <span class='ocrx_word' id='word_1_425' title='bbox 424 3341 449 3396; x_wconf 91' lang='lat' dir='ltr'><strong>si</strong></span> <span class='ocrx_word' id='word_1_426' title='bbox 471 3341 580 3409; x_wconf 85' lang='lat' dir='ltr'><strong>iecerit,</strong></span> <span class='ocrx_word' id='word_1_427' title='bbox 604 3346 802 3398; x_wconf 87' lang='lat' dir='ltr'><strong>coerceatura</strong></span> <span class='ocrx_word' id='word_1_428' title='bbox 856 3348 1013 3399; x_wconf 84' lang='lat' dir='ltr'><strong>morentur.</strong></span> <span class='ocrx_word' id='word_1_429' title='bbox 1038 3343 1158 3409; x_wconf 82' lang='lat' dir='ltr'><strong>Quodsi</strong></span> <span class='ocrx_word' id='word_1_430' title='bbox 1181 3343 1257 3398; x_wconf 87' lang='lat' dir='ltr'><strong>intra</strong></span> <span class='ocrx_word' id='word_1_431' title='bbox 1270 3359 1317 3397; x_wconf 83' lang='lat' dir='ltr'><strong>sex</strong></span> <span class='ocrx_word' id='word_1_432' title='bbox 1344 3356 1456 3399; x_wconf 84' lang='lat' dir='ltr'><strong>menses</strong></span> <span class='ocrx_word' id='word_1_433' title='bbox 1481 3358 1498 3396; x_wconf 95' lang='lat' dir='ltr'><strong>a</strong></span> <span class='ocrx_word' id='word_1_434' title='bbox 1519 3341 1565 3398; x_wconf 88' lang='lat' dir='ltr'><strong>die</strong></span> <span class='ocrx_word' id='word_1_435' title='bbox 1579 3355 1719 3396; x_wconf 51' lang='lat' dir='ltr'><strong>consens</strong></span> 
     </span>
     <span class='ocr_line' id='line_1_37' title="bbox 70 3427 1704 3503; baseline 0 -19"><span class='ocrx_word' id='word_1_436' title='bbox 70 3447 90 3484; x_wconf 86' lang='lat' dir='ltr'><strong>u</strong></span> <span class='ocrx_word' id='word_1_437' title='bbox 856 3431 943 3487; x_wconf 91' lang='lat' dir='ltr'><strong>tionis</strong></span> <span class='ocrx_word' id='word_1_438' title='bbox 966 3448 1024 3487; x_wconf 94' lang='lat' dir='ltr'><strong>non</strong></span> <span class='ocrx_word' id='word_1_439' title='bbox 1053 3431 1209 3497; x_wconf 82' lang='lat' dir='ltr'><strong>effecerint,</strong></span> <span class='ocrx_word' id='word_1_440' title='bbox 1236 3431 1286 3503; x_wconf 92' lang='lat' dir='ltr'><strong>qui</strong></span> <span class='ocrx_word' id='word_1_441' title='bbox 1312 3433 1440 3503; x_wconf 88' lang='lat' dir='ltr'><strong>potuerit</strong></span> <span class='ocrx_word' id='word_1_442' title='bbox 1463 3447 1510 3486; x_wconf 90' lang='lat' dir='ltr'><strong>eas</strong></span> <span class='ocrx_word' id='word_1_443' title='bbox 1533 3430 1648 3499; x_wconf 86' lang='lat' dir='ltr'><strong>lucrari,</strong></span> <span class='ocrx_word' id='word_1_444' title='bbox 1668 3427 1704 3484; x_wconf 87' lang='lat' dir='ltr'><strong>ed</strong></span> 
     </span>
    </p>
   </div>
   <div class='ocr_carea' id='block_1_8' title="bbox 70 3517 1704 3678">
    <p class='ocr_par' dir='ltr' id='par_1_11' title="bbox 70 3517 1704 3678">
     <span class='ocr_line' id='line_1_38' title="bbox 70 3517 1703 3591; baseline -0.001 -17"><span class='ocrx_word' id='word_1_445' title='bbox 70 3518 132 3574; x_wconf 78' lang='lat' dir='ltr'><strong>tvl.</strong></span> <span class='ocrx_word' id='word_1_446' title='bbox 157 3548 192 3560; x_wconf 90' lang='lat'><em>-</em></span> <span class='ocrx_word' id='word_1_447' title='bbox 217 3521 251 3574; x_wconf 85' lang='lat' dir='ltr'><strong>Ut</strong></span> <span class='ocrx_word' id='word_1_448' title='bbox 273 3519 364 3574; x_wconf 87' lang='lat' dir='ltr'><strong>nullus</strong></span> <span class='ocrx_word' id='word_1_449' title='bbox 383 3521 491 3589; x_wconf 83' lang='lat' dir='ltr'><strong>primas</strong></span> <span class='ocrx_word' id='word_1_450' title='bbox 513 3521 554 3575; x_wconf 88' lang='lat' dir='ltr'><strong>uel</strong></span> <span class='ocrx_word' id='word_1_451' title='bbox 578 3520 802 3589; x_wconf 83' lang='lat' dir='ltr'><strong>metropolitanus</strong></span> <span class='ocrx_word' id='word_1_452' title='bbox 856 3519 949 3589; x_wconf 89' lang='lat' dir='ltr'><strong>ipsum</strong></span> <span class='ocrx_word' id='word_1_453' title='bbox 965 3519 1130 3591; x_wconf 86' lang='lat' dir='ltr'><strong>pertineant</strong></span> <span class='ocrx_word' id='word_1_454' title='bbox 1145 3536 1152 3574; x_wconf 74' lang='grc' dir='ltr'><strong>ε</strong></span> <span class='ocrx_word' id='word_1_455' title='bbox 1169 3519 1209 3574; x_wconf 89' lang='lat' dir='ltr'><strong>ita</strong></span> <span class='ocrx_word' id='word_1_456' title='bbox 1220 3535 1299 3586; x_wconf 90' lang='lat' dir='ltr'><strong>sane,</strong></span> <span class='ocrx_word' id='word_1_457' title='bbox 1314 3526 1346 3574; x_wconf 92' lang='lat' dir='ltr'><strong>ut</strong></span> <span class='ocrx_word' id='word_1_458' title='bbox 1360 3519 1384 3574; x_wconf 89' lang='lat' dir='ltr'><strong>si</strong></span> <span class='ocrx_word' id='word_1_459' title='bbox 1398 3521 1446 3574; x_wconf 89' lang='lat' dir='ltr'><strong>ille</strong></span> <span class='ocrx_word' id='word_1_460' title='bbox 1463 3521 1497 3575; x_wconf 90' lang='lat' dir='ltr'><strong>ad</strong></span> <span class='ocrx_word' id='word_1_461' title='bbox 1509 3535 1594 3590; x_wconf 89' lang='lat' dir='ltr'><strong>quem</strong></span> <span class='ocrx_word' id='word_1_462' title='bbox 1614 3517 1703 3590; x_wconf 86' lang='lat' dir='ltr'><strong>perti·</strong></span> 
     </span>
     <span class='ocr_line' id='line_1_39' title="bbox 70 3589 1704 3678; baseline 0.002 -22"><span class='ocrx_word' id='word_1_463' title='bbox 70 3589 226 3656; x_wconf 55' lang='lat' dir='ltr'><strong>Madame</strong></span> <span class='ocrx_word' id='word_1_464' title='bbox 245 3591 383 3657; x_wconf 60' lang='grc' dir='ltr'><strong>Εΰθῑθὸῑῑδ,</strong></span> <span class='ocrx_word' id='word_1_465' title='bbox 406 3590 448 3644; x_wconf 64' lang='lat' dir='ltr'><strong>vel</strong></span> <span class='ocrx_word' id='word_1_466' title='bbox 470 3591 609 3658; x_wconf 53' lang='lat' dir='ltr'><strong>P⁰r⁰⁶7¹²⁶⁸³</strong></span> <span class='ocrx_word' id='word_1_467' title='bbox 631 3593 800 3660; x_wconf 57' lang='grc' dir='ltr'><strong>θθθψνθυῡῑ·</strong></span> <span class='ocrx_word' id='word_1_468' title='bbox 856 3607 953 3662; x_wconf 87' lang='lat' dir='ltr'><strong>unisse</strong></span> <span class='ocrx_word' id='word_1_469' title='bbox 986 3606 1163 3671; x_wconf 81' lang='lat' dir='ltr'><strong>videbantur,</strong></span> <span class='ocrx_word' id='word_1_470' title='bbox 1193 3607 1315 3678; x_wconf 88' lang='lat' dir='ltr'><strong>probare</strong></span> <span class='ocrx_word' id='word_1_471' title='bbox 1342 3607 1479 3677; x_wconf 88' lang='lat' dir='ltr'><strong>potuerit,</strong></span> <span class='ocrx_word' id='word_1_472' title='bbox 1510 3606 1601 3676; x_wconf 89' lang='lat' dir='ltr'><strong>magis</strong></span> <span class='ocrx_word' id='word_1_473' title='bbox 1627 3605 1704 3660; x_wconf 91' lang='lat' dir='ltr'><strong>illins</strong></span> 
     </span>
    </p>
   </div>
   <div class='ocr_carea' id='block_1_9' title="bbox 70 3661 1703 3802">
    <p class='ocr_par' dir='ltr' id='par_1_12' title="bbox 70 3661 1703 3802">
     <span class='ocr_line' id='line_1_40' title="bbox 70 3661 1703 3802; baseline 0.01 -72"><span class='ocrx_word' id='word_1_474' title='bbox 70 3661 802 3802; x_wconf 44' lang='grc' dir='ltr'><strong>Ῡωῖἒῗξῖρὲκῗῖᾰω,θ’θεάίθέρξὲζῖᾯιίῧῗὲἑωαὲἑὲξ</strong></span> <span class='ocrx_word' id='word_1_475' title='bbox 856 3697 982 3767; x_wconf 86' lang='lat' dir='ltr'><strong>electam¹</strong></span> <span class='ocrx_word' id='word_1_476' title='bbox 999 3693 1207 3766; x_wconf 76' lang='lat' dir='ltr'><strong>negligentiam</strong></span> <span class='ocrx_word' id='word_1_477' title='bbox 1230 3694 1265 3749; x_wconf 88' lang='lat' dir='ltr'><strong>ab</strong></span> <span class='ocrx_word' id='word_1_478' title='bbox 1291 3694 1444 3762; x_wconf 81' lang='lat' dir='ltr'><strong>haereticis,</strong></span> <span class='ocrx_word' id='word_1_479' title='bbox 1467 3698 1500 3749; x_wconf 91' lang='lat' dir='ltr'><strong>ui</strong></span> <span class='ocrx_word' id='word_1_480' title='bbox 1521 3695 1641 3765; x_wconf 88' lang='lat' dir='ltr'><strong>impune</strong></span> <span class='ocrx_word' id='word_1_481' title='bbox 1663 3693 1703 3747; x_wconf 93' lang='lat' dir='ltr'><strong>ibi</strong></span> 
     </span>
    </p>
   </div>
   <div class='ocr_carea' id='block_1_10' title="bbox 70 3780 1704 3942">
    <p class='ocr_par' dir='ltr' id='par_1_13' title="bbox 70 3780 1704 3942">
     <span class='ocr_line' id='line_1_41' title="bbox 71 3780 1704 3872; baseline -0.004 -31"><span class='ocrx_word' id='word_1_482' title='bbox 71 3801 130 3868; x_wconf 62' lang='lat' dir='ltr'><strong>,jug</strong></span> <span class='ocrx_word' id='word_1_483' title='bbox 153 3803 273 3869; x_wconf 55' lang='lat' dir='ltr'><strong>commo,</strong></span> <span class='ocrx_word' id='word_1_484' title='bbox 295 3802 353 3857; x_wconf 50' lang='grc' dir='ltr'><strong>,ηεξ</strong></span> <span class='ocrx_word' id='word_1_485' title='bbox 369 3807 500 3871; x_wconf 58' lang='lat' dir='ltr'><strong>quantum</strong></span> <span class='ocrx_word' id='word_1_486' title='bbox 522 3803 701 3871; x_wconf 57' lang='lat' dir='ltr'><strong>appropria,</strong></span> <span class='ocrx_word' id='word_1_487' title='bbox 715 3804 800 3872; x_wconf 58' lang='lat' dir='ltr'><strong>pem.</strong></span> <span class='ocrx_word' id='word_1_488' title='bbox 856 3784 922 3850; x_wconf 89' lang='lat' dir='ltr'><strong>sint,</strong></span> <span class='ocrx_word' id='word_1_489' title='bbox 940 3789 969 3838; x_wconf 91' lang='lat' dir='ltr'><strong>et</strong></span> <span class='ocrx_word' id='word_1_490' title='bbox 989 3797 1070 3837; x_wconf 88' lang='lat' dir='ltr'><strong>suam</strong></span> <span class='ocrx_word' id='word_1_491' title='bbox 1097 3781 1277 3852; x_wconf 87' lang='lat' dir='ltr'><strong>diligentiam</strong></span> <span class='ocrx_word' id='word_1_492' title='bbox 1300 3780 1387 3835; x_wconf 84' lang='lat' dir='ltr'><strong>luisse</strong></span> <span class='ocrx_word' id='word_1_493' title='bbox 1411 3785 1599 3852; x_wconf 69' lang='lat' dir='ltr'><strong>praeventam,</strong></span> <span class='ocrx_word' id='word_1_494' title='bbox 1623 3784 1655 3835; x_wconf 91' lang='lat' dir='ltr'><strong>ut</strong></span> <span class='ocrx_word' id='word_1_495' title='bbox 1669 3795 1704 3835; x_wconf 89' lang='lat' dir='ltr'><strong>eo</strong></span> 
     </span>
     <span class='ocr_line' id='line_1_42' title="bbox 70 3868 1704 3942; baseline -0.002 -16"><span class='ocrx_word' id='word_1_496' title='bbox 70 3873 205 3927; x_wconf 79' lang='lat' dir='ltr'><strong>erectius.</strong></span> <span class='ocrx_word' id='word_1_497' title='bbox 857 3870 942 3925; x_wconf 91' lang='lat' dir='ltr'><strong>modo</strong></span> <span class='ocrx_word' id='word_1_498' title='bbox 967 3870 1029 3942; x_wconf 89' lang='lat' dir='ltr'><strong>ejus</strong></span> <span class='ocrx_word' id='word_1_499' title='bbox 1050 3885 1119 3924; x_wconf 86' lang='lat' dir='ltr'><strong>cura</strong></span> <span class='ocrx_word' id='word_1_500' title='bbox 1144 3869 1292 3923; x_wconf 89' lang='lat' dir='ltr'><strong>sollicitior</strong></span> <span class='ocrx_word' id='word_1_501' title='bbox 1318 3874 1462 3924; x_wconf 85' lang='lat' dir='ltr'><strong>vetaretur</strong></span> <span class='ocrx_word' id='word_1_502' title='bbox 1478 3885 1485 3923; x_wconf 76' lang='grc' dir='ltr'><strong>ε</strong></span> <span class='ocrx_word' id='word_1_503' title='bbox 1502 3886 1567 3924; x_wconf 89' lang='lat' dir='ltr'><strong>cum</strong></span> <span class='ocrx_word' id='word_1_504' title='bbox 1587 3869 1640 3925; x_wconf 91' lang='lat' dir='ltr'><strong>hoc</strong></span> <span class='ocrx_word' id='word_1_505' title='bbox 1656 3868 1704 3940; x_wconf 86' lang='lat' dir='ltr'><strong>ju·</strong></span> 
     </span>
    </p>
   </div>
   <div class='ocr_carea' id='block_1_11' title="bbox 69 3955 1714 5531">
    <p class='ocr_par' dir='ltr' id='par_1_14' title="bbox 70 3955 1709 4649">
     <span class='ocr_line' id='line_1_43' title="bbox 70 3955 1704 4031; baseline -0.002 -18"><span class='ocrx_word' id='word_1_506' title='bbox 70 3961 145 4030; x_wconf 81' lang='lat' dir='ltr'><strong>rpisl.</strong></span> <span class='ocrx_word' id='word_1_507' title='bbox 172 3960 275 4016; x_wconf 84' lang='lat' dir='ltr'><strong>Catist.</strong></span> <span class='ocrx_word' id='word_1_508' title='bbox 288 3976 369 4031; x_wconf 77' lang='lat' dir='ltr'><strong>pape</strong></span> <span class='ocrx_word' id='word_1_509' title='bbox 392 3962 525 4031; x_wconf 83' lang='lat' dir='ltr'><strong>episcopis</strong></span> <span class='ocrx_word' id='word_1_510' title='bbox 537 3976 587 4030; x_wconf 83' lang='lat' dir='ltr'><strong>per</strong></span> <span class='ocrx_word' id='word_1_511' title='bbox 611 3961 729 4018; x_wconf 84' lang='lat' dir='ltr'><strong>Gelliam</strong></span> <span class='ocrx_word' id='word_1_512' title='bbox 743 3977 804 4018; x_wconf 87' lang='lat' dir='ltr'><strong>cau·</strong></span> <span class='ocrx_word' id='word_1_513' title='bbox 857 3959 933 4013; x_wconf 88' lang='lat' dir='ltr'><strong>dices</strong></span> <span class='ocrx_word' id='word_1_514' title='bbox 949 3957 1076 4030; x_wconf 87' lang='lat' dir='ltr'><strong>episcopi</strong></span> <span class='ocrx_word' id='word_1_515' title='bbox 1092 3955 1288 4028; x_wconf 86' lang='lat' dir='ltr'><strong>cognoverint,</strong></span> <span class='ocrx_word' id='word_1_516' title='bbox 1304 3973 1363 4011; x_wconf 81' lang='lat' dir='ltr'><strong>suae</strong></span> <span class='ocrx_word' id='word_1_517' title='bbox 1387 3958 1530 4012; x_wconf 77' lang='lat' dir='ltr'><strong>cathedre</strong></span> <span class='ocrx_word' id='word_1_518' title='bbox 1547 3960 1608 4012; x_wconf 91' lang='lat' dir='ltr'><strong>loca</strong></span> <span class='ocrx_word' id='word_1_519' title='bbox 1623 3955 1704 4012; x_wconf 88' lang='lat' dir='ltr'><strong>resti-</strong></span> 
     </span>
     <span class='ocr_line' id='line_1_44' title="bbox 74 4044 1704 4119; baseline -0.004 -16"><span class='ocrx_word' id='word_1_520' title='bbox 74 4049 169 4107; x_wconf 74' lang='lat' dir='ltr'><strong>nuso.</strong></span> <span class='ocrx_word' id='word_1_521' title='bbox 182 4063 243 4119; x_wconf 80' lang='lat' dir='ltr'><strong>cap.</strong></span> <span class='ocrx_word' id='word_1_522' title='bbox 263 4048 318 4118; x_wconf 79' lang='lat' dir='ltr'><strong>ts.)</strong></span> <span class='ocrx_word' id='word_1_523' title='bbox 336 4048 435 4103; x_wconf 84' lang='lat' dir='ltr'><strong>Nullus</strong></span> <span class='ocrx_word' id='word_1_524' title='bbox 450 4053 547 4103; x_wconf 89' lang='lat' dir='ltr'><strong>autem</strong></span> <span class='ocrx_word' id='word_1_525' title='bbox 561 4048 669 4119; x_wconf 89' lang='lat' dir='ltr'><strong>primas</strong></span> <span class='ocrx_word' id='word_1_526' title='bbox 682 4049 727 4104; x_wconf 82' lang='lat' dir='ltr'><strong>vel</strong></span> <span class='ocrx_word' id='word_1_527' title='bbox 742 4065 802 4105; x_wconf 86' lang='lat' dir='ltr'><strong>me·</strong></span> <span class='ocrx_word' id='word_1_528' title='bbox 857 4050 950 4101; x_wconf 85' lang='lat' dir='ltr'><strong>tuant.</strong></span> <span class='ocrx_word' id='word_1_529' title='bbox 974 4045 1048 4102; x_wconf 88' lang='lat' dir='ltr'><strong>Sane</strong></span> <span class='ocrx_word' id='word_1_530' title='bbox 1072 4044 1096 4099; x_wconf 91' lang='lat' dir='ltr'><strong>si</strong></span> <span class='ocrx_word' id='word_1_531' title='bbox 1119 4044 1244 4116; x_wconf 88' lang='lat' dir='ltr'><strong>episcopi</strong></span> <span class='ocrx_word' id='word_1_532' title='bbox 1269 4045 1345 4098; x_wconf 86' lang='lat' dir='ltr'><strong>intra</strong></span> <span class='ocrx_word' id='word_1_533' title='bbox 1370 4060 1442 4116; x_wconf 90' lang='lat' dir='ltr'><strong>quos</strong></span> <span class='ocrx_word' id='word_1_534' title='bbox 1465 4060 1550 4100; x_wconf 87' lang='lat' dir='ltr'><strong>causa</strong></span> <span class='ocrx_word' id='word_1_535' title='bbox 1565 4047 1704 4108; x_wconf 75' lang='lat' dir='ltr'><strong>uersatur,</strong></span> 
     </span>
     <span class='ocr_line' id='line_1_45' title="bbox 70 4132 1704 4208; baseline -0.003 -18"><span class='ocrx_word' id='word_1_536' title='bbox 70 4147 147 4191; x_wconf 73' lang='lat' dir='ltr'><strong>&#39;anm</strong></span> <span class='ocrx_word' id='word_1_537' title='bbox 161 4137 350 4192; x_wconf 87' lang='lat' dir='ltr'><strong>dioecesanam</strong></span> <span class='ocrx_word' id='word_1_538' title='bbox 366 4136 517 4191; x_wconf 85' lang='lat' dir='ltr'><strong>Ecclesiam</strong></span> <span class='ocrx_word' id='word_1_539' title='bbox 531 4136 576 4191; x_wconf 92' lang='lat' dir='ltr'><strong>vel</strong></span> <span class='ocrx_word' id='word_1_540' title='bbox 585 4136 802 4208; x_wconf 85' lang='lat' dir='ltr'><strong>parochianum,</strong></span> <span class='ocrx_word' id='word_1_541' title='bbox 859 4134 1035 4189; x_wconf 85' lang='lat' dir='ltr'><strong>diversarum</strong></span> <span class='ocrx_word' id='word_1_542' title='bbox 1061 4137 1129 4188; x_wconf 91' lang='lat' dir='ltr'><strong>suni</strong></span> <span class='ocrx_word' id='word_1_543' title='bbox 1151 4132 1374 4204; x_wconf 84' lang='lat' dir='ltr'><strong>provinciarum,</strong></span> <span class='ocrx_word' id='word_1_544' title='bbox 1395 4133 1443 4187; x_wconf 89' lang='lat' dir='ltr'><strong>ille</strong></span> <span class='ocrx_word' id='word_1_545' title='bbox 1465 4133 1574 4205; x_wconf 86' lang='lat' dir='ltr'><strong>primas</strong></span> <span class='ocrx_word' id='word_1_546' title='bbox 1599 4132 1646 4188; x_wconf 88' lang='lat' dir='ltr'><strong>det</strong></span> <span class='ocrx_word' id='word_1_547' title='bbox 1657 4133 1704 4200; x_wconf 93' lang='lat' dir='ltr'><strong>ju-</strong></span> 
     </span>
     <span class='ocr_line' id='line_1_46' title="bbox 70 4221 1705 4296; baseline -0.003 -17"><span class='ocrx_word' id='word_1_548' title='bbox 70 4223 201 4294; x_wconf 77' lang='lat' dir='ltr'><strong>1uide1&#39;us</strong></span> <span class='ocrx_word' id='word_1_549' title='bbox 213 4225 367 4296; x_wconf 80' lang='lat' dir='ltr'><strong>parochias,</strong></span> <span class='ocrx_word' id='word_1_550' title='bbox 382 4224 533 4296; x_wconf 76' lang='lat' dir='ltr'><strong>praesumit</strong></span> <span class='ocrx_word' id='word_1_551' title='bbox 546 4226 803 4295; x_wconf 80' lang='lat' dir='ltr'><strong>excommunicare,</strong></span> <span class='ocrx_word' id='word_1_552' title='bbox 860 4223 946 4292; x_wconf 88' lang='lat' dir='ltr'><strong>dices,</strong></span> <span class='ocrx_word' id='word_1_553' title='bbox 970 4222 1080 4276; x_wconf 82' lang='lat' dir='ltr'><strong>vicinus</strong></span> <span class='ocrx_word' id='word_1_554' title='bbox 1105 4221 1251 4294; x_wconf 84' lang='lat' dir='ltr'><strong>provincia</strong></span> <span class='ocrx_word' id='word_1_555' title='bbox 1276 4227 1319 4276; x_wconf 90' lang='lat' dir='ltr'><strong>est</strong></span> <span class='ocrx_word' id='word_1_556' title='bbox 1341 4221 1421 4276; x_wconf 91' lang='lat' dir='ltr'><strong>lucus</strong></span> <span class='ocrx_word' id='word_1_557' title='bbox 1443 4222 1479 4276; x_wconf 91' lang='lat' dir='ltr'><strong>de</strong></span> <span class='ocrx_word' id='word_1_558' title='bbox 1505 4237 1562 4293; x_wconf 92' lang='lat' dir='ltr'><strong>quo</strong></span> <span class='ocrx_word' id='word_1_559' title='bbox 1587 4226 1705 4275; x_wconf 89' lang='lat' dir='ltr'><strong>conten·</strong></span> 
     </span>
     <span class='ocr_line' id='line_1_47' title="bbox 70 4308 1707 4385; baseline -0.003 -19"><span class='ocrx_word' id='word_1_560' title='bbox 70 4311 185 4368; x_wconf 88' lang='lat' dir='ltr'><strong>udicare</strong></span> <span class='ocrx_word' id='word_1_561' title='bbox 206 4313 325 4384; x_wconf 90' lang='lat' dir='ltr'><strong>aliquid,</strong></span> <span class='ocrx_word' id='word_1_562' title='bbox 352 4314 396 4368; x_wconf 86' lang='lat' dir='ltr'><strong>vel</strong></span> <span class='ocrx_word' id='word_1_563' title='bbox 411 4329 496 4383; x_wconf 89' lang='lat' dir='ltr'><strong>agere</strong></span> <span class='ocrx_word' id='word_1_564' title='bbox 512 4313 619 4385; x_wconf 88' lang='lat' dir='ltr'><strong>absque</strong></span> <span class='ocrx_word' id='word_1_565' title='bbox 633 4314 694 4385; x_wconf 87' lang='lat' dir='ltr'><strong>ejus</strong></span> <span class='ocrx_word' id='word_1_566' title='bbox 709 4314 806 4368; x_wconf 89' lang='lat' dir='ltr'><strong>consi·</strong></span> <span class='ocrx_word' id='word_1_567' title='bbox 858 4310 945 4366; x_wconf 87' lang='lat' dir='ltr'><strong>ditur.</strong></span> <span class='ocrx_word' id='word_1_568' title='bbox 961 4310 992 4366; x_wconf 93' lang='lat' dir='ltr'><strong>Si</strong></span> <span class='ocrx_word' id='word_1_569' title='bbox 1005 4315 1103 4364; x_wconf 90' lang='lat' dir='ltr'><strong>antem</strong></span> <span class='ocrx_word' id='word_1_570' title='bbox 1118 4325 1153 4365; x_wconf 84' lang='lat' dir='ltr'><strong>ex</strong></span> <span class='ocrx_word' id='word_1_571' title='bbox 1167 4310 1315 4365; x_wconf 87' lang='lat' dir='ltr'><strong>communi</strong></span> <span class='ocrx_word' id='word_1_572' title='bbox 1339 4310 1443 4380; x_wconf 89' lang='lat' dir='ltr'><strong>placito</strong></span> <span class='ocrx_word' id='word_1_573' title='bbox 1468 4310 1575 4365; x_wconf 88' lang='lat' dir='ltr'><strong>vicinos</strong></span> <span class='ocrx_word' id='word_1_574' title='bbox 1596 4308 1707 4382; x_wconf 87' lang='lat' dir='ltr'><strong>judices</strong></span> 
     </span>
     <span class='ocr_line' id='line_1_48' title="bbox 84 4397 1707 4473; baseline -0.002 -20"><span class='ocrx_word' id='word_1_575' title='bbox 84 4399 196 4471; x_wconf 81' lang='lat' dir='ltr'><strong>judicio</strong></span> <span class='ocrx_word' id='word_1_576' title='bbox 211 4420 217 4454; x_wconf 96' lang='lat'><strong>:</strong></span> <span class='ocrx_word' id='word_1_577' title='bbox 235 4399 286 4454; x_wconf 86' lang='lat' dir='ltr'><strong>sed</strong></span> <span class='ocrx_word' id='word_1_578' title='bbox 300 4402 354 4455; x_wconf 89' lang='lat' dir='ltr'><strong>hoc</strong></span> <span class='ocrx_word' id='word_1_579' title='bbox 375 4401 517 4470; x_wconf 80' lang='lat' dir='ltr'><strong>observet,</strong></span> <span class='ocrx_word' id='word_1_580' title='bbox 541 4401 619 4473; x_wconf 91' lang='lat' dir='ltr'><strong>quod</strong></span> <span class='ocrx_word' id='word_1_581' title='bbox 634 4401 670 4456; x_wconf 91' lang='lat' dir='ltr'><strong>ab</strong></span> <span class='ocrx_word' id='word_1_582' title='bbox 691 4405 805 4473; x_wconf 86' lang='lat' dir='ltr'><strong>aposto·</strong></span> <span class='ocrx_word' id='word_1_583' title='bbox 860 4399 1011 4470; x_wconf 89' lang='lat' dir='ltr'><strong>elegerint,</strong></span> <span class='ocrx_word' id='word_1_584' title='bbox 1032 4405 1083 4452; x_wconf 90' lang='lat' dir='ltr'><strong>aut</strong></span> <span class='ocrx_word' id='word_1_585' title='bbox 1106 4414 1182 4453; x_wconf 89' lang='lat' dir='ltr'><strong>unus</strong></span> <span class='ocrx_word' id='word_1_586' title='bbox 1206 4398 1341 4471; x_wconf 88' lang='lat' dir='ltr'><strong>eligatur,</strong></span> <span class='ocrx_word' id='word_1_587' title='bbox 1363 4405 1415 4454; x_wconf 90' lang='lat' dir='ltr'><strong>aut</strong></span> <span class='ocrx_word' id='word_1_588' title='bbox 1433 4404 1490 4453; x_wconf 89' lang='lat' dir='ltr'><strong>tres</strong></span> <span class='ocrx_word' id='word_1_589' title='bbox 1506 4415 1513 4454; x_wconf 91' lang='lat'>:</span> <span class='ocrx_word' id='word_1_590' title='bbox 1530 4402 1580 4453; x_wconf 92' lang='lat' dir='ltr'><strong>aut</strong></span> <span class='ocrx_word' id='word_1_591' title='bbox 1603 4397 1627 4452; x_wconf 88' lang='lat' dir='ltr'><strong>si</strong></span> <span class='ocrx_word' id='word_1_592' title='bbox 1649 4403 1707 4451; x_wconf 84' lang='lat' dir='ltr'><strong>tres</strong></span> 
     </span>
     <span class='ocr_line' id='line_1_49' title="bbox 70 4485 1709 4561; baseline -0.004 -18"><span class='ocrx_word' id='word_1_593' title='bbox 70 4487 186 4543; x_wconf 78' lang='lat' dir='ltr'><strong>&#39;utribus</strong></span> <span class='ocrx_word' id='word_1_594' title='bbox 201 4492 229 4543; x_wconf 90' lang='lat' dir='ltr'><strong>et</strong></span> <span class='ocrx_word' id='word_1_595' title='bbox 252 4489 507 4561; x_wconf 70' lang='lat' dir='ltr'><strong>predecessoribus</strong></span> <span class='ocrx_word' id='word_1_596' title='bbox 531 4489 636 4544; x_wconf 81' lang='lat' dir='ltr'><strong>nostris</strong></span> <span class='ocrx_word' id='word_1_597' title='bbox 657 4494 806 4544; x_wconf 88' lang='lat' dir='ltr'><strong>eatstalu·</strong></span> <span class='ocrx_word' id='word_1_598' title='bbox 861 4486 1010 4559; x_wconf 88' lang='lat' dir='ltr'><strong>elegerint,</strong></span> <span class='ocrx_word' id='word_1_599' title='bbox 1034 4491 1083 4541; x_wconf 87' lang='lat' dir='ltr'><strong>aut</strong></span> <span class='ocrx_word' id='word_1_600' title='bbox 1104 4486 1236 4542; x_wconf 90' lang='lat' dir='ltr'><strong>omnium</strong></span> <span class='ocrx_word' id='word_1_601' title='bbox 1265 4488 1437 4542; x_wconf 88' lang='lat' dir='ltr'><strong>sententiam</strong></span> <span class='ocrx_word' id='word_1_602' title='bbox 1462 4500 1632 4558; x_wconf 87' lang='lat' dir='ltr'><strong>sequamur,</strong></span> <span class='ocrx_word' id='word_1_603' title='bbox 1659 4485 1709 4538; x_wconf 91' lang='lat' dir='ltr'><strong>aut</strong></span> 
     </span>
     <span class='ocr_line' id='line_1_50' title="bbox 70 4575 996 4649; baseline 0 -20"><span class='ocrx_word' id='word_1_604' title='bbox 70 4579 87 4631; x_wconf 81' lang='lat' dir='ltr'><strong>a</strong></span> <span class='ocrx_word' id='word_1_605' title='bbox 105 4575 220 4631; x_wconf 87' lang='lat' dir='ltr'><strong>anobis</strong></span> <span class='ocrx_word' id='word_1_606' title='bbox 243 4576 446 4632; x_wconf 87' lang='lat' dir='ltr'><strong>conllrmatum</strong></span> <span class='ocrx_word' id='word_1_607' title='bbox 464 4593 471 4632; x_wconf 90' lang='lat'><strong>:</strong></span> <span class='ocrx_word' id='word_1_608' title='bbox 486 4577 515 4632; x_wconf 83' lang='lat' dir='ltr'><strong>ii</strong></span> <span class='ocrx_word' id='word_1_609' title='bbox 538 4582 590 4646; x_wconf 89' lang='lat' dir='ltr'><strong>est,</strong></span> <span class='ocrx_word' id='word_1_610' title='bbox 619 4577 723 4649; x_wconf 91' lang='lat' dir='ltr'><strong>siquis</strong></span> <span class='ocrx_word' id='word_1_611' title='bbox 745 4594 806 4631; x_wconf 89' lang='lat' dir='ltr'><strong>me·</strong></span> <span class='ocrx_word' id='word_1_612' title='bbox 862 4576 996 4631; x_wconf 80' lang='lat' dir='ltr'><strong>dirorum.</strong></span> 
     </span>
    </p>

    <p class='ocr_par' dir='ltr' id='par_1_15' title="bbox 70 4663 1709 4825">
     <span class='ocr_line' id='line_1_51' title="bbox 70 4663 1709 4748; baseline -0.002 -13"><span class='ocrx_word' id='word_1_613' title='bbox 70 4663 335 4735; x_wconf 64' lang='lat' dir='ltr'><strong>1⁸1¹¹¹⁸‘³l)i⁸⁶³⁰l)¹¹⁸›</strong></span> <span class='ocrx_word' id='word_1_614' title='bbox 362 4664 418 4719; x_wconf 64' lang='lat' dir='ltr'><strong>nili</strong></span> <span class='ocrx_word' id='word_1_615' title='bbox 442 4665 518 4737; x_wconf 74' lang='lat' dir='ltr'><strong>(1¹¹0d</strong></span> <span class='ocrx_word' id='word_1_616' title='bbox 542 4665 578 4720; x_wconf 62' lang='lat'><strong>³⁶</strong></span> <span class='ocrx_word' id='word_1_617' title='bbox 598 4682 678 4720; x_wconf 65' lang='lat' dir='ltr'><strong>⁵¹¹⁰OE</strong></span> <span class='ocrx_word' id='word_1_618' title='bbox 699 4664 807 4718; x_wconf 75' lang='lat'><strong>⁸⁰¹¹¹¹¹¹·</strong></span> <span class='ocrx_word' id='word_1_619' title='bbox 862 4683 926 4737; x_wconf 78' lang='lat' dir='ltr'><strong>Can.</strong></span> <span class='ocrx_word' id='word_1_620' title='bbox 947 4680 1037 4737; x_wconf 78' lang='lat' dir='ltr'><strong>txlx.</strong></span> <span class='ocrx_word' id='word_1_621' title='bbox 1061 4709 1096 4723; x_wconf 92' lang='lat'><em>-</em></span> <span class='ocrx_word' id='word_1_622' title='bbox 1119 4682 1153 4736; x_wconf 79' lang='lat' dir='ltr'><strong>lle</strong></span> <span class='ocrx_word' id='word_1_623' title='bbox 1176 4680 1279 4735; x_wconf 87' lang='lat' dir='ltr'><strong>duobus</strong></span> <span class='ocrx_word' id='word_1_624' title='bbox 1301 4681 1434 4748; x_wconf 85' lang='lat' dir='ltr'><strong>episcopis</strong></span> <span class='ocrx_word' id='word_1_625' title='bbox 1458 4679 1652 4735; x_wconf 84' lang='lat' dir='ltr'><strong>altercantibus</strong></span> <span class='ocrx_word' id='word_1_626' title='bbox 1676 4677 1709 4732; x_wconf 87' lang='lat' dir='ltr'><strong>da</strong></span> 
     </span>
     <span class='ocr_line' id='line_1_52' title="bbox 70 4750 1502 4825; baseline -0.002 -18"><span class='ocrx_word' id='word_1_627' title='bbox 70 4751 208 4824; x_wconf 82' lang='lat' dir='ltr'><strong>›ropriam</strong></span> <span class='ocrx_word' id='word_1_628' title='bbox 230 4752 355 4823; x_wconf 91' lang='lat' dir='ltr'><strong>pertinet</strong></span> <span class='ocrx_word' id='word_1_629' title='bbox 378 4754 555 4825; x_wconf 88' lang='lat' dir='ltr'><strong>parochiam,</strong></span> <span class='ocrx_word' id='word_1_630' title='bbox 575 4753 635 4809; x_wconf 91' lang='lat' dir='ltr'><strong>sine</strong></span> <span class='ocrx_word' id='word_1_631' title='bbox 651 4752 768 4808; x_wconf 89' lang='lat' dir='ltr'><strong>consilio</strong></span> <span class='ocrx_word' id='word_1_632' title='bbox 780 4756 809 4807; x_wconf 91' lang='lat' dir='ltr'><strong>et</strong></span> <span class='ocrx_word' id='word_1_633' title='bbox 1064 4750 1200 4821; x_wconf 83' lang='lat' dir='ltr'><strong>parocbia</strong></span> <span class='ocrx_word' id='word_1_634' title='bbox 1216 4750 1360 4818; x_wconf 72' lang='lat' dir='ltr'><strong>cuiusdam</strong></span> <span class='ocrx_word' id='word_1_635' title='bbox 1375 4751 1502 4804; x_wconf 77' lang='lat' dir='ltr'><strong>basilicae.</strong></span> 
     </span>
    </p>

    <p class='ocr_par' dir='ltr' id='par_1_16' title="bbox 69 4834 1714 5531">
     <span class='ocr_line' id='line_1_53' title="bbox 70 4834 1709 4914; baseline -0.004 -19"><span class='ocrx_word' id='word_1_636' title='bbox 70 4845 109 4896; x_wconf 79' lang='lat' dir='ltr'><strong>tta</strong></span> <span class='ocrx_word' id='word_1_637' title='bbox 136 4841 267 4897; x_wconf 92' lang='lat' dir='ltr'><strong>omnium</strong></span> <span class='ocrx_word' id='word_1_638' title='bbox 295 4842 579 4913; x_wconf 84' lang='lat' dir='ltr'><strong>comprovincialium</strong></span> <span class='ocrx_word' id='word_1_639' title='bbox 609 4842 808 4914; x_wconf 89' lang='lat' dir='ltr'><strong>episcoporum</strong></span> <span class='ocrx_word' id='word_1_640' title='bbox 899 4840 951 4911; x_wconf 77' lang='lat' dir='ltr'><strong>(liu</strong></span> <span class='ocrx_word' id='word_1_641' title='bbox 965 4840 1059 4894; x_wconf 85' lang='lat' dir='ltr'><strong>concil.</strong></span> <span class='ocrx_word' id='word_1_642' title='bbox 1076 4839 1211 4908; x_wconf 81' lang='lat' dir='ltr'><strong>spalensi,</strong></span> <span class='ocrx_word' id='word_1_643' title='bbox 1227 4853 1286 4907; x_wconf 88' lang='lat' dir='ltr'><strong>cap.</strong></span> <span class='ocrx_word' id='word_1_644' title='bbox 1305 4837 1341 4908; x_wconf 86' lang='lat' dir='ltr'><strong>t.)</strong></span> <span class='ocrx_word' id='word_1_645' title='bbox 1364 4838 1442 4892; x_wconf 72' lang='lat' dir='ltr'><strong>latu</strong></span> <span class='ocrx_word' id='word_1_646' title='bbox 1456 4839 1631 4892; x_wconf 87' lang='lat' dir='ltr'><strong>memoratos</strong></span> <span class='ocrx_word' id='word_1_647' title='bbox 1651 4834 1709 4889; x_wconf 85' lang='lat' dir='ltr'><strong>fra-</strong></span> 
     </span>
     <span class='ocr_line' id='line_1_54' title="bbox 70 4921 1709 5001; baseline -0.006 -17"><span class='ocrx_word' id='word_1_648' title='bbox 70 4927 170 5000; x_wconf 77' lang='lat' dir='ltr'><strong>iliquid</strong></span> <span class='ocrx_word' id='word_1_649' title='bbox 195 4944 280 5000; x_wconf 89' lang='lat' dir='ltr'><strong>agere</strong></span> <span class='ocrx_word' id='word_1_650' title='bbox 304 4930 465 4992; x_wconf 84' lang='lat' dir='ltr'><strong>tentaverit,</strong></span> <span class='ocrx_word' id='word_1_651' title='bbox 494 4929 599 5001; x_wconf 90' lang='lat' dir='ltr'><strong>gradus</strong></span> <span class='ocrx_word' id='word_1_652' title='bbox 623 4929 809 4999; x_wconf 87' lang='lat' dir='ltr'><strong>suipericulo</strong></span> <span class='ocrx_word' id='word_1_653' title='bbox 863 4934 921 4982; x_wconf 84' lang='lat' dir='ltr'><strong>tres</strong></span> <span class='ocrx_word' id='word_1_654' title='bbox 941 4934 1064 4995; x_wconf 89' lang='lat' dir='ltr'><strong>nostros,</strong></span> <span class='ocrx_word' id='word_1_655' title='bbox 1087 4925 1268 4997; x_wconf 85' lang='lat' dir='ltr'><strong>Fulgentium</strong></span> <span class='ocrx_word' id='word_1_656' title='bbox 1290 4924 1484 4997; x_wconf 70' lang='lat' dir='ltr'><strong>astigitanum</strong></span> <span class='ocrx_word' id='word_1_657' title='bbox 1504 4927 1533 4979; x_wconf 86' lang='lat' dir='ltr'><strong>et</strong></span> <span class='ocrx_word' id='word_1_658' title='bbox 1551 4921 1709 4979; x_wconf 86' lang='lat' dir='ltr'><strong>Honorium</strong></span> 
     </span>
     <span class='ocr_line' id='line_1_55' title="bbox 70 5012 1711 5090; baseline -0.005 -18"><span class='ocrx_word' id='word_1_659' title='bbox 70 5016 129 5085; x_wconf 77' lang='lat' dir='ltr'><strong>bit,</strong></span> <span class='ocrx_word' id='word_1_660' title='bbox 155 5021 184 5071; x_wconf 90' lang='lat' dir='ltr'><strong>ct</strong></span> <span class='ocrx_word' id='word_1_661' title='bbox 205 5017 279 5090; x_wconf 92' lang='lat' dir='ltr'><strong>qnod</strong></span> <span class='ocrx_word' id='word_1_662' title='bbox 305 5019 396 5090; x_wconf 89' lang='lat' dir='ltr'><strong>egerit</strong></span> <span class='ocrx_word' id='word_1_663' title='bbox 419 5017 533 5073; x_wconf 88' lang='lat' dir='ltr'><strong>irritum</strong></span> <span class='ocrx_word' id='word_1_664' title='bbox 560 5016 700 5072; x_wconf 91' lang='lat' dir='ltr'><strong>habeatur</strong></span> <span class='ocrx_word' id='word_1_665' title='bbox 718 5022 747 5072; x_wconf 91' lang='lat' dir='ltr'><strong>et</strong></span> <span class='ocrx_word' id='word_1_666' title='bbox 761 5032 808 5070; x_wconf 81' lang='lat' dir='ltr'><strong>sa·</strong></span> <span class='ocrx_word' id='word_1_667' title='bbox 864 5014 1076 5072; x_wconf 84' lang='lat' dir='ltr'><strong>Cordubensem</strong></span> <span class='ocrx_word' id='word_1_668' title='bbox 1100 5014 1260 5086; x_wconf 85' lang='lat' dir='ltr'><strong>episcopus,</strong></span> <span class='ocrx_word' id='word_1_669' title='bbox 1284 5013 1421 5068; x_wconf 88' lang='lat' dir='ltr'><strong>discussio</strong></span> <span class='ocrx_word' id='word_1_670' title='bbox 1447 5012 1552 5083; x_wconf 86' lang='lat' dir='ltr'><strong>agitata</strong></span> <span class='ocrx_word' id='word_1_671' title='bbox 1575 5015 1628 5076; x_wconf 86' lang='lat' dir='ltr'><strong>est,</strong></span> <span class='ocrx_word' id='word_1_672' title='bbox 1645 5025 1711 5081; x_wconf 88' lang='lat' dir='ltr'><strong>pro·</strong></span> 
     </span>
     <span class='ocr_line' id='line_1_56' title="bbox 73 5097 1712 5177; baseline -0.006 -16"><span class='ocrx_word' id='word_1_673' title='bbox 73 5103 127 5161; x_wconf 82' lang='lat' dir='ltr'><strong>Sed</strong></span> <span class='ocrx_word' id='word_1_674' title='bbox 149 5104 291 5177; x_wconf 90' lang='lat' dir='ltr'><strong>quidquid</strong></span> <span class='ocrx_word' id='word_1_675' title='bbox 312 5108 348 5161; x_wconf 86' lang='lat' dir='ltr'><strong>de</strong></span> <span class='ocrx_word' id='word_1_676' title='bbox 362 5105 648 5176; x_wconf 86' lang='lat' dir='ltr'><strong>comprovincialium</strong></span> <span class='ocrx_word' id='word_1_677' title='bbox 664 5105 808 5176; x_wconf 89' lang='lat' dir='ltr'><strong>coepisco·</strong></span> <span class='ocrx_word' id='word_1_678' title='bbox 864 5108 928 5175; x_wconf 90' lang='lat' dir='ltr'><strong>pter</strong></span> <span class='ocrx_word' id='word_1_679' title='bbox 944 5102 1106 5174; x_wconf 90' lang='lat' dir='ltr'><strong>parochiam</strong></span> <span class='ocrx_word' id='word_1_680' title='bbox 1120 5102 1245 5157; x_wconf 78' lang='lat' dir='ltr'><strong>basilicae</strong></span> <span class='ocrx_word' id='word_1_681' title='bbox 1259 5101 1409 5174; x_wconf 90' lang='lat' dir='ltr'><strong>cujusdam</strong></span> <span class='ocrx_word' id='word_1_682' title='bbox 1423 5115 1509 5172; x_wconf 89' lang='lat' dir='ltr'><strong>quam</strong></span> <span class='ocrx_word' id='word_1_683' title='bbox 1525 5099 1630 5154; x_wconf 91' lang='lat' dir='ltr'><strong>horum</strong></span> <span class='ocrx_word' id='word_1_684' title='bbox 1641 5097 1712 5152; x_wconf 89' lang='lat' dir='ltr'><strong>alter</strong></span> 
     </span>
     <span class='ocr_line' id='line_1_57' title="bbox 83 5186 1713 5265; baseline -0.004 -17"><span class='ocrx_word' id='word_1_685' title='bbox 83 5193 187 5259; x_wconf 89' lang='lat' dir='ltr'><strong>causis,</strong></span> <span class='ocrx_word' id='word_1_686' title='bbox 204 5209 364 5265; x_wconf 87' lang='lat' dir='ltr'><strong>eorumque</strong></span> <span class='ocrx_word' id='word_1_687' title='bbox 386 5193 568 5248; x_wconf 87' lang='lat' dir='ltr'><strong>ecclesiarum</strong></span> <span class='ocrx_word' id='word_1_688' title='bbox 585 5194 809 5259; x_wconf 86' lang='lat' dir='ltr'><strong>eleteriaorum,</strong></span> <span class='ocrx_word' id='word_1_689' title='bbox 865 5193 1071 5258; x_wconf 85' lang='lat' dir='ltr'><strong>Celtacensem,</strong></span> <span class='ocrx_word' id='word_1_690' title='bbox 1103 5191 1176 5246; x_wconf 88' lang='lat' dir='ltr'><strong>alter</strong></span> <span class='ocrx_word' id='word_1_691' title='bbox 1202 5190 1395 5262; x_wconf 79' lang='lat' dir='ltr'><strong>Reginensem</strong></span> <span class='ocrx_word' id='word_1_692' title='bbox 1422 5186 1553 5242; x_wconf 87' lang='lat' dir='ltr'><strong>asseruit.</strong></span> <span class='ocrx_word' id='word_1_693' title='bbox 1585 5187 1617 5242; x_wconf 82' lang='lat' dir='ltr'><strong>Et</strong></span> <span class='ocrx_word' id='word_1_694' title='bbox 1644 5186 1713 5259; x_wconf 88' lang='lat' dir='ltr'><strong>quia</strong></span> 
     </span>
     <span class='ocr_line' id='line_1_58' title="bbox 70 5273 1713 5354; baseline -0.004 -17"><span class='ocrx_word' id='word_1_695' title='bbox 70 5279 245 5338; x_wconf 69' lang='lat' dir='ltr'><strong>secularium</strong></span> <span class='ocrx_word' id='word_1_696' title='bbox 265 5283 482 5338; x_wconf 87' lang='lat' dir='ltr'><strong>necessitatibus</strong></span> <span class='ocrx_word' id='word_1_697' title='bbox 497 5299 581 5354; x_wconf 92' lang='lat' dir='ltr'><strong>agere</strong></span> <span class='ocrx_word' id='word_1_698' title='bbox 594 5287 644 5338; x_wconf 91' lang='lat' dir='ltr'><strong>aut</strong></span> <span class='ocrx_word' id='word_1_699' title='bbox 658 5282 810 5354; x_wconf 90' lang='lat' dir='ltr'><strong>disponere</strong></span> <span class='ocrx_word' id='word_1_700' title='bbox 865 5279 941 5335; x_wconf 91' lang='lat' dir='ltr'><strong>inter</strong></span> <span class='ocrx_word' id='word_1_701' title='bbox 960 5283 1096 5351; x_wconf 86' lang='lat' dir='ltr'><strong>utrasque</strong></span> <span class='ocrx_word' id='word_1_702' title='bbox 1114 5283 1209 5351; x_wconf 87' lang='lat' dir='ltr'><strong>partes</strong></span> <span class='ocrx_word' id='word_1_703' title='bbox 1238 5278 1374 5333; x_wconf 87' lang='lat' dir='ltr'><strong>hactenus</strong></span> <span class='ocrx_word' id='word_1_704' title='bbox 1398 5275 1497 5332; x_wconf 88' lang='lat' dir='ltr'><strong>limitis</strong></span> <span class='ocrx_word' id='word_1_705' title='bbox 1516 5274 1589 5330; x_wconf 88' lang='lat' dir='ltr'><strong>actio</strong></span> <span class='ocrx_word' id='word_1_706' title='bbox 1613 5273 1713 5330; x_wconf 81' lang='lat' dir='ltr'><strong>vendi·</strong></span> 
     </span>
     <span class='ocr_line' id='line_1_59' title="bbox 70 5364 1712 5443; baseline -0.005 -16"><span class='ocrx_word' id='word_1_707' title='bbox 70 5386 77 5427; x_wconf 75' lang='lat' dir='ltr'><strong>s</strong></span> <span class='ocrx_word' id='word_1_708' title='bbox 99 5371 197 5437; x_wconf 80' lang='lat' dir='ltr'><strong>fuerit,</strong></span> <span class='ocrx_word' id='word_1_709' title='bbox 220 5372 274 5426; x_wconf 90' lang='lat' dir='ltr'><strong>hoc</strong></span> <span class='ocrx_word' id='word_1_710' title='bbox 288 5388 354 5427; x_wconf 91' lang='lat' dir='ltr'><strong>cum</strong></span> <span class='ocrx_word' id='word_1_711' title='bbox 376 5371 506 5428; x_wconf 92' lang='lat' dir='ltr'><strong>omnium</strong></span> <span class='ocrx_word' id='word_1_712' title='bbox 522 5388 665 5427; x_wconf 86' lang='lat' dir='ltr'><strong>consensu</strong></span> <span class='ocrx_word' id='word_1_713' title='bbox 679 5387 810 5443; x_wconf 89' lang='lat' dir='ltr'><strong>cumpro·</strong></span> <span class='ocrx_word' id='word_1_714' title='bbox 865 5373 928 5424; x_wconf 89' lang='lat' dir='ltr'><strong>ceta</strong></span> <span class='ocrx_word' id='word_1_715' title='bbox 942 5372 996 5439; x_wconf 88' lang='lat' dir='ltr'><strong>est,</strong></span> <span class='ocrx_word' id='word_1_716' title='bbox 1019 5367 1101 5440; x_wconf 87' lang='lat' dir='ltr'><strong>cujus</strong></span> <span class='ocrx_word' id='word_1_717' title='bbox 1125 5367 1256 5440; x_wconf 79' lang='lat' dir='ltr'><strong>quamuis</strong></span> <span class='ocrx_word' id='word_1_718' title='bbox 1280 5371 1392 5421; x_wconf 83' lang='lat' dir='ltr'><strong>vetusta</strong></span> <span class='ocrx_word' id='word_1_719' title='bbox 1412 5364 1584 5432; x_wconf 86' lang='lat' dir='ltr'><strong>retentione,</strong></span> <span class='ocrx_word' id='word_1_720' title='bbox 1600 5364 1712 5419; x_wconf 91' lang='lat' dir='ltr'><strong>nullum</strong></span> 
     </span>
     <span class='ocr_line' id='line_1_60' title="bbox 69 5453 1714 5531; baseline -0.003 -19"><span class='ocrx_word' id='word_1_721' title='bbox 69 5458 128 5514; x_wconf 91' lang='lat' dir='ltr'><strong>ium</strong></span> <span class='ocrx_word' id='word_1_722' title='bbox 143 5463 246 5527; x_wconf 85' lang='lat' dir='ltr'><strong>agatur</strong></span> <span class='ocrx_word' id='word_1_723' title='bbox 262 5460 441 5530; x_wconf 83' lang='lat' dir='ltr'><strong>pontificum,</strong></span> <span class='ocrx_word' id='word_1_724' title='bbox 461 5476 519 5514; x_wconf 94' lang='lat' dir='ltr'><strong>non</strong></span> <span class='ocrx_word' id='word_1_725' title='bbox 535 5461 632 5531; x_wconf 90' lang='lat' dir='ltr'><strong>aliquo</strong></span> <span class='ocrx_word' id='word_1_726' title='bbox 647 5459 810 5514; x_wconf 89' lang='lat' dir='ltr'><strong>damnatio·</strong></span> <span class='ocrx_word' id='word_1_727' title='bbox 863 5456 937 5530; x_wconf 86' lang='lat' dir='ltr'><strong>juris</strong></span> <span class='ocrx_word' id='word_1_728' title='bbox 960 5455 1160 5530; x_wconf 68' lang='lat' dir='ltr'><strong>prejudicium</strong></span> <span class='ocrx_word' id='word_1_729' title='bbox 1184 5455 1307 5510; x_wconf 82' lang='lat' dir='ltr'><strong>adferret</strong></span> <span class='ocrx_word' id='word_1_730' title='bbox 1326 5471 1332 5508; x_wconf 92' lang='lat'>:</span> <span class='ocrx_word' id='word_1_731' title='bbox 1349 5453 1474 5526; x_wconf 88' lang='lat' dir='ltr'><strong>ideoque</strong></span> <span class='ocrx_word' id='word_1_732' title='bbox 1493 5469 1530 5508; x_wconf 88' lang='lat' dir='ltr'><strong>ne</strong></span> <span class='ocrx_word' id='word_1_733' title='bbox 1549 5453 1714 5508; x_wconf 90' lang='lat' dir='ltr'><strong>indubium</strong></span> 
     </span>
    </p>
   </div>
   <div class='ocr_carea' id='block_1_12' title="bbox 0 0 1944 6112">
    <p class='ocr_par' dir='ltr' id='par_1_17' title="bbox 0 0 1944 6112">
     <span class='ocr_line' id='line_1_61' title="bbox 0 0 1944 6112; baseline 0 0"><span class='ocrx_word' id='word_1_734' title='bbox 0 0 1944 6112; x_wconf 95' lang='lat' dir='ltr'><strong> </strong></span> 
     </span>
    </p>
   </div>
  </div>
 </body>
</html>
