<?xml version="1.0" encoding="UTF-8"?>
<!DOCTYPE html PUBLIC "-//W3C//DTD XHTML 1.0 Transitional//EN"
    "http://www.w3.org/TR/xhtml1/DTD/xhtml1-transitional.dtd">
<html xmlns="http://www.w3.org/1999/xhtml" xml:lang="en" lang="en">
 <head>
  <title>
</title>
<meta http-equiv="Content-Type" content="text/html;charset=utf-8" />
  <meta name='ocr-system' content='tesseract 3.04.00' />
  <meta name='ocr-capabilities' content='ocr_page ocr_carea ocr_par ocr_line ocrx_word'/>
</head>
<body>
  <div class='ocr_page' id='page_1' title='image "./patrologiaecurs17unkngoog_0214.png"; bbox 0 0 3878 6112; ppageno 0'>
   <div class='ocr_carea' id='block_1_1' title="bbox 86 226 1359 333">
    <p class='ocr_par' dir='ltr' id='par_1_1' title="bbox 86 226 1359 333">
     <span class='ocr_line' id='line_1_1' title="bbox 86 226 1359 333; baseline -0.001 -43"><span class='ocrx_word' id='word_1_1' title='bbox 86 236 138 290; x_wconf 74' lang='lat' dir='ltr'>tlt</span> <span class='ocrx_word' id='word_1_2' title='bbox 567 236 771 292; x_wconf 74' lang='lat' dir='ltr'>Tllalltlllaal</span> <span class='ocrx_word' id='word_1_3' title='bbox 790 235 1012 333; x_wconf 67' lang='lat' dir='ltr'>rnnsntrnltl</span> <span class='ocrx_word' id='word_1_4' title='bbox 1030 226 1359 291; x_wconf 72' lang='lat' dir='ltr'>ultbltsltltlnsrsts.</span> 
     </span>
    </p>
   </div>
   <div class='ocr_carea' id='block_1_2' title="bbox 86 352 1730 2462">
    <p class='ocr_par' dir='ltr' id='par_1_2' title="bbox 86 352 1729 960">
     <span class='ocr_line' id='line_1_2' title="bbox 87 352 1729 429; baseline -0.002 -14"><span class='ocrx_word' id='word_1_5' title='bbox 87 372 211 429; x_wconf 88' lang='lat' dir='ltr'>rumque</span> <span class='ocrx_word' id='word_1_6' title='bbox 239 354 365 411; x_wconf 77' lang='lat' dir='ltr'><strong>lacrimis</strong></span> <span class='ocrx_word' id='word_1_7' title='bbox 391 354 472 424; x_wconf 83' lang='lat' dir='ltr'>lusis,</span> <span class='ocrx_word' id='word_1_8' title='bbox 497 355 582 412; x_wconf 91' lang='lat' dir='ltr'>utin</span> <span class='ocrx_word' id='word_1_9' title='bbox 604 355 752 429; x_wconf 88' lang='lat' dir='ltr'>publicum</span> <span class='ocrx_word' id='word_1_10' title='bbox 780 357 972 428; x_wconf 84' lang='lat' dir='ltr'>procederell</span> <span class='ocrx_word' id='word_1_11' title='bbox 991 355 1031 410; x_wconf 87' lang='lat' dir='ltr'>rit</span> <span class='ocrx_word' id='word_1_12' title='bbox 1055 355 1160 425; x_wconf 83' lang='lat' dir='ltr'>(April.</span> <span class='ocrx_word' id='word_1_13' title='bbox 1183 354 1237 427; x_wconf 75' lang='grc'>40).</span> <span class='ocrx_word' id='word_1_14' title='bbox 1264 352 1410 425; x_wconf 80' lang='lat' dir='ltr'>Reliquias</span> <span class='ocrx_word' id='word_1_15' title='bbox 1442 368 1558 425; x_wconf 85' lang='lat' dir='ltr'>qnoque</span> <span class='ocrx_word' id='word_1_16' title='bbox 1582 357 1729 411; x_wconf 85' lang='lat' dir='ltr'>sanctorut</span> 
     </span>
     <span class='ocr_line' id='line_1_3' title="bbox 86 439 1729 518; baseline -0.002 -16"><span class='ocrx_word' id='word_1_17' title='bbox 86 449 262 502; x_wconf 86' lang='lat' dir='ltr'>vererentur.</span> <span class='ocrx_word' id='word_1_18' title='bbox 277 443 425 500; x_wconf 84' lang='lat' dir='ltr'>Piissimus</span> <span class='ocrx_word' id='word_1_19' title='bbox 439 444 607 515; x_wconf 87' lang='lat' dir='ltr'>imperator,</span> <span class='ocrx_word' id='word_1_20' title='bbox 623 461 688 517; x_wconf 82' lang='lat' dir='ltr'>quae</span> <span class='ocrx_word' id='word_1_21' title='bbox 707 444 773 500; x_wconf 90' lang='lat' dir='ltr'>stilo</span> <span class='ocrx_word' id='word_1_22' title='bbox 799 446 841 501; x_wconf 86' lang='lat' dir='ltr'>vel</span> <span class='ocrx_word' id='word_1_23' title='bbox 857 447 935 518; x_wconf 90' lang='lat' dir='ltr'>lega·</span> <span class='ocrx_word' id='word_1_24' title='bbox 988 443 1109 510; x_wconf 87' lang='lat' dir='ltr'>adrexit,</span> <span class='ocrx_word' id='word_1_25' title='bbox 1126 459 1232 515; x_wconf 90' lang='lat' dir='ltr'>magno</span> <span class='ocrx_word' id='word_1_26' title='bbox 1248 442 1358 498; x_wconf 77' lang='lat' dir='ltr'><strong>honore</strong></span> <span class='ocrx_word' id='word_1_27' title='bbox 1374 440 1403 496; x_wconf 92' lang='lat' dir='ltr'>in</span> <span class='ocrx_word' id='word_1_28' title='bbox 1419 441 1546 497; x_wconf 78' lang='lat' dir='ltr'>ecclesia</span> <span class='ocrx_word' id='word_1_29' title='bbox 1560 439 1729 511; x_wconf 85' lang='lat' dir='ltr'>condidit;i</span> 
     </span>
     <span class='ocr_line' id='line_1_4' title="bbox 87 530 1729 606; baseline -0.002 -15"><span class='ocrx_word' id='word_1_30' title='bbox 87 534 162 591; x_wconf 90' lang='lat' dir='ltr'>torio</span> <span class='ocrx_word' id='word_1_31' title='bbox 184 533 319 589; x_wconf 89' lang='lat' dir='ltr'>intimare</span> <span class='ocrx_word' id='word_1_32' title='bbox 349 532 542 601; x_wconf 76' lang='lat' dir='ltr'>dubitaverat,</span> <span class='ocrx_word' id='word_1_33' title='bbox 575 533 632 589; x_wconf 85' lang='lat' dir='ltr'>fido</span> <span class='ocrx_word' id='word_1_34' title='bbox 667 533 804 605; x_wconf 89' lang='lat' dir='ltr'>magistro</span> <span class='ocrx_word' id='word_1_35' title='bbox 830 533 861 589; x_wconf 92' lang='lat' dir='ltr'>in</span> <span class='ocrx_word' id='word_1_36' title='bbox 892 549 936 589; x_wconf 84' lang='lat' dir='ltr'>ar·</span> <span class='ocrx_word' id='word_1_37' title='bbox 990 549 1050 588; x_wconf 86' lang='lat' dir='ltr'>sam</span> <span class='ocrx_word' id='word_1_38' title='bbox 1065 548 1181 606; x_wconf 90' lang='lat' dir='ltr'>quoque</span> <span class='ocrx_word' id='word_1_39' title='bbox 1203 530 1357 603; x_wconf 88' lang='lat' dir='ltr'>pecuniam</span> <span class='ocrx_word' id='word_1_40' title='bbox 1372 531 1403 585; x_wconf 92' lang='lat' dir='ltr'>in</span> <span class='ocrx_word' id='word_1_41' title='bbox 1425 530 1523 585; x_wconf 86' lang='lat' dir='ltr'>altaris</span> <span class='ocrx_word' id='word_1_42' title='bbox 1542 532 1729 587; x_wconf 75' lang='lat' dir='ltr'>servitiuma‘</span> 
     </span>
     <span class='ocr_line' id='line_1_5' title="bbox 87 618 1729 695; baseline -0.004 -15"><span class='ocrx_word' id='word_1_43' title='bbox 87 624 212 680; x_wconf 88' lang='lat' dir='ltr'>chauum</span> <span class='ocrx_word' id='word_1_44' title='bbox 262 621 369 677; x_wconf 90' lang='lat' dir='ltr'>mentis</span> <span class='ocrx_word' id='word_1_45' title='bbox 422 622 607 677; x_wconf 90' lang='lat' dir='ltr'>secretarium</span> <span class='ocrx_word' id='word_1_46' title='bbox 650 621 773 693; x_wconf 79' lang='lat' dir='ltr'>sapienti</span> <span class='ocrx_word' id='word_1_47' title='bbox 827 623 935 678; x_wconf 91' lang='lat' dir='ltr'>trutina</span> <span class='ocrx_word' id='word_1_48' title='bbox 988 637 1058 695; x_wconf 80' lang='lat' dir='ltr'>usus</span> <span class='ocrx_word' id='word_1_49' title='bbox 1085 634 1246 692; x_wconf 88' lang='lat' dir='ltr'>pauperum</span> <span class='ocrx_word' id='word_1_50' title='bbox 1275 618 1419 689; x_wconf 78' lang='lat' dir='ltr'>expendit.</span> <span class='ocrx_word' id='word_1_51' title='bbox 1448 619 1552 674; x_wconf 86' lang='lat' dir='ltr'>Totum</span> <span class='ocrx_word' id='word_1_52' title='bbox 1578 623 1675 673; x_wconf 84' lang='lat' dir='ltr'>autem</span> <span class='ocrx_word' id='word_1_53' title='bbox 1708 633 1729 674; x_wconf 80' lang='grc' dir='ltr'>ι</span> 
     </span>
     <span class='ocr_line' id='line_1_6' title="bbox 87 706 1724 782; baseline -0.003 -15"><span class='ocrx_word' id='word_1_54' title='bbox 87 711 219 768; x_wconf 84' lang='lat' dir='ltr'>libranda</span> <span class='ocrx_word' id='word_1_55' title='bbox 246 709 440 765; x_wconf 88' lang='lat' dir='ltr'>commendat.</span> <span class='ocrx_word' id='word_1_56' title='bbox 480 709 627 781; x_wconf 82' lang='lat' dir='ltr'>Reliquias</span> <span class='ocrx_word' id='word_1_57' title='bbox 650 709 863 778; x_wconf 88' lang='lat' dir='ltr'>nichilominus,</span> <span class='ocrx_word' id='word_1_58' title='bbox 889 711 936 766; x_wconf 90' lang='lat' dir='ltr'>in·</span> <span class='ocrx_word' id='word_1_59' title='bbox 988 715 1104 782; x_wconf 88' lang='lat' dir='ltr'>tempus</span> <span class='ocrx_word' id='word_1_60' title='bbox 1130 709 1160 764; x_wconf 92' lang='lat' dir='ltr'>in</span> <span class='ocrx_word' id='word_1_61' title='bbox 1189 708 1380 762; x_wconf 81' lang='lat' dir='ltr'>exstructione</span> <span class='ocrx_word' id='word_1_62' title='bbox 1407 722 1556 763; x_wconf 91' lang='lat' dir='ltr'>murorum</span> <span class='ocrx_word' id='word_1_63' title='bbox 1587 706 1724 776; x_wconf 81' lang='lat' dir='ltr'>civitatis,</span> 
     </span>
     <span class='ocr_line' id='line_1_7' title="bbox 87 796 1729 871; baseline -0.001 -17"><span class='ocrx_word' id='word_1_64' title='bbox 87 801 202 870; x_wconf 89' lang='lat' dir='ltr'>tegrum</span> <span class='ocrx_word' id='word_1_65' title='bbox 217 797 463 868; x_wconf 78' lang='lat' dir='ltr'>uidelicetcorpus</span> <span class='ocrx_word' id='word_1_66' title='bbox 477 797 569 852; x_wconf 86' lang='lat' dir='ltr'>sancti</span> <span class='ocrx_word' id='word_1_67' title='bbox 591 798 778 868; x_wconf 85' lang='lat' dir='ltr'>Exuperantii</span> <span class='ocrx_word' id='word_1_68' title='bbox 798 799 934 866; x_wconf 85' lang='lat' dir='ltr'>martiris,</span> <span class='ocrx_word' id='word_1_69' title='bbox 989 797 1203 855; x_wconf 79' lang='lat' dir='ltr'>hildenesheim</span> <span class='ocrx_word' id='word_1_70' title='bbox 1220 797 1421 871; x_wconf 74' lang='lat' dir='ltr'>inchoaverat,</span> <span class='ocrx_word' id='word_1_71' title='bbox 1455 796 1569 865; x_wconf 89' lang='lat' dir='ltr'>institit,</span> <span class='ocrx_word' id='word_1_72' title='bbox 1589 796 1729 852; x_wconf 89' lang='lat' dir='ltr'>interduu</span> 
     </span>
     <span class='ocr_line' id='line_1_8' title="bbox 87 886 1552 960; baseline -0.003 -16"><span class='ocrx_word' id='word_1_73' title='bbox 87 887 202 944; x_wconf 86' lang='lat' dir='ltr'>diaconi</span> <span class='ocrx_word' id='word_1_74' title='bbox 220 887 309 943; x_wconf 87' lang='lat' dir='ltr'>suncti</span> <span class='ocrx_word' id='word_1_75' title='bbox 333 886 432 943; x_wconf 88' lang='lat' dir='ltr'>Sabini</span> <span class='ocrx_word' id='word_1_76' title='bbox 457 886 593 959; x_wconf 81' lang='lat' dir='ltr'>episcopi,</span> <span class='ocrx_word' id='word_1_77' title='bbox 617 887 752 943; x_wconf 85' lang='lat' dir='ltr'>Goslarioe</span> <span class='ocrx_word' id='word_1_78' title='bbox 778 889 936 959; x_wconf 85' lang='lat' dir='ltr'>perillum</span> <span class='ocrx_word' id='word_1_79' title='bbox 989 888 1070 960; x_wconf 81' lang='lat' dir='ltr'>gravi</span> <span class='ocrx_word' id='word_1_80' title='bbox 1092 887 1231 950; x_wconf 79' lang='lat' dir='ltr'>stomachi</span> <span class='ocrx_word' id='word_1_81' title='bbox 1250 887 1383 942; x_wconf 90' lang='lat' dir='ltr'>molestia</span> <span class='ocrx_word' id='word_1_82' title='bbox 1402 886 1552 942; x_wconf 83' lang='lat' dir='ltr'>laboravit.</span> 
     </span>
    </p>

    <p class='ocr_par' dir='ltr' id='par_1_3' title="bbox 87 973 1730 2462">
     <span class='ocr_line' id='line_1_9' title="bbox 89 973 1729 1049; baseline -0.002 -16"><span class='ocrx_word' id='word_1_83' title='bbox 89 977 194 1033; x_wconf 90' lang='lat' dir='ltr'>direxit</span> <span class='ocrx_word' id='word_1_84' title='bbox 208 976 314 1033; x_wconf 91' lang='lat' dir='ltr'>ibidem</span> <span class='ocrx_word' id='word_1_85' title='bbox 330 992 383 1031; x_wconf 89' lang='lat' dir='ltr'>sua</span> <span class='ocrx_word' id='word_1_86' title='bbox 396 975 539 1031; x_wconf 90' lang='lat' dir='ltr'>industria</span> <span class='ocrx_word' id='word_1_87' title='bbox 552 976 582 1030; x_wconf 93' lang='lat' dir='ltr'>in</span> <span class='ocrx_word' id='word_1_88' title='bbox 598 975 703 1032; x_wconf 91' lang='lat' dir='ltr'>celebri</span> <span class='ocrx_word' id='word_1_89' title='bbox 731 978 793 1032; x_wconf 92' lang='lat' dir='ltr'>loco</span> <span class='ocrx_word' id='word_1_90' title='bbox 821 976 878 1049; x_wconf 80' lang='grc'>(46)</span> <span class='ocrx_word' id='word_1_91' title='bbox 894 994 936 1033; x_wconf 89' lang='lat' dir='ltr'>rc·</span> <span class='ocrx_word' id='word_1_92' title='bbox 1023 979 1069 1033; x_wconf 75' lang='grc'>28.</span> <span class='ocrx_word' id='word_1_93' title='bbox 1095 977 1207 1031; x_wconf 86' lang='lat' dir='ltr'>Interea</span> <span class='ocrx_word' id='word_1_94' title='bbox 1234 975 1325 1043; x_wconf 73' lang='lat' dir='ltr'>affluit,</span> <span class='ocrx_word' id='word_1_95' title='bbox 1350 974 1385 1029; x_wconf 89' lang='lat' dir='ltr'>ab</span> <span class='ocrx_word' id='word_1_96' title='bbox 1426 974 1581 1046; x_wconf 87' lang='lat' dir='ltr'>apostolico</span> <span class='ocrx_word' id='word_1_97' title='bbox 1611 979 1641 1029; x_wconf 90' lang='lat' dir='ltr'>et</span> <span class='ocrx_word' id='word_1_98' title='bbox 1663 973 1729 1047; x_wconf 88' lang='lat' dir='ltr'>imp</span> 
     </span>
     <span class='ocr_line' id='line_1_10' title="bbox 88 1062 1729 1139; baseline -0.002 -17"><span class='ocrx_word' id='word_1_99' title='bbox 88 1066 246 1139; x_wconf 88' lang='lat' dir='ltr'>ponendas.</span> <span class='ocrx_word' id='word_1_100' title='bbox 274 1064 429 1136; x_wconf 83' lang='lat' dir='ltr'>Episcopus</span> <span class='ocrx_word' id='word_1_101' title='bbox 454 1080 569 1136; x_wconf 91' lang='lat' dir='ltr'>quoquc</span> <span class='ocrx_word' id='word_1_102' title='bbox 597 1065 709 1120; x_wconf 87' lang='lat' dir='ltr'>mellito</span> <span class='ocrx_word' id='word_1_103' title='bbox 738 1065 872 1121; x_wconf 85' lang='lat' dir='ltr'>affamine</span> <span class='ocrx_word' id='word_1_104' title='bbox 905 1069 937 1120; x_wconf 91' lang='lat' dir='ltr'>ut</span> <span class='ocrx_word' id='word_1_105' title='bbox 989 1065 1050 1121; x_wconf 84' lang='lat' dir='ltr'>rice</span> <span class='ocrx_word' id='word_1_106' title='bbox 1060 1081 1141 1137; x_wconf 78' lang='lat' dir='ltr'>papas</span> <span class='ocrx_word' id='word_1_107' title='bbox 1155 1065 1288 1133; x_wconf 92' lang='lat' dir='ltr'>directus,</span> <span class='ocrx_word' id='word_1_108' title='bbox 1314 1063 1466 1119; x_wconf 88' lang='lat' dir='ltr'>cardinalis</span> <span class='ocrx_word' id='word_1_109' title='bbox 1485 1062 1626 1135; x_wconf 82' lang='lat' dir='ltr'>presbiter</span> <span class='ocrx_word' id='word_1_110' title='bbox 1651 1063 1729 1118; x_wconf 79' lang='lat' dir='ltr'>Frith</span> 
     </span>
     <span class='ocr_line' id='line_1_11' title="bbox 89 1150 1729 1226; baseline -0.001 -18"><span class='ocrx_word' id='word_1_111' title='bbox 89 1152 276 1225; x_wconf 86' lang='lat' dir='ltr'>magisteriali</span> <span class='ocrx_word' id='word_1_112' title='bbox 290 1150 498 1217; x_wconf 90' lang='lat' dir='ltr'>moderamine,</span> <span class='ocrx_word' id='word_1_113' title='bbox 514 1155 544 1206; x_wconf 93' lang='lat' dir='ltr'>ut</span> <span class='ocrx_word' id='word_1_114' title='bbox 559 1152 705 1222; x_wconf 89' lang='lat' dir='ltr'>qnondam</span> <span class='ocrx_word' id='word_1_115' title='bbox 721 1168 810 1223; x_wconf 88' lang='lat' dir='ltr'>puero</span> <span class='ocrx_word' id='word_1_116' title='bbox 825 1152 935 1208; x_wconf 89' lang='lat' dir='ltr'>allude·</span> <span class='ocrx_word' id='word_1_117' title='bbox 989 1153 1123 1209; x_wconf 90' lang='lat' dir='ltr'>omnibus</span> <span class='ocrx_word' id='word_1_118' title='bbox 1142 1153 1274 1226; x_wconf 89' lang='lat' dir='ltr'>insigniis</span> <span class='ocrx_word' id='word_1_119' title='bbox 1314 1152 1478 1224; x_wconf 84' lang='lat' dir='ltr'>apostolicis</span> <span class='ocrx_word' id='word_1_120' title='bbox 1506 1153 1563 1207; x_wconf 89' lang='lat' dir='ltr'>acsi</span> <span class='ocrx_word' id='word_1_121' title='bbox 1588 1168 1665 1223; x_wconf 89' lang='lat' dir='ltr'>papa</span> <span class='ocrx_word' id='word_1_122' title='bbox 1704 1167 1729 1223; x_wconf 79' lang='lat' dir='ltr'>pr</span> 
     </span>
     <span class='ocr_line' id='line_1_12' title="bbox 87 1239 1716 1314; baseline -0.001 -18"><span class='ocrx_word' id='word_1_123' title='bbox 87 1241 273 1311; x_wconf 87' lang='lat' dir='ltr'>hat,agenda</span> <span class='ocrx_word' id='word_1_124' title='bbox 292 1255 415 1312; x_wconf 74' lang='lat' dir='ltr'>queque</span> <span class='ocrx_word' id='word_1_125' title='bbox 433 1241 684 1306; x_wconf 89' lang='lat' dir='ltr'>commemorabat,</span> <span class='ocrx_word' id='word_1_126' title='bbox 711 1239 850 1312; x_wconf 73' lang='lat' dir='ltr'>fugienda</span> <span class='ocrx_word' id='word_1_127' title='bbox 876 1256 937 1296; x_wconf 86' lang='lat' dir='ltr'>sua·</span> <span class='ocrx_word' id='word_1_128' title='bbox 989 1241 1137 1308; x_wconf 82' lang='lat' dir='ltr'>insulatus,</span> <span class='ocrx_word' id='word_1_129' title='bbox 1168 1241 1250 1314; x_wconf 89' lang='lat' dir='ltr'>equis</span> <span class='ocrx_word' id='word_1_130' title='bbox 1279 1241 1434 1312; x_wconf 87' lang='lat' dir='ltr'>apostolica</span> <span class='ocrx_word' id='word_1_131' title='bbox 1480 1242 1549 1295; x_wconf 86' lang='lat' dir='ltr'>sella</span> <span class='ocrx_word' id='word_1_132' title='bbox 1582 1241 1716 1295; x_wconf 85' lang='lat' dir='ltr'>Romano</span> 
     </span>
     <span class='ocr_line' id='line_1_13' title="bbox 88 1328 1729 1401; baseline -0.001 -17"><span class='ocrx_word' id='word_1_133' title='bbox 88 1328 264 1394; x_wconf 86' lang='lat' dir='ltr'>debatrieia‚</span> <span class='ocrx_word' id='word_1_134' title='bbox 282 1344 375 1383; x_wconf 89' lang='lat' dir='ltr'>mores</span> <span class='ocrx_word' id='word_1_135' title='bbox 389 1328 519 1384; x_wconf 85' lang='lat' dir='ltr'>omnium</span> <span class='ocrx_word' id='word_1_136' title='bbox 536 1328 681 1400; x_wconf 78' lang='lat' dir='ltr'>aequitatis</span> <span class='ocrx_word' id='word_1_137' title='bbox 695 1329 776 1384; x_wconf 88' lang='lat' dir='ltr'>lance</span> <span class='ocrx_word' id='word_1_138' title='bbox 802 1343 934 1401; x_wconf 88' lang='lat' dir='ltr'>pensare,</span> <span class='ocrx_word' id='word_1_139' title='bbox 990 1330 1226 1386; x_wconf 88' lang='lat' dir='ltr'>ostroinstratus.</span> <span class='ocrx_word' id='word_1_140' title='bbox 1244 1330 1356 1401; x_wconf 90' lang='lat' dir='ltr'>Scripta</span> <span class='ocrx_word' id='word_1_141' title='bbox 1370 1345 1487 1401; x_wconf 89' lang='lat' dir='ltr'>quoque</span> <span class='ocrx_word' id='word_1_142' title='bbox 1501 1346 1517 1384; x_wconf 88' lang='lat' dir='ltr'>a</span> <span class='ocrx_word' id='word_1_143' title='bbox 1532 1345 1608 1401; x_wconf 90' lang='lat' dir='ltr'>papa</span> <span class='ocrx_word' id='word_1_144' title='bbox 1619 1333 1647 1385; x_wconf 90' lang='lat' dir='ltr'>et</span> <span class='ocrx_word' id='word_1_145' title='bbox 1663 1329 1729 1401; x_wconf 88' lang='lat' dir='ltr'>imp</span> 
     </span>
     <span class='ocr_line' id='line_1_14' title="bbox 87 1416 1715 1492; baseline -0.001 -19"><span class='ocrx_word' id='word_1_146' title='bbox 87 1417 257 1491; x_wconf 90' lang='lat' dir='ltr'>patientiam</span> <span class='ocrx_word' id='word_1_147' title='bbox 283 1416 537 1473; x_wconf 86' lang='lat' dir='ltr'>familiarissimam</span> <span class='ocrx_word' id='word_1_148' title='bbox 558 1417 589 1472; x_wconf 93' lang='lat' dir='ltr'>in</span> <span class='ocrx_word' id='word_1_149' title='bbox 615 1417 724 1473; x_wconf 90' lang='lat' dir='ltr'>cunctis</span> <span class='ocrx_word' id='word_1_150' title='bbox 753 1417 936 1474; x_wconf 86' lang='lat' dir='ltr'>vernaculam</span> <span class='ocrx_word' id='word_1_151' title='bbox 990 1418 1130 1492; x_wconf 87' lang='lat' dir='ltr'>episcopis</span> <span class='ocrx_word' id='word_1_152' title='bbox 1153 1424 1182 1474; x_wconf 90' lang='lat' dir='ltr'>et</span> <span class='ocrx_word' id='word_1_153' title='bbox 1207 1419 1319 1475; x_wconf 87' lang='lat' dir='ltr'>coeteris</span> <span class='ocrx_word' id='word_1_154' title='bbox 1346 1418 1525 1490; x_wconf 89' lang='lat' dir='ltr'>principibus</span> <span class='ocrx_word' id='word_1_155' title='bbox 1549 1418 1715 1484; x_wconf 89' lang='lat' dir='ltr'>mittuntur,</span> 
     </span>
     <span class='ocr_line' id='line_1_15' title="bbox 87 1504 1729 1581; baseline 0 -21"><span class='ocrx_word' id='word_1_156' title='bbox 87 1505 313 1573; x_wconf 85' lang='lat' dir='ltr'>sibiccnciliare,</span> <span class='ocrx_word' id='word_1_157' title='bbox 331 1510 397 1561; x_wconf 85' lang='lat' dir='ltr'>ants</span> <span class='ocrx_word' id='word_1_158' title='bbox 417 1506 524 1575; x_wconf 88' lang='lat' dir='ltr'>omnia,</span> <span class='ocrx_word' id='word_1_159' title='bbox 548 1521 584 1560; x_wconf 89' lang='lat' dir='ltr'>ne</span> <span class='ocrx_word' id='word_1_160' title='bbox 612 1506 681 1579; x_wconf 90' lang='lat' dir='ltr'>quid</span> <span class='ocrx_word' id='word_1_161' title='bbox 706 1505 829 1562; x_wconf 88' lang='lat' dir='ltr'>nimium</span> <span class='ocrx_word' id='word_1_162' title='bbox 853 1504 937 1576; x_wconf 89' lang='lat' dir='ltr'>perti·</span> <span class='ocrx_word' id='word_1_163' title='bbox 991 1523 1108 1563; x_wconf 88' lang='lat' dir='ltr'>manum</span> <span class='ocrx_word' id='word_1_164' title='bbox 1128 1509 1256 1581; x_wconf 88' lang='lat' dir='ltr'>legatum</span> <span class='ocrx_word' id='word_1_165' title='bbox 1284 1507 1373 1580; x_wconf 90' lang='lat' dir='ltr'>digno</span> <span class='ocrx_word' id='word_1_166' title='bbox 1398 1508 1510 1563; x_wconf 92' lang='lat' dir='ltr'>honore</span> <span class='ocrx_word' id='word_1_167' title='bbox 1526 1506 1696 1579; x_wconf 87' lang='lat' dir='ltr'>suscipient,</span> <span class='ocrx_word' id='word_1_168' title='bbox 1721 1521 1729 1560; x_wconf 80' lang='grc' dir='ltr'>ι</span> 
     </span>
     <span class='ocr_line' id='line_1_16' title="bbox 87 1593 1729 1668; baseline -0.002 -17"><span class='ocrx_word' id='word_1_169' title='bbox 87 1594 198 1651; x_wconf 85' lang='lat' dir='ltr'>naciter</span> <span class='ocrx_word' id='word_1_170' title='bbox 223 1594 354 1649; x_wconf 85' lang='lat' dir='ltr'>intentet.</span> <span class='ocrx_word' id='word_1_171' title='bbox 375 1594 423 1648; x_wconf 89' lang='lat' dir='ltr'>llis</span> <span class='ocrx_word' id='word_1_172' title='bbox 445 1594 532 1667; x_wconf 86' lang='lat' dir='ltr'>gestis</span> <span class='ocrx_word' id='word_1_173' title='bbox 569 1594 738 1650; x_wconf 89' lang='lat' dir='ltr'>unanimem</span> <span class='ocrx_word' id='word_1_174' title='bbox 767 1593 934 1666; x_wconf 83' lang='lat' dir='ltr'>magistrum</span> <span class='ocrx_word' id='word_1_175' title='bbox 989 1596 1129 1668; x_wconf 79' lang='lat' dir='ltr'>legationi</span> <span class='ocrx_word' id='word_1_176' title='bbox 1170 1595 1370 1659; x_wconf 83' lang='lat' dir='ltr'>indubitanter</span> <span class='ocrx_word' id='word_1_177' title='bbox 1406 1611 1518 1664; x_wconf 90' lang='lat' dir='ltr'>omnes,</span> <span class='ocrx_word' id='word_1_178' title='bbox 1548 1595 1629 1666; x_wconf 87' lang='lat' dir='ltr'>qnasi</span> <span class='ocrx_word' id='word_1_179' title='bbox 1665 1609 1729 1666; x_wconf 75' lang='lat' dir='ltr'>apoc</span> 
     </span>
     <span class='ocr_line' id='line_1_17' title="bbox 88 1681 1729 1756; baseline -0.002 -16"><span class='ocrx_word' id='word_1_180' title='bbox 88 1684 118 1740; x_wconf 94' lang='lat' dir='ltr'>in</span> <span class='ocrx_word' id='word_1_181' title='bbox 145 1681 306 1756; x_wconf 86' lang='lat' dir='ltr'>hospitium</span> <span class='ocrx_word' id='word_1_182' title='bbox 333 1682 451 1751; x_wconf 85' lang='lat' dir='ltr'>ducens,</span> <span class='ocrx_word' id='word_1_183' title='bbox 480 1682 630 1755; x_wconf 84' lang='lat' dir='ltr'>exquisitis</span> <span class='ocrx_word' id='word_1_184' title='bbox 654 1683 736 1740; x_wconf 89' lang='lat' dir='ltr'>donis</span> <span class='ocrx_word' id='word_1_185' title='bbox 752 1688 934 1751; x_wconf 87' lang='lat' dir='ltr'>remunerat;</span> <span class='ocrx_word' id='word_1_186' title='bbox 990 1688 1274 1755; x_wconf 79' lang='lat' dir='ltr'>praesenscernatur,</span> <span class='ocrx_word' id='word_1_187' title='bbox 1294 1682 1443 1740; x_wconf 76' lang='lat' dir='ltr'>oboediant</span> <span class='ocrx_word' id='word_1_188' title='bbox 1458 1681 1501 1737; x_wconf 80' lang='lat'>¹⁰¹.</span> <span class='ocrx_word' id='word_1_189' title='bbox 1527 1682 1729 1738; x_wconf 81' lang='lat' dir='ltr'>Convenerunt</span> 
     </span>
     <span class='ocr_line' id='line_1_18' title="bbox 89 1769 1729 1845; baseline -0.002 -16"><span class='ocrx_word' id='word_1_190' title='bbox 89 1771 360 1845; x_wconf 84' lang='lat' dir='ltr'>deindcepostolico</span> <span class='ocrx_word' id='word_1_191' title='bbox 386 1777 550 1840; x_wconf 78' lang='lat' dir='ltr'>conuocato,</span> <span class='ocrx_word' id='word_1_192' title='bbox 566 1772 769 1828; x_wconf 86' lang='lat' dir='ltr'>benedictione</span> <span class='ocrx_word' id='word_1_193' title='bbox 801 1772 867 1828; x_wconf 89' lang='lat' dir='ltr'>data</span> <span class='ocrx_word' id='word_1_194' title='bbox 889 1788 936 1826; x_wconf 90' lang='lat' dir='ltr'>ca·</span> <span class='ocrx_word' id='word_1_195' title='bbox 990 1773 1094 1828; x_wconf 82' lang='lat' dir='ltr'>Palitlri</span> <span class='ocrx_word' id='word_1_196' title='bbox 1109 1773 1145 1829; x_wconf 85' lang='lat' dir='ltr'>ad</span> <span class='ocrx_word' id='word_1_197' title='bbox 1167 1773 1309 1845; x_wconf 74' lang='lat' dir='ltr'>synodum</span> <span class='ocrx_word' id='word_1_198' title='bbox 1340 1772 1452 1828; x_wconf 88' lang='lat' dir='ltr'>decimo</span> <span class='ocrx_word' id='word_1_199' title='bbox 1468 1769 1503 1807; x_wconf 77' lang='lat'>¹⁰⁸</span> <span class='ocrx_word' id='word_1_200' title='bbox 1525 1771 1668 1826; x_wconf 85' lang='lat' dir='ltr'>Kalendas</span> <span class='ocrx_word' id='word_1_201' title='bbox 1681 1769 1729 1826; x_wconf 79' lang='lat' dir='ltr'>iul</span> 
     </span>
     <span class='ocr_line' id='line_1_19' title="bbox 87 1859 1729 1933; baseline -0.002 -16"><span class='ocrx_word' id='word_1_202' title='bbox 87 1861 235 1918; x_wconf 82' lang='lat' dir='ltr'>rissimum</span> <span class='ocrx_word' id='word_1_203' title='bbox 251 1862 423 1933; x_wconf 88' lang='lat' dir='ltr'>magistrum</span> <span class='ocrx_word' id='word_1_204' title='bbox 435 1861 510 1916; x_wconf 89' lang='lat' dir='ltr'>inter</span> <span class='ocrx_word' id='word_1_205' title='bbox 524 1861 620 1916; x_wconf 89' lang='lat' dir='ltr'>oscula</span> <span class='ocrx_word' id='word_1_206' title='bbox 641 1861 742 1917; x_wconf 87' lang='lat' dir='ltr'>tientes</span> <span class='ocrx_word' id='word_1_207' title='bbox 766 1859 816 1917; x_wconf 83' lang='lat' dir='ltr'>Dei</span> <span class='ocrx_word' id='word_1_208' title='bbox 843 1859 936 1933; x_wconf 86' lang='lat' dir='ltr'>gratia</span> <span class='ocrx_word' id='word_1_209' title='bbox 990 1862 1046 1933; x_wconf 87' lang='grc'>22).</span> <span class='ocrx_word' id='word_1_210' title='bbox 1075 1861 1157 1932; x_wconf 84' lang='lat' dir='ltr'>juxta</span> <span class='ocrx_word' id='word_1_211' title='bbox 1171 1861 1319 1916; x_wconf 91' lang='lat' dir='ltr'>decretum</span> <span class='ocrx_word' id='word_1_212' title='bbox 1339 1860 1488 1932; x_wconf 90' lang='lat' dir='ltr'>apostolici</span> <span class='ocrx_word' id='word_1_213' title='bbox 1504 1860 1729 1930; x_wconf 74' lang='lat' dir='ltr'>praescriptum*</span> 
     </span>
     <span class='ocr_line' id='line_1_20' title="bbox 88 1945 1728 2022; baseline 0 -20"><span class='ocrx_word' id='word_1_214' title='bbox 88 1963 159 2020; x_wconf 91' lang='lat' dir='ltr'>pace</span> <span class='ocrx_word' id='word_1_215' title='bbox 173 1945 333 2002; x_wconf 89' lang='lat' dir='ltr'>dimittunt.</span> <span class='ocrx_word' id='word_1_216' title='bbox 346 1947 442 2004; x_wconf 89' lang='lat' dir='ltr'>Socios</span> <span class='ocrx_word' id='word_1_217' title='bbox 456 1963 572 2020; x_wconf 88' lang='lat' dir='ltr'>quoqne</span> <span class='ocrx_word' id='word_1_218' title='bbox 589 1947 641 2003; x_wconf 79' lang='lat' dir='ltr'>viee</span> <span class='ocrx_word' id='word_1_219' title='bbox 668 1963 702 2003; x_wconf 87' lang='lat' dir='ltr'>ex</span> <span class='ocrx_word' id='word_1_220' title='bbox 730 1946 789 2003; x_wconf 78' lang='lat' dir='ltr'>suris</span> <span class='ocrx_word' id='word_1_221' title='bbox 810 1946 936 2018; x_wconf 86' lang='lat' dir='ltr'>impera·</span> <span class='ocrx_word' id='word_1_222' title='bbox 990 1955 1088 2022; x_wconf 91' lang='lat' dir='ltr'>gatum</span> <span class='ocrx_word' id='word_1_223' title='bbox 1108 1965 1177 2022; x_wconf 91' lang='lat' dir='ltr'>crgo</span> <span class='ocrx_word' id='word_1_224' title='bbox 1199 1949 1279 2004; x_wconf 85' lang='lat' dir='ltr'>vario</span> <span class='ocrx_word' id='word_1_225' title='bbox 1309 1949 1411 2004; x_wconf 79' lang='lat' dir='ltr'>ellectu</span> <span class='ocrx_word' id='word_1_226' title='bbox 1426 1948 1573 2019; x_wconf 89' lang='lat' dir='ltr'>excipiunt</span> <span class='ocrx_word' id='word_1_227' title='bbox 1583 1963 1592 2014; x_wconf 88' lang='lat'>;</span> <span class='ocrx_word' id='word_1_228' title='bbox 1608 1947 1728 2019; x_wconf 88' lang='lat' dir='ltr'>archiep</span> 
     </span>
     <span class='ocr_line' id='line_1_21' title="bbox 89 2035 1729 2110; baseline -0.001 -18"><span class='ocrx_word' id='word_1_229' title='bbox 89 2040 135 2092; x_wconf 92' lang='lat' dir='ltr'>tor</span> <span class='ocrx_word' id='word_1_230' title='bbox 160 2052 226 2091; x_wconf 91' lang='lat' dir='ltr'>cum</span> <span class='ocrx_word' id='word_1_231' title='bbox 245 2035 295 2091; x_wconf 92' lang='lat' dir='ltr'>illo</span> <span class='ocrx_word' id='word_1_232' title='bbox 317 2036 424 2107; x_wconf 82' lang='lat' dir='ltr'>dirigit,</span> <span class='ocrx_word' id='word_1_233' title='bbox 441 2036 573 2108; x_wconf 86' lang='lat' dir='ltr'>quicum</span> <span class='ocrx_word' id='word_1_234' title='bbox 601 2037 755 2104; x_wconf 90' lang='lat' dir='ltr'>deducant,</span> <span class='ocrx_word' id='word_1_235' title='bbox 770 2037 805 2091; x_wconf 87' lang='lat' dir='ltr'>ad</span> <span class='ocrx_word' id='word_1_236' title='bbox 822 2053 852 2091; x_wconf 91' lang='lat' dir='ltr'>se</span> <span class='ocrx_word' id='word_1_237' title='bbox 867 2051 937 2107; x_wconf 90' lang='lat' dir='ltr'>quo·</span> <span class='ocrx_word' id='word_1_238' title='bbox 989 2054 1057 2094; x_wconf 84' lang='lat' dir='ltr'>rerc</span> <span class='ocrx_word' id='word_1_239' title='bbox 1074 2044 1102 2094; x_wconf 95' lang='lat' dir='ltr'>et</span> <span class='ocrx_word' id='word_1_240' title='bbox 1115 2038 1165 2110; x_wconf 91' lang='lat' dir='ltr'>qni</span> <span class='ocrx_word' id='word_1_241' title='bbox 1178 2039 1204 2093; x_wconf 91' lang='lat' dir='ltr'>ei</span> <span class='ocrx_word' id='word_1_242' title='bbox 1219 2038 1353 2094; x_wconf 80' lang='lat' dir='ltr'>favebant</span> <span class='ocrx_word' id='word_1_243' title='bbox 1367 2038 1440 2093; x_wconf 90' lang='lat' dir='ltr'>mira</span> <span class='ocrx_word' id='word_1_244' title='bbox 1465 2037 1668 2109; x_wconf 78' lang='lat' dir='ltr'>indignatione</span> <span class='ocrx_word' id='word_1_245' title='bbox 1683 2041 1729 2091; x_wconf 48' lang='lat' dir='ltr'>et¹</span> 
     </span>
     <span class='ocr_line' id='line_1_22' title="bbox 91 2123 1729 2198; baseline -0.001 -19"><span class='ocrx_word' id='word_1_246' title='bbox 91 2139 147 2196; x_wconf 85' lang='lat' dir='ltr'>que</span> <span class='ocrx_word' id='word_1_247' title='bbox 186 2129 356 2192; x_wconf 88' lang='lat' dir='ltr'>remeantes,</span> <span class='ocrx_word' id='word_1_248' title='bbox 395 2124 473 2179; x_wconf 91' lang='lat' dir='ltr'>illius</span> <span class='ocrx_word' id='word_1_249' title='bbox 499 2125 632 2191; x_wconf 89' lang='lat' dir='ltr'>salutem,</span> <span class='ocrx_word' id='word_1_250' title='bbox 677 2123 790 2179; x_wconf 91' lang='lat' dir='ltr'>itineris</span> <span class='ocrx_word' id='word_1_251' title='bbox 820 2139 937 2196; x_wconf 89' lang='lat' dir='ltr'>quoque</span> <span class='ocrx_word' id='word_1_252' title='bbox 990 2128 1066 2183; x_wconf 90' lang='lat' dir='ltr'>tione</span> <span class='ocrx_word' id='word_1_253' title='bbox 1083 2127 1163 2183; x_wconf 91' lang='lat' dir='ltr'>illum</span> <span class='ocrx_word' id='word_1_254' title='bbox 1176 2127 1359 2196; x_wconf 89' lang='lat' dir='ltr'>spernebant.</span> <span class='ocrx_word' id='word_1_255' title='bbox 1372 2127 1528 2198; x_wconf 85' lang='lat' dir='ltr'>Episcopus</span> <span class='ocrx_word' id='word_1_256' title='bbox 1553 2141 1619 2180; x_wconf 87' lang='lat' dir='ltr'>vero</span> <span class='ocrx_word' id='word_1_257' title='bbox 1640 2125 1729 2180; x_wconf 79' lang='lat' dir='ltr'>llernx</span> 
     </span>
     <span class='ocr_line' id='line_1_23' title="bbox 89 2211 1715 2285; baseline 0.001 -18"><span class='ocrx_word' id='word_1_258' title='bbox 89 2211 310 2285; x_wconf 85' lang='lat' dir='ltr'>prosperitatem</span> <span class='ocrx_word' id='word_1_259' title='bbox 323 2218 477 2284; x_wconf 87' lang='lat' dir='ltr'>exponant.</span> <span class='ocrx_word' id='word_1_260' title='bbox 500 2212 595 2268; x_wconf 86' lang='lat' dir='ltr'>Rebus</span> <span class='ocrx_word' id='word_1_261' title='bbox 622 2211 721 2285; x_wconf 89' lang='lat' dir='ltr'>itaque</span> <span class='ocrx_word' id='word_1_262' title='bbox 742 2211 792 2267; x_wconf 85' lang='lat' dir='ltr'>Dei</span> <span class='ocrx_word' id='word_1_263' title='bbox 810 2212 935 2267; x_wconf 88' lang='lat' dir='ltr'>clemen·</span> <span class='ocrx_word' id='word_1_264' title='bbox 991 2220 1019 2271; x_wconf 94' lang='lat' dir='ltr'>et</span> <span class='ocrx_word' id='word_1_265' title='bbox 1034 2213 1149 2270; x_wconf 85' lang='lat' dir='ltr'>Lievezo</span> <span class='ocrx_word' id='word_1_266' title='bbox 1166 2212 1202 2254; x_wconf 80' lang='lat'>¹⁰⁵</span> <span class='ocrx_word' id='word_1_267' title='bbox 1218 2213 1512 2285; x_wconf 77' lang='lat' dir='ltr'>hammenburgensis</span> <span class='ocrx_word' id='word_1_268' title='bbox 1527 2213 1715 2284; x_wconf 78' lang='lat' dir='ltr'>archipraesul</span> 
     </span>
     <span class='ocr_line' id='line_1_24' title="bbox 90 2299 1729 2374; baseline -0.001 -17"><span class='ocrx_word' id='word_1_269' title='bbox 90 2302 244 2358; x_wconf 85' lang='lat' dir='ltr'>tiarotum</span> <span class='ocrx_word' id='word_1_270' title='bbox 272 2300 450 2368; x_wconf 85' lang='lat' dir='ltr'>cedentibus,</span> <span class='ocrx_word' id='word_1_271' title='bbox 478 2300 596 2371; x_wconf 88' lang='lat' dir='ltr'>Papiam</span> <span class='ocrx_word' id='word_1_272' title='bbox 629 2299 772 2372; x_wconf 85' lang='lat' dir='ltr'>pervenit,</span> <span class='ocrx_word' id='word_1_273' title='bbox 801 2300 850 2355; x_wconf 93' lang='lat' dir='ltr'>ubi</span> <span class='ocrx_word' id='word_1_274' title='bbox 874 2299 936 2370; x_wconf 87' lang='lat' dir='ltr'>ejus</span> <span class='ocrx_word' id='word_1_275' title='bbox 990 2304 1152 2374; x_wconf 85' lang='lat' dir='ltr'>conplures,</span> <span class='ocrx_word' id='word_1_276' title='bbox 1164 2307 1327 2357; x_wconf 82' lang='lat' dir='ltr'>reverenter</span> <span class='ocrx_word' id='word_1_277' title='bbox 1356 2319 1422 2357; x_wconf 90' lang='lat' dir='ltr'>eum</span> <span class='ocrx_word' id='word_1_278' title='bbox 1449 2302 1609 2357; x_wconf 89' lang='lat' dir='ltr'>tractabant</span> <span class='ocrx_word' id='word_1_279' title='bbox 1635 2299 1729 2372; x_wconf 64' lang='lat' dir='ltr'>praeci]</span> 
     </span>
     <span class='ocr_line' id='line_1_25' title="bbox 90 2387 1730 2462; baseline -0.002 -15"><span class='ocrx_word' id='word_1_280' title='bbox 90 2390 244 2447; x_wconf 86' lang='lat' dir='ltr'>adventum</span> <span class='ocrx_word' id='word_1_281' title='bbox 267 2391 405 2462; x_wconf 85' lang='lat' dir='ltr'>praesules</span> <span class='ocrx_word' id='word_1_282' title='bbox 418 2405 451 2443; x_wconf 89' lang='lat' dir='ltr'>ac</span> <span class='ocrx_word' id='word_1_283' title='bbox 464 2390 584 2444; x_wconf 88' lang='lat' dir='ltr'>comites</span> <span class='ocrx_word' id='word_1_284' title='bbox 602 2387 691 2443; x_wconf 90' lang='lat' dir='ltr'>totius</span> <span class='ocrx_word' id='word_1_285' title='bbox 709 2387 831 2459; x_wconf 84' lang='lat' dir='ltr'>Ligurine</span> <span class='ocrx_word' id='word_1_286' title='bbox 850 2405 936 2460; x_wconf 89' lang='lat' dir='ltr'>expe·</span> <span class='ocrx_word' id='word_1_287' title='bbox 990 2392 1100 2448; x_wconf 87' lang='lat' dir='ltr'>honore</span> <span class='ocrx_word' id='word_1_288' title='bbox 1115 2392 1257 2446; x_wconf 87' lang='lat' dir='ltr'>colebant.</span> <span class='ocrx_word' id='word_1_289' title='bbox 1278 2391 1332 2446; x_wconf 91' lang='lat' dir='ltr'>Sed</span> <span class='ocrx_word' id='word_1_290' title='bbox 1359 2395 1512 2462; x_wconf 88' lang='lat' dir='ltr'>postquam</span> <span class='ocrx_word' id='word_1_291' title='bbox 1539 2390 1575 2445; x_wconf 88' lang='lat' dir='ltr'>ad</span> <span class='ocrx_word' id='word_1_292' title='bbox 1603 2389 1730 2444; x_wconf 84' lang='lat' dir='ltr'>concilia</span> 
     </span>
    </p>
   </div>
   <div class='ocr_carea' id='block_1_3' title="bbox 41 2476 1729 3083">
    <p class='ocr_par' dir='ltr' id='par_1_4' title="bbox 41 2476 1729 3083">
     <span class='ocr_line' id='line_1_26' title="bbox 92 2476 1729 2550; baseline -0.002 -16"><span class='ocrx_word' id='word_1_293' title='bbox 92 2479 216 2534; x_wconf 89' lang='lat' dir='ltr'>ctabant.</span> <span class='ocrx_word' id='word_1_294' title='bbox 234 2477 343 2545; x_wconf 75' lang='lat' dir='ltr'>Quibus</span> <span class='ocrx_word' id='word_1_295' title='bbox 357 2477 534 2550; x_wconf 88' lang='lat' dir='ltr'>legationem</span> <span class='ocrx_word' id='word_1_296' title='bbox 549 2476 731 2548; x_wconf 88' lang='lat' dir='ltr'>imperatoris</span> <span class='ocrx_word' id='word_1_297' title='bbox 747 2477 836 2548; x_wconf 90' lang='lat' dir='ltr'>dedit,</span> <span class='ocrx_word' id='word_1_298' title='bbox 852 2482 937 2549; x_wconf 88' lang='lat' dir='ltr'>atque</span> <span class='ocrx_word' id='word_1_299' title='bbox 991 2486 1053 2535; x_wconf 90' lang='lat' dir='ltr'>tum</span> <span class='ocrx_word' id='word_1_300' title='bbox 1068 2485 1120 2546; x_wconf 90' lang='lat' dir='ltr'>est,</span> <span class='ocrx_word' id='word_1_301' title='bbox 1135 2479 1180 2534; x_wconf 86' lang='lat' dir='ltr'>vix</span> <span class='ocrx_word' id='word_1_302' title='bbox 1196 2479 1251 2534; x_wconf 90' lang='lat' dir='ltr'>dici</span> <span class='ocrx_word' id='word_1_303' title='bbox 1266 2479 1383 2550; x_wconf 89' lang='lat' dir='ltr'>poterit,</span> <span class='ocrx_word' id='word_1_304' title='bbox 1400 2484 1508 2550; x_wconf 89' lang='lat' dir='ltr'>quanta</span> <span class='ocrx_word' id='word_1_305' title='bbox 1518 2478 1660 2533; x_wconf 85' lang='lat' dir='ltr'>seditione</span> <span class='ocrx_word' id='word_1_306' title='bbox 1673 2481 1729 2532; x_wconf 83' lang='lat' dir='ltr'>cta</span> 
     </span>
     <span class='ocr_line' id='line_1_27' title="bbox 90 2565 1729 2638; baseline -0.001 -16"><span class='ocrx_word' id='word_1_307' title='bbox 90 2567 243 2638; x_wconf 87' lang='lat' dir='ltr'>inplacito</span> <span class='ocrx_word' id='word_1_308' title='bbox 262 2566 424 2633; x_wconf 88' lang='lat' dir='ltr'>considens,</span> <span class='ocrx_word' id='word_1_309' title='bbox 453 2566 734 2637; x_wconf 87' lang='lat' dir='ltr'>pluracumillisde</span> <span class='ocrx_word' id='word_1_310' title='bbox 758 2565 937 2638; x_wconf 79' lang='lat' dir='ltr'>reipublice</span> <span class='ocrx_word' id='word_1_311' title='bbox 990 2567 1160 2638; x_wconf 89' lang='lat' dir='ltr'>agitaretur.</span> <span class='ocrx_word' id='word_1_312' title='bbox 1183 2569 1318 2622; x_wconf 85' lang='lat' dir='ltr'>Namnec</span> <span class='ocrx_word' id='word_1_313' title='bbox 1345 2568 1424 2622; x_wconf 90' lang='lat' dir='ltr'>locus</span> <span class='ocrx_word' id='word_1_314' title='bbox 1439 2566 1574 2621; x_wconf 87' lang='lat' dir='ltr'>sessionis</span> <span class='ocrx_word' id='word_1_315' title='bbox 1603 2566 1729 2621; x_wconf 70' lang='lat' dir='ltr'>vicarios</span> 
     </span>
     <span class='ocr_line' id='line_1_28' title="bbox 91 2653 1729 2726; baseline -0.002 -14"><span class='ocrx_word' id='word_1_316' title='bbox 91 2655 265 2712; x_wconf 87' lang='lat' dir='ltr'>utilitatibus</span> <span class='ocrx_word' id='word_1_317' title='bbox 282 2655 413 2711; x_wconf 87' lang='lat' dir='ltr'>contulit.</span> <span class='ocrx_word' id='word_1_318' title='bbox 428 2654 514 2719; x_wconf 87' lang='lat' dir='ltr'>,lilius</span> <span class='ocrx_word' id='word_1_319' title='bbox 547 2670 672 2726; x_wconf 90' lang='lat' dir='ltr'>namque</span> <span class='ocrx_word' id='word_1_320' title='bbox 695 2654 816 2709; x_wconf 87' lang='lat' dir='ltr'>consilio</span> <span class='ocrx_word' id='word_1_321' title='bbox 843 2656 937 2710; x_wconf 89' lang='lat' dir='ltr'>cuncti</span> <span class='ocrx_word' id='word_1_322' title='bbox 990 2656 1038 2711; x_wconf 92' lang='lat' dir='ltr'>lici</span> <span class='ocrx_word' id='word_1_323' title='bbox 1053 2656 1173 2711; x_wconf 85' lang='lat' dir='ltr'>idoneus</span> <span class='ocrx_word' id='word_1_324' title='bbox 1187 2656 1363 2721; x_wconf 90' lang='lat' dir='ltr'>conceditur,</span> <span class='ocrx_word' id='word_1_325' title='bbox 1380 2655 1525 2712; x_wconf 91' lang='lat' dir='ltr'>horribilis</span> <span class='ocrx_word' id='word_1_326' title='bbox 1548 2655 1688 2725; x_wconf 88' lang='lat' dir='ltr'>strepitus</span> <span class='ocrx_word' id='word_1_327' title='bbox 1716 2653 1729 2709; x_wconf 89' lang='lat' dir='ltr'>i</span> 
     </span>
     <span class='ocr_line' id='line_1_29' title="bbox 88 2742 1729 2819; baseline -0.001 -18"><span class='ocrx_word' id='word_1_328' title='bbox 88 2745 238 2819; x_wconf 84' lang='lat' dir='ltr'>parebant,</span> <span class='ocrx_word' id='word_1_329' title='bbox 253 2744 332 2815; x_wconf 88' lang='lat' dir='ltr'>qnia,</span> <span class='ocrx_word' id='word_1_330' title='bbox 348 2749 490 2816; x_wconf 90' lang='lat' dir='ltr'>quantum</span> <span class='ocrx_word' id='word_1_331' title='bbox 506 2743 541 2799; x_wconf 87' lang='lat' dir='ltr'>ab</span> <span class='ocrx_word' id='word_1_332' title='bbox 557 2744 728 2815; x_wconf 87' lang='lat' dir='ltr'>imperatore</span> <span class='ocrx_word' id='word_1_333' title='bbox 754 2743 935 2816; x_wconf 88' lang='lat' dir='ltr'>diligeretur,</span> <span class='ocrx_word' id='word_1_334' title='bbox 990 2750 1084 2814; x_wconf 90' lang='lat' dir='ltr'>natur,</span> <span class='ocrx_word' id='word_1_335' title='bbox 1101 2745 1149 2816; x_wconf 88' lang='lat' dir='ltr'>jus</span> <span class='ocrx_word' id='word_1_336' title='bbox 1176 2744 1275 2816; x_wconf 80' lang='lat' dir='ltr'>fasque</span> <span class='ocrx_word' id='word_1_337' title='bbox 1295 2743 1330 2781; x_wconf 77' lang='lat'>¹⁰⁴</span> <span class='ocrx_word' id='word_1_338' title='bbox 1353 2745 1579 2815; x_wconf 84' lang='lat' dir='ltr'>contempnitur,</span> <span class='ocrx_word' id='word_1_339' title='bbox 1606 2742 1729 2799; x_wconf 89' lang='lat' dir='ltr'>canonic</span> 
     </span>
     <span class='ocr_line' id='line_1_30' title="bbox 41 2832 1729 2912; baseline -0.001 -23"><span class='ocrx_word' id='word_1_340' title='bbox 41 2896 50 2912; x_wconf 36' lang='grc' dir='ltr'>ι</span> <span class='ocrx_word' id='word_1_341' title='bbox 90 2833 225 2890; x_wconf 87' lang='lat' dir='ltr'>sciebant.</span> <span class='ocrx_word' id='word_1_342' title='bbox 242 2833 297 2888; x_wconf 86' lang='lat' dir='ltr'>Leo</span> <span class='ocrx_word' id='word_1_343' title='bbox 313 2832 419 2905; x_wconf 90' lang='lat' dir='ltr'>quippe</span> <span class='ocrx_word' id='word_1_344' title='bbox 435 2832 620 2887; x_wconf 82' lang='lat' dir='ltr'>vercellensis</span> <span class='ocrx_word' id='word_1_345' title='bbox 639 2832 801 2903; x_wconf 86' lang='lat' dir='ltr'>episcopus,</span> <span class='ocrx_word' id='word_1_346' title='bbox 830 2832 873 2887; x_wconf 87' lang='lat' dir='ltr'>vir</span> <span class='ocrx_word' id='word_1_347' title='bbox 889 2833 935 2888; x_wconf 89' lang='lat' dir='ltr'>lit·</span> <span class='ocrx_word' id='word_1_348' title='bbox 992 2834 1071 2905; x_wconf 90' lang='lat' dir='ltr'>plina</span> <span class='ocrx_word' id='word_1_349' title='bbox 1089 2833 1264 2889; x_wconf 82' lang='lat' dir='ltr'>annrrllatur.</span> <span class='ocrx_word' id='word_1_350' title='bbox 1291 2832 1417 2888; x_wconf 78' lang='lat' dir='ltr'>vicarius</span> <span class='ocrx_word' id='word_1_351' title='bbox 1442 2833 1516 2888; x_wconf 90' lang='lat' dir='ltr'>inter</span> <span class='ocrx_word' id='word_1_352' title='bbox 1534 2832 1729 2904; x_wconf 83' lang='lat' dir='ltr'>episcoposl</span> 
     </span>
     <span class='ocr_line' id='line_1_31' title="bbox 93 2919 1729 2993; baseline -0.001 -16"><span class='ocrx_word' id='word_1_353' title='bbox 93 2922 163 2978; x_wconf 91' lang='lat' dir='ltr'>teris</span> <span class='ocrx_word' id='word_1_354' title='bbox 176 2921 316 2987; x_wconf 88' lang='lat' dir='ltr'>eruditus,</span> <span class='ocrx_word' id='word_1_355' title='bbox 336 2919 416 2975; x_wconf 85' lang='lat' dir='ltr'>fandi</span> <span class='ocrx_word' id='word_1_356' title='bbox 440 2936 557 2992; x_wconf 89' lang='lat' dir='ltr'>quoque</span> <span class='ocrx_word' id='word_1_357' title='bbox 588 2919 670 2992; x_wconf 91' lang='lat' dir='ltr'>copia</span> <span class='ocrx_word' id='word_1_358' title='bbox 697 2920 881 2987; x_wconf 85' lang='lat' dir='ltr'>exercitatus,</span> <span class='ocrx_word' id='word_1_359' title='bbox 901 2923 971 2979; x_wconf 83' lang='lat' dir='ltr'>adC</span> <span class='ocrx_word' id='word_1_360' title='bbox 990 2939 1056 2979; x_wconf 89' lang='lat' dir='ltr'>nem</span> <span class='ocrx_word' id='word_1_361' title='bbox 1072 2920 1106 2962; x_wconf 81' lang='lat'>¹⁰⁷</span> <span class='ocrx_word' id='word_1_362' title='bbox 1119 2928 1148 2978; x_wconf 90' lang='lat' dir='ltr'>et</span> <span class='ocrx_word' id='word_1_363' title='bbox 1162 2922 1345 2978; x_wconf 78' lang='lat' dir='ltr'>bernardum</span> <span class='ocrx_word' id='word_1_364' title='bbox 1375 2922 1487 2990; x_wconf 90' lang='lat' dir='ltr'>sedens,</span> <span class='ocrx_word' id='word_1_365' title='bbox 1514 2921 1665 2993; x_wconf 90' lang='lat' dir='ltr'>apostolici</span> <span class='ocrx_word' id='word_1_366' title='bbox 1692 2937 1729 2977; x_wconf 83' lang='lat' dir='ltr'>scr</span> 
     </span>
     <span class='ocr_line' id='line_1_32' title="bbox 91 3001 1729 3083; baseline -0.001 -17"><span class='ocrx_word' id='word_1_367' title='bbox 91 3008 329 3066; x_wconf 83' lang='lat' dir='ltr'>suamciritatem</span> <span class='ocrx_word' id='word_1_368' title='bbox 344 3008 468 3063; x_wconf 88' lang='lat' dir='ltr'>maximo</span> <span class='ocrx_word' id='word_1_369' title='bbox 497 3001 868 3065; x_wconf 86' lang='lat' dir='ltr'>honoreetallectuillum</span> <span class='ocrx_word' id='word_1_370' title='bbox 895 3009 939 3064; x_wconf 92' lang='lat' dir='ltr'>in·</span> <span class='ocrx_word' id='word_1_371' title='bbox 992 3011 1164 3083; x_wconf 88' lang='lat' dir='ltr'>legationem</span> <span class='ocrx_word' id='word_1_372' title='bbox 1180 3012 1215 3082; x_wconf 82' lang='lat' dir='ltr'>ad</span> <span class='ocrx_word' id='word_1_373' title='bbox 1230 3010 1380 3082; x_wconf 86' lang='lat' dir='ltr'>episcopos</span> <span class='ocrx_word' id='word_1_374' title='bbox 1391 3027 1419 3065; x_wconf 91' lang='lat' dir='ltr'>se</span> <span class='ocrx_word' id='word_1_375' title='bbox 1433 3009 1552 3079; x_wconf 91' lang='lat' dir='ltr'>haberc;</span> <span class='ocrx_word' id='word_1_376' title='bbox 1579 3010 1729 3065; x_wconf 87' lang='lat' dir='ltr'>facultater</span> 
     </span>
    </p>
   </div>
   <div class='ocr_carea' id='block_1_4' title="bbox 91 3096 1730 4763">
    <p class='ocr_par' dir='ltr' id='par_1_5' title="bbox 91 3096 1730 4763">
     <span class='ocr_line' id='line_1_33' title="bbox 91 3096 1727 3172; baseline 0.003 -23"><span class='ocrx_word' id='word_1_377' title='bbox 91 3097 209 3168; x_wconf 83' lang='lat' dir='ltr'>sitavit,·</span> <span class='ocrx_word' id='word_1_378' title='bbox 223 3097 269 3152; x_wconf 83' lang='lat' dir='ltr'>rix</span> <span class='ocrx_word' id='word_1_379' title='bbox 285 3111 402 3169; x_wconf 89' lang='lat' dir='ltr'>quoque</span> <span class='ocrx_word' id='word_1_380' title='bbox 417 3096 554 3161; x_wconf 78' lang='lat' dir='ltr'>obtinuit3</span> <span class='ocrx_word' id='word_1_381' title='bbox 575 3098 810 3171; x_wconf 82' lang='lat' dir='ltr'>proeveniensque</span> <span class='ocrx_word' id='word_1_382' title='bbox 822 3099 938 3153; x_wconf 90' lang='lat' dir='ltr'>collecto</span> <span class='ocrx_word' id='word_1_383' title='bbox 993 3099 1101 3172; x_wconf 90' lang='lat' dir='ltr'>quendi</span> <span class='ocrx_word' id='word_1_384' title='bbox 1121 3116 1186 3171; x_wconf 83' lang='lat' dir='ltr'>qnae</span> <span class='ocrx_word' id='word_1_385' title='bbox 1213 3100 1296 3165; x_wconf 85' lang='lat' dir='ltr'>ierat,</span> <span class='ocrx_word' id='word_1_386' title='bbox 1320 3099 1375 3154; x_wconf 89' lang='lat' dir='ltr'>sibi</span> <span class='ocrx_word' id='word_1_387' title='bbox 1398 3099 1526 3155; x_wconf 87' lang='lat' dir='ltr'>exhiberi</span> <span class='ocrx_word' id='word_1_388' title='bbox 1542 3100 1652 3154; x_wconf 81' lang='lat' dir='ltr'>orabat.</span> <span class='ocrx_word' id='word_1_389' title='bbox 1684 3099 1727 3154; x_wconf 88' lang='lat' dir='ltr'>lm</span> 
     </span>
     <span class='ocr_line' id='line_1_34' title="bbox 92 3183 1729 3260; baseline -0.002 -19"><span class='ocrx_word' id='word_1_390' title='bbox 92 3185 218 3241; x_wconf 85' lang='lat' dir='ltr'>maximo</span> <span class='ocrx_word' id='word_1_391' title='bbox 243 3183 278 3222; x_wconf 85' lang='lat'>¹⁰¹</span> <span class='ocrx_word' id='word_1_392' title='bbox 305 3183 375 3238; x_wconf 88' lang='lat' dir='ltr'>cleri</span> <span class='ocrx_word' id='word_1_393' title='bbox 401 3184 560 3256; x_wconf 89' lang='lat' dir='ltr'>populique</span> <span class='ocrx_word' id='word_1_394' title='bbox 588 3189 672 3252; x_wconf 85' lang='lat' dir='ltr'>coetn,</span> <span class='ocrx_word' id='word_1_395' title='bbox 701 3185 731 3240; x_wconf 93' lang='lat' dir='ltr'>in</span> <span class='ocrx_word' id='word_1_396' title='bbox 757 3185 869 3241; x_wconf 88' lang='lat' dir='ltr'>laudem</span> <span class='ocrx_word' id='word_1_397' title='bbox 889 3186 939 3241; x_wconf 87' lang='lat' dir='ltr'>Dei</span> <span class='ocrx_word' id='word_1_398' title='bbox 993 3188 1119 3260; x_wconf 85' lang='lat' dir='ltr'>deniqne</span> <span class='ocrx_word' id='word_1_399' title='bbox 1145 3185 1729 3259; x_wconf 75' lang='lat' dir='ltr'>¹⁰⁸silentio,primodulciallamineepi</span> 
     </span>
     <span class='ocr_line' id='line_1_35' title="bbox 92 3270 1706 3348; baseline 0.001 -19"><span class='ocrx_word' id='word_1_400' title='bbox 92 3272 201 3329; x_wconf 90' lang='lat' dir='ltr'>cunctis</span> <span class='ocrx_word' id='word_1_401' title='bbox 229 3270 429 3344; x_wconf 86' lang='lat' dir='ltr'>psallentibus,</span> <span class='ocrx_word' id='word_1_402' title='bbox 442 3272 590 3344; x_wconf 84' lang='lat' dir='ltr'>campanis</span> <span class='ocrx_word' id='word_1_403' title='bbox 617 3288 733 3345; x_wconf 89' lang='lat' dir='ltr'>quoqne</span> <span class='ocrx_word' id='word_1_404' title='bbox 748 3275 939 3345; x_wconf 83' lang='lat' dir='ltr'>personanti·</span> <span class='ocrx_word' id='word_1_405' title='bbox 994 3279 1029 3334; x_wconf 89' lang='lat' dir='ltr'>de</span> <span class='ocrx_word' id='word_1_406' title='bbox 1058 3293 1127 3348; x_wconf 90' lang='lat' dir='ltr'>pace</span> <span class='ocrx_word' id='word_1_407' title='bbox 1142 3283 1170 3333; x_wconf 90' lang='lat' dir='ltr'>et</span> <span class='ocrx_word' id='word_1_408' title='bbox 1184 3276 1302 3332; x_wconf 89' lang='lat' dir='ltr'>caritate</span> <span class='ocrx_word' id='word_1_409' title='bbox 1317 3282 1345 3331; x_wconf 89' lang='lat' dir='ltr'>et</span> <span class='ocrx_word' id='word_1_410' title='bbox 1366 3276 1706 3344; x_wconf 90' lang='lat' dir='ltr'>concordiacommonet,</span> 
     </span>
     <span class='ocr_line' id='line_1_36' title="bbox 92 3360 1730 3437; baseline 0 -19"><span class='ocrx_word' id='word_1_411' title='bbox 92 3363 158 3431; x_wconf 91' lang='lat' dir='ltr'>hus,</span> <span class='ocrx_word' id='word_1_412' title='bbox 181 3376 241 3417; x_wconf 92' lang='lat' dir='ltr'>non</span> <span class='ocrx_word' id='word_1_413' title='bbox 270 3360 377 3416; x_wconf 90' lang='lat' dir='ltr'>minori</span> <span class='ocrx_word' id='word_1_414' title='bbox 400 3360 510 3416; x_wconf 88' lang='lat' dir='ltr'>ambitu</span> <span class='ocrx_word' id='word_1_415' title='bbox 526 3376 613 3432; x_wconf 85' lang='lat' dir='ltr'>quarn</span> <span class='ocrx_word' id='word_1_416' title='bbox 639 3361 663 3416; x_wconf 86' lang='lat' dir='ltr'>si</span> <span class='ocrx_word' id='word_1_417' title='bbox 689 3377 764 3433; x_wconf 87' lang='lat' dir='ltr'>papa</span> <span class='ocrx_word' id='word_1_418' title='bbox 792 3363 940 3420; x_wconf 79' lang='lat' dir='ltr'>adveniret</span> <span class='ocrx_word' id='word_1_419' title='bbox 994 3366 1144 3437; x_wconf 85' lang='lat' dir='ltr'>epistolam</span> <span class='ocrx_word' id='word_1_420' title='bbox 1169 3381 1252 3436; x_wconf 79' lang='lat' dir='ltr'>papae</span> <span class='ocrx_word' id='word_1_421' title='bbox 1269 3364 1485 3435; x_wconf 88' lang='lat' dir='ltr'>archiepiscopo</span> <span class='ocrx_word' id='word_1_422' title='bbox 1513 3364 1676 3437; x_wconf 87' lang='lat' dir='ltr'>specialiter</span> <span class='ocrx_word' id='word_1_423' title='bbox 1701 3362 1730 3420; x_wconf 89' lang='lat' dir='ltr'>di</span> 
     </span>
     <span class='ocr_line' id='line_1_37' title="bbox 93 3448 1729 3524; baseline -0.001 -16"><span class='ocrx_word' id='word_1_424' title='bbox 93 3455 222 3522; x_wconf 85' lang='lat' dir='ltr'>excepto,</span> <span class='ocrx_word' id='word_1_425' title='bbox 236 3448 392 3520; x_wconf 86' lang='lat' dir='ltr'>omniaque</span> <span class='ocrx_word' id='word_1_426' title='bbox 412 3449 443 3505; x_wconf 95' lang='lat' dir='ltr'>in</span> <span class='ocrx_word' id='word_1_427' title='bbox 468 3449 628 3504; x_wconf 89' lang='lat' dir='ltr'>ministerio</span> <span class='ocrx_word' id='word_1_428' title='bbox 642 3450 704 3520; x_wconf 88' lang='lat' dir='ltr'>ejus</span> <span class='ocrx_word' id='word_1_429' title='bbox 720 3450 939 3522; x_wconf 83' lang='lat' dir='ltr'>opulentissimo</span> <span class='ocrx_word' id='word_1_430' title='bbox 994 3452 1114 3524; x_wconf 82' lang='lat' dir='ltr'>profert,</span> <span class='ocrx_word' id='word_1_431' title='bbox 1125 3450 1298 3522; x_wconf 85' lang='lat' dir='ltr'>publiceque</span> <span class='ocrx_word' id='word_1_432' title='bbox 1321 3450 1351 3506; x_wconf 93' lang='lat' dir='ltr'>in</span> <span class='ocrx_word' id='word_1_433' title='bbox 1367 3451 1486 3506; x_wconf 90' lang='lat' dir='ltr'>auribus</span> <span class='ocrx_word' id='word_1_434' title='bbox 1500 3451 1631 3506; x_wconf 91' lang='lat' dir='ltr'>omnium</span> <span class='ocrx_word' id='word_1_435' title='bbox 1647 3450 1729 3506; x_wconf 84' lang='lat' dir='ltr'>recitr</span> 
     </span>
     <span class='ocr_line' id='line_1_38' title="bbox 94 3537 1729 3612; baseline -0.002 -17"><span class='ocrx_word' id='word_1_436' title='bbox 94 3540 161 3595; x_wconf 89' lang='lat' dir='ltr'>luxu</span> <span class='ocrx_word' id='word_1_437' title='bbox 184 3543 324 3611; x_wconf 88' lang='lat' dir='ltr'>quantum</span> <span class='ocrx_word' id='word_1_438' title='bbox 340 3537 526 3610; x_wconf 88' lang='lat' dir='ltr'>imperatum,</span> <span class='ocrx_word' id='word_1_439' title='bbox 541 3538 743 3610; x_wconf 84' lang='lat' dir='ltr'>estimpendit,</span> <span class='ocrx_word' id='word_1_440' title='bbox 757 3539 840 3594; x_wconf 86' lang='lat' dir='ltr'>donis</span> <span class='ocrx_word' id='word_1_441' title='bbox 867 3556 939 3612; x_wconf 91' lang='lat' dir='ltr'>quo·</span> <span class='ocrx_word' id='word_1_442' title='bbox 993 3546 1084 3595; x_wconf 86' lang='lat' dir='ltr'>catur.</span> <span class='ocrx_word' id='word_1_443' title='bbox 1101 3541 1192 3605; x_wconf 80' lang='lat' dir='ltr'>eram</span> <span class='ocrx_word' id='word_1_444' title='bbox 1209 3555 1274 3593; x_wconf 91' lang='lat' dir='ltr'>cum</span> <span class='ocrx_word' id='word_1_445' title='bbox 1295 3539 1526 3612; x_wconf 88' lang='lat' dir='ltr'>archiepiscopus</span> <span class='ocrx_word' id='word_1_446' title='bbox 1541 3544 1660 3611; x_wconf 86' lang='lat' dir='ltr'>tangere</span> <span class='ocrx_word' id='word_1_447' title='bbox 1687 3538 1729 3595; x_wconf 84' lang='lat' dir='ltr'>sel</span> 
     </span>
     <span class='ocr_line' id='line_1_39' title="bbox 94 3625 1722 3701; baseline -0.001 -17"><span class='ocrx_word' id='word_1_448' title='bbox 94 3638 151 3701; x_wconf 83' lang='lat' dir='ltr'>que</span> <span class='ocrx_word' id='word_1_449' title='bbox 170 3627 281 3684; x_wconf 88' lang='lat' dir='ltr'>eximiis</span> <span class='ocrx_word' id='word_1_450' title='bbox 293 3626 455 3682; x_wconf 84' lang='lat' dir='ltr'>honorarit.</span> <span class='ocrx_word' id='word_1_451' title='bbox 471 3626 568 3684; x_wconf 91' lang='lat' dir='ltr'>Socios</span> <span class='ocrx_word' id='word_1_452' title='bbox 583 3642 700 3699; x_wconf 87' lang='lat' dir='ltr'>quoqne</span> <span class='ocrx_word' id='word_1_453' title='bbox 711 3643 775 3682; x_wconf 78' lang='lat' dir='ltr'>crum</span> <span class='ocrx_word' id='word_1_454' title='bbox 789 3628 839 3683; x_wconf 92' lang='lat' dir='ltr'>illo</span> <span class='ocrx_word' id='word_1_455' title='bbox 852 3629 939 3696; x_wconf 90' lang='lat' dir='ltr'>misit,</span> <span class='ocrx_word' id='word_1_456' title='bbox 995 3629 1199 3699; x_wconf 88' lang='lat' dir='ltr'>dedignaretur</span> <span class='ocrx_word' id='word_1_457' title='bbox 1224 3625 1273 3695; x_wconf 79' lang='lat'>¹⁰⁹,</span> <span class='ocrx_word' id='word_1_458' title='bbox 1298 3627 1616 3700; x_wconf 90' lang='lat' dir='ltr'>episcopornmjudicio</span> <span class='ocrx_word' id='word_1_459' title='bbox 1627 3628 1722 3700; x_wconf 83' lang='lat' dir='ltr'>palam</span> 
     </span>
     <span class='ocr_line' id='line_1_40' title="bbox 94 3714 1729 3790; baseline -0.002 -17"><span class='ocrx_word' id='word_1_460' title='bbox 94 3718 145 3790; x_wconf 91' lang='lat' dir='ltr'>qui</span> <span class='ocrx_word' id='word_1_461' title='bbox 158 3716 291 3790; x_wconf 86' lang='lat' dir='ltr'>sequenti</span> <span class='ocrx_word' id='word_1_462' title='bbox 317 3717 363 3772; x_wconf 90' lang='lat' dir='ltr'>die</span> <span class='ocrx_word' id='word_1_463' title='bbox 383 3716 543 3788; x_wconf 89' lang='lat' dir='ltr'>hospitium</span> <span class='ocrx_word' id='word_1_464' title='bbox 570 3716 664 3788; x_wconf 85' lang='lat' dir='ltr'>plenis</span> <span class='ocrx_word' id='word_1_465' title='bbox 690 3716 779 3787; x_wconf 89' lang='lat' dir='ltr'>copiis</span> <span class='ocrx_word' id='word_1_466' title='bbox 806 3717 939 3788; x_wconf 80' lang='lat' dir='ltr'>procide·</span> <span class='ocrx_word' id='word_1_467' title='bbox 994 3717 1093 3774; x_wconf 88' lang='lat' dir='ltr'>citata:</span> <span class='ocrx_word' id='word_1_468' title='bbox 1115 3715 1146 3772; x_wconf 91' lang='lat' dir='ltr'>in</span> <span class='ocrx_word' id='word_1_469' title='bbox 1173 3733 1232 3788; x_wconf 89' lang='lat' dir='ltr'>qua</span> <span class='ocrx_word' id='word_1_470' title='bbox 1258 3717 1320 3788; x_wconf 89' lang='lat' dir='ltr'>ipse</span> <span class='ocrx_word' id='word_1_471' title='bbox 1338 3716 1488 3788; x_wconf 82' lang='lat' dir='ltr'>episcopus</span> <span class='ocrx_word' id='word_1_472' title='bbox 1500 3720 1597 3788; x_wconf 86' lang='lat' dir='ltr'>aperte</span> <span class='ocrx_word' id='word_1_473' title='bbox 1623 3714 1729 3787; x_wconf 86' lang='lat' dir='ltr'>corripi</span> 
     </span>
     <span class='ocr_line' id='line_1_41' title="bbox 92 3803 1729 3877; baseline -0.004 -15"><span class='ocrx_word' id='word_1_474' title='bbox 92 3806 173 3862; x_wconf 84' lang='lat' dir='ltr'>bant.</span> <span class='ocrx_word' id='word_1_475' title='bbox 201 3806 270 3863; x_wconf 89' lang='lat' dir='ltr'>lnde</span> <span class='ocrx_word' id='word_1_476' title='bbox 296 3821 348 3877; x_wconf 90' lang='lat' dir='ltr'>per</span> <span class='ocrx_word' id='word_1_477' title='bbox 372 3805 483 3861; x_wconf 80' lang='lat' dir='ltr'>diversa</span> <span class='ocrx_word' id='word_1_478' title='bbox 515 3805 577 3860; x_wconf 89' lang='lat' dir='ltr'>loca</span> <span class='ocrx_word' id='word_1_479' title='bbox 608 3810 637 3860; x_wconf 90' lang='lat' dir='ltr'>et</span> <span class='ocrx_word' id='word_1_480' title='bbox 662 3805 789 3861; x_wconf 82' lang='lat' dir='ltr'>civitates</span> <span class='ocrx_word' id='word_1_481' title='bbox 810 3805 940 3876; x_wconf 78' lang='lat' dir='ltr'>ueniens,</span> <span class='ocrx_word' id='word_1_482' title='bbox 994 3805 1417 3861; x_wconf 86' lang='lat' dir='ltr'>etdeiraternuconcordiaet</span> <span class='ocrx_word' id='word_1_483' title='bbox 1447 3803 1623 3860; x_wconf 81' lang='lat' dir='ltr'>oboedientia</span> <span class='ocrx_word' id='word_1_484' title='bbox 1647 3819 1729 3860; x_wconf 69' lang='lat' dir='ltr'>amma</span> 
     </span>
     <span class='ocr_line' id='line_1_42' title="bbox 93 3892 1729 3969; baseline -0.003 -18"><span class='ocrx_word' id='word_1_485' title='bbox 93 3895 288 3969; x_wconf 87' lang='lat' dir='ltr'>plurimorum</span> <span class='ocrx_word' id='word_1_486' title='bbox 317 3894 495 3966; x_wconf 89' lang='lat' dir='ltr'>benignitate</span> <span class='ocrx_word' id='word_1_487' title='bbox 513 3893 657 3949; x_wconf 88' lang='lat' dir='ltr'>inmnltis</span> <span class='ocrx_word' id='word_1_488' title='bbox 679 3895 747 3949; x_wconf 86' lang='lat' dir='ltr'>loris</span> <span class='ocrx_word' id='word_1_489' title='bbox 773 3910 850 3962; x_wconf 85' lang='lat' dir='ltr'>usus,</span> <span class='ocrx_word' id='word_1_490' title='bbox 877 3896 940 3950; x_wconf 87' lang='lat' dir='ltr'>clu·</span> <span class='ocrx_word' id='word_1_491' title='bbox 994 3893 1423 3966; x_wconf 81' lang='lat' dir='ltr'>Viceriusautemquamris¹¹¹</span> <span class='ocrx_word' id='word_1_492' title='bbox 1453 3892 1700 3966; x_wconf 86' lang='lat' dir='ltr'>archiepiscopum</span> <span class='ocrx_word' id='word_1_493' title='bbox 1726 3894 1729 3946; x_wconf 71' lang='grc' dir='ltr'><strong><em>ἑ</em></strong></span> 
     </span>
     <span class='ocr_line' id='line_1_43' title="bbox 93 3981 1729 4056; baseline -0.003 -17"><span class='ocrx_word' id='word_1_494' title='bbox 93 4000 139 4039; x_wconf 87' lang='lat' dir='ltr'>sas</span> <span class='ocrx_word' id='word_1_495' title='bbox 157 3983 306 4051; x_wconf 86' lang='lat' dir='ltr'>excedens,</span> <span class='ocrx_word' id='word_1_496' title='bbox 337 3981 458 4054; x_wconf 78' lang='lat' dir='ltr'>Alpibus</span> <span class='ocrx_word' id='word_1_497' title='bbox 481 3983 535 4052; x_wconf 82' lang='grc'>(47)</span> <span class='ocrx_word' id='word_1_498' title='bbox 565 3983 616 4038; x_wconf 87' lang='lat' dir='ltr'>Dei</span> <span class='ocrx_word' id='word_1_499' title='bbox 647 3982 756 4054; x_wconf 85' lang='lat' dir='ltr'>pietate</span> <span class='ocrx_word' id='word_1_500' title='bbox 788 3984 939 4056; x_wconf 87' lang='lat' dir='ltr'>superatis,</span> <span class='ocrx_word' id='word_1_501' title='bbox 995 3981 1206 4054; x_wconf 77' lang='lat' dir='ltr'>magnostudio</span> <span class='ocrx_word' id='word_1_502' title='bbox 1229 3986 1369 4053; x_wconf 86' lang='lat' dir='ltr'>parceret,</span> <span class='ocrx_word' id='word_1_503' title='bbox 1384 3986 1480 4036; x_wconf 90' lang='lat' dir='ltr'>tamen</span> <span class='ocrx_word' id='word_1_504' title='bbox 1496 3981 1558 4036; x_wconf 87' lang='lat' dir='ltr'>miti</span> <span class='ocrx_word' id='word_1_505' title='bbox 1580 3981 1679 4047; x_wconf 88' lang='lat' dir='ltr'>allatu,</span> <span class='ocrx_word' id='word_1_506' title='bbox 1693 3995 1729 4053; x_wconf 90' lang='lat' dir='ltr'>qn</span> 
     </span>
     <span class='ocr_line' id='line_1_44' title="bbox 93 4068 1729 4144; baseline -0.002 -16"><span class='ocrx_word' id='word_1_507' title='bbox 93 4071 269 4128; x_wconf 85' lang='lat' dir='ltr'>Octodorum</span> <span class='ocrx_word' id='word_1_508' title='bbox 283 4070 341 4141; x_wconf 91' lang='grc'>(48)</span> <span class='ocrx_word' id='word_1_509' title='bbox 356 4075 586 4142; x_wconf 83' lang='lat' dir='ltr'>praetergressus,</span> <span class='ocrx_word' id='word_1_510' title='bbox 601 4071 755 4142; x_wconf 74' lang='lat' dir='ltr'>Agaunnm</span> <span class='ocrx_word' id='word_1_511' title='bbox 770 4069 826 4142; x_wconf 84' lang='grc'>(49)</span> <span class='ocrx_word' id='word_1_512' title='bbox 858 4070 939 4137; x_wconf 90' lang='lat' dir='ltr'>adiit,</span> <span class='ocrx_word' id='word_1_513' title='bbox 995 4086 1052 4144; x_wconf 89' lang='lat' dir='ltr'>que</span> <span class='ocrx_word' id='word_1_514' title='bbox 1074 4069 1117 4125; x_wconf 91' lang='lat' dir='ltr'>illi</span> <span class='ocrx_word' id='word_1_515' title='bbox 1145 4068 1328 4141; x_wconf 88' lang='lat' dir='ltr'>objiciantur,</span> <span class='ocrx_word' id='word_1_516' title='bbox 1358 4068 1536 4125; x_wconf 86' lang='lat' dir='ltr'>oboedienter</span> <span class='ocrx_word' id='word_1_517' title='bbox 1560 4069 1684 4124; x_wconf 79' lang='lat' dir='ltr'>fratrum</span> <span class='ocrx_word' id='word_1_518' title='bbox 1706 4083 1729 4124; x_wconf 76' lang='lat' dir='ltr'>cc</span> 
     </span>
     <span class='ocr_line' id='line_1_45' title="bbox 92 4157 1729 4255; baseline -0.001 -41"><span class='ocrx_word' id='word_1_519' title='bbox 92 4159 230 4232; x_wconf 86' lang='lat' dir='ltr'>ibiqueu</span> <span class='ocrx_word' id='word_1_520' title='bbox 258 4158 391 4226; x_wconf 86' lang='lat' dir='ltr'>llodnllo,</span> <span class='ocrx_word' id='word_1_521' title='bbox 426 4174 494 4229; x_wconf 89' lang='lat' dir='ltr'>rege</span> <span class='ocrx_word' id='word_1_522' title='bbox 523 4158 706 4231; x_wconf 80' lang='lat' dir='ltr'>Burgundiae,</span> <span class='ocrx_word' id='word_1_523' title='bbox 739 4157 975 4255; x_wconf 85' lang='lat' dir='ltr'>liberalissimeD</span> <span class='ocrx_word' id='word_1_524' title='bbox 994 4158 1166 4227; x_wconf 79' lang='lat' dir='ltr'>satisfacere,</span> <span class='ocrx_word' id='word_1_525' title='bbox 1193 4158 1349 4231; x_wconf 87' lang='lat' dir='ltr'>apostolica</span> <span class='ocrx_word' id='word_1_526' title='bbox 1367 4157 1537 4213; x_wconf 88' lang='lat' dir='ltr'>auctoritate</span> <span class='ocrx_word' id='word_1_527' title='bbox 1560 4160 1729 4212; x_wconf 83' lang='lat' dir='ltr'>commonet</span> 
     </span>
     <span class='ocr_line' id='line_1_46' title="bbox 94 4246 1716 4319; baseline -0.002 -16"><span class='ocrx_word' id='word_1_528' title='bbox 94 4247 244 4318; x_wconf 85' lang='lat' dir='ltr'>excipitur.</span> <span class='ocrx_word' id='word_1_529' title='bbox 276 4246 331 4312; x_wconf 82' lang='lat' dir='ltr'>oni</span> <span class='ocrx_word' id='word_1_530' title='bbox 371 4246 490 4302; x_wconf 89' lang='lat' dir='ltr'>tradidit</span> <span class='ocrx_word' id='word_1_531' title='bbox 517 4247 651 4319; x_wconf 89' lang='lat' dir='ltr'>episcopo</span> <span class='ocrx_word' id='word_1_532' title='bbox 678 4246 708 4302; x_wconf 92' lang='lat' dir='ltr'>in</span> <span class='ocrx_word' id='word_1_533' title='bbox 733 4246 939 4318; x_wconf 86' lang='lat' dir='ltr'>proprietatem</span> <span class='ocrx_word' id='word_1_534' title='bbox 995 4247 1050 4315; x_wconf 88' lang='lat' dir='ltr'>his,</span> <span class='ocrx_word' id='word_1_535' title='bbox 1067 4247 1121 4302; x_wconf 87' lang='lat' dir='ltr'>etsi</span> <span class='ocrx_word' id='word_1_536' title='bbox 1132 4246 1310 4318; x_wconf 87' lang='lat' dir='ltr'>indignatus,</span> <span class='ocrx_word' id='word_1_537' title='bbox 1329 4246 1661 4302; x_wconf 84' lang='lat' dir='ltr'>consilinmalratribus</span> <span class='ocrx_word' id='word_1_538' title='bbox 1687 4249 1716 4300; x_wconf 90' lang='lat' dir='ltr'>et</span> 
     </span>
     <span class='ocr_line' id='line_1_47' title="bbox 94 4334 1729 4407; baseline -0.001 -16"><span class='ocrx_word' id='word_1_539' title='bbox 94 4334 382 4407; x_wconf 84' lang='lat' dir='ltr'>inlraPapinmcum</span> <span class='ocrx_word' id='word_1_540' title='bbox 398 4337 592 4407; x_wconf 89' lang='lat' dir='ltr'>manuscripto</span> <span class='ocrx_word' id='word_1_541' title='bbox 607 4340 665 4390; x_wconf 88' lang='lat' dir='ltr'>tres</span> <span class='ocrx_word' id='word_1_542' title='bbox 690 4335 815 4405; x_wconf 87' lang='lat' dir='ltr'>curtiles,</span> <span class='ocrx_word' id='word_1_543' title='bbox 835 4341 864 4390; x_wconf 88' lang='lat' dir='ltr'>et</span> <span class='ocrx_word' id='word_1_544' title='bbox 889 4351 941 4391; x_wconf 88' lang='lat' dir='ltr'>sna</span> <span class='ocrx_word' id='word_1_545' title='bbox 994 4350 1051 4406; x_wconf 86' lang='lat' dir='ltr'>pne</span> <span class='ocrx_word' id='word_1_546' title='bbox 1077 4335 1113 4390; x_wconf 87' lang='lat' dir='ltr'>ab</span> <span class='ocrx_word' id='word_1_547' title='bbox 1153 4335 1364 4407; x_wconf 83' lang='lat' dir='ltr'>archiepiscopo</span> <span class='ocrx_word' id='word_1_548' title='bbox 1393 4335 1544 4390; x_wconf 86' lang='lat' dir='ltr'>Lievizone</span> <span class='ocrx_word' id='word_1_549' title='bbox 1571 4334 1685 4406; x_wconf 75' lang='lat' dir='ltr'>querit.</span> <span class='ocrx_word' id='word_1_550' title='bbox 1713 4336 1729 4389; x_wconf 87' lang='lat' dir='ltr'>l</span> 
     </span>
     <span class='ocr_line' id='line_1_48' title="bbox 94 4422 1729 4496; baseline -0.002 -17"><span class='ocrx_word' id='word_1_551' title='bbox 94 4423 305 4496; x_wconf 87' lang='lat' dir='ltr'>subscriptione</span> <span class='ocrx_word' id='word_1_552' title='bbox 336 4423 472 4495; x_wconf 89' lang='lat' dir='ltr'>anulique</span> <span class='ocrx_word' id='word_1_553' title='bbox 491 4423 682 4495; x_wconf 86' lang='lat' dir='ltr'>impressione</span> <span class='ocrx_word' id='word_1_554' title='bbox 698 4422 854 4481; x_wconf 79' lang='lat' dir='ltr'>roboravit.</span> <span class='ocrx_word' id='word_1_555' title='bbox 871 4423 940 4480; x_wconf 89' lang='lat' dir='ltr'>lude</span> <span class='ocrx_word' id='word_1_556' title='bbox 995 4423 1175 4492; x_wconf 66' lang='lat' dir='ltr'>illebonam</span> <span class='ocrx_word' id='word_1_557' title='bbox 1191 4424 1246 4479; x_wconf 87' lang='lat' dir='ltr'>sihi</span> <span class='ocrx_word' id='word_1_558' title='bbox 1262 4423 1361 4493; x_wconf 79' lang='lat' dir='ltr'>videri,</span> <span class='ocrx_word' id='word_1_559' title='bbox 1376 4423 1445 4496; x_wconf 90' lang='lat' dir='ltr'>quia</span> <span class='ocrx_word' id='word_1_560' title='bbox 1458 4424 1541 4479; x_wconf 77' lang='lat' dir='ltr'>lasus</span> <span class='ocrx_word' id='word_1_561' title='bbox 1555 4423 1643 4479; x_wconf 80' lang='lat' dir='ltr'>trater</span> <span class='ocrx_word' id='word_1_562' title='bbox 1658 4422 1729 4479; x_wconf 78' lang='lat' dir='ltr'>domi</span> 
     </span>
     <span class='ocr_line' id='line_1_49' title="bbox 97 4511 1729 4584; baseline -0.001 -17"><span class='ocrx_word' id='word_1_563' title='bbox 97 4512 251 4584; x_wconf 85' lang='lat' dir='ltr'>lteigratia</span> <span class='ocrx_word' id='word_1_564' title='bbox 271 4512 399 4568; x_wconf 86' lang='lat' dir='ltr'>munitus</span> <span class='ocrx_word' id='word_1_565' title='bbox 414 4512 568 4581; x_wconf 85' lang='lat' dir='ltr'>divertens,</span> <span class='ocrx_word' id='word_1_566' title='bbox 592 4528 732 4584; x_wconf 86' lang='lat' dir='ltr'>prospero</span> <span class='ocrx_word' id='word_1_567' title='bbox 762 4511 812 4567; x_wconf 83' lang='lat' dir='ltr'>liei</span> <span class='ocrx_word' id='word_1_568' title='bbox 835 4511 941 4583; x_wconf 89' lang='lat' dir='ltr'>pietate</span> <span class='ocrx_word' id='word_1_569' title='bbox 996 4518 1170 4577; x_wconf 90' lang='lat' dir='ltr'>nostrorum,</span> <span class='ocrx_word' id='word_1_570' title='bbox 1184 4513 1346 4584; x_wconf 85' lang='lat' dir='ltr'>apostolici,</span> <span class='ocrx_word' id='word_1_571' title='bbox 1369 4519 1399 4569; x_wconf 89' lang='lat' dir='ltr'>et</span> <span class='ocrx_word' id='word_1_572' title='bbox 1424 4512 1617 4584; x_wconf 90' lang='lat' dir='ltr'>imperatoris,</span> <span class='ocrx_word' id='word_1_573' title='bbox 1642 4512 1729 4569; x_wconf 77' lang='lat' dir='ltr'>suffra</span> 
     </span>
     <span class='ocr_line' id='line_1_50' title="bbox 95 4599 1727 4673; baseline -0.001 -17"><span class='ocrx_word' id='word_1_574' title='bbox 95 4601 197 4657; x_wconf 86' lang='lat' dir='ltr'>itincre</span> <span class='ocrx_word' id='word_1_575' title='bbox 213 4600 428 4658; x_wconf 78' lang='lat' dir='ltr'>hildenesheim</span> <span class='ocrx_word' id='word_1_576' title='bbox 448 4617 514 4658; x_wconf 91' lang='lat' dir='ltr'>cnm</span> <span class='ocrx_word' id='word_1_577' title='bbox 538 4601 664 4656; x_wconf 90' lang='lat' dir='ltr'>maximo</span> <span class='ocrx_word' id='word_1_578' title='bbox 693 4600 762 4656; x_wconf 90' lang='lat' dir='ltr'>cleri</span> <span class='ocrx_word' id='word_1_579' title='bbox 790 4600 940 4673; x_wconf 88' lang='lat' dir='ltr'>plebisque</span> <span class='ocrx_word' id='word_1_580' title='bbox 995 4601 1050 4664; x_wconf 88' lang='lat' dir='ltr'>tiit,</span> <span class='ocrx_word' id='word_1_581' title='bbox 1067 4600 1284 4657; x_wconf 86' lang='lat' dir='ltr'>coramricsrio</span> <span class='ocrx_word' id='word_1_582' title='bbox 1312 4601 1407 4668; x_wconf 77' lang='lat' dir='ltr'>illrum,</span> <span class='ocrx_word' id='word_1_583' title='bbox 1437 4601 1639 4672; x_wconf 86' lang='lat' dir='ltr'>episcoporum</span> <span class='ocrx_word' id='word_1_584' title='bbox 1664 4599 1727 4672; x_wconf 87' lang='lat' dir='ltr'>judi</span> 
     </span>
     <span class='ocr_line' id='line_1_51' title="bbox 94 4688 1729 4763; baseline -0.002 -16"><span class='ocrx_word' id='word_1_585' title='bbox 94 4691 222 4763; x_wconf 88' lang='lat' dir='ltr'>tripudio</span> <span class='ocrx_word' id='word_1_586' title='bbox 236 4692 267 4747; x_wconf 90' lang='lat' dir='ltr'>in</span> <span class='ocrx_word' id='word_1_587' title='bbox 285 4690 548 4748; x_wconf 78' lang='lat' dir='ltr'>sanctalestiritate</span> <span class='ocrx_word' id='word_1_588' title='bbox 576 4691 709 4763; x_wconf 77' lang='lat' dir='ltr'>heroycae</span> <span class='ocrx_word' id='word_1_589' title='bbox 733 4704 822 4745; x_wconf 79' lang='lat' dir='ltr'>ereum</span> <span class='ocrx_word' id='word_1_590' title='bbox 850 4690 940 4745; x_wconf 89' lang='lat' dir='ltr'>intra·</span> <span class='ocrx_word' id='word_1_591' title='bbox 996 4689 1129 4745; x_wconf 86' lang='lat' dir='ltr'>tislaciat.</span> <span class='ocrx_word' id='word_1_592' title='bbox 1158 4691 1258 4744; x_wconf 81' lang='lat' dir='ltr'>tannae</span> <span class='ocrx_word' id='word_1_593' title='bbox 1283 4688 1399 4744; x_wconf 89' lang='lat' dir='ltr'>interim</span> <span class='ocrx_word' id='word_1_594' title='bbox 1422 4688 1557 4744; x_wconf 76' lang='lat' dir='ltr'>aeeclesia</span> <span class='ocrx_word' id='word_1_595' title='bbox 1581 4688 1729 4761; x_wconf 90' lang='lat' dir='ltr'>panduntn</span> 
     </span>
    </p>
   </div>
   <div class='ocr_carea' id='block_1_5' title="bbox 805 4847 1141 4905">
    <p class='ocr_par' dir='ltr' id='par_1_6' title="bbox 805 4847 1141 4905">
     <span class='ocr_line' id='line_1_52' title="bbox 805 4847 1141 4905; baseline 0 -2"><span class='ocrx_word' id='word_1_596' title='bbox 805 4848 923 4903; x_wconf 76' lang='lat' dir='ltr'>vnltlAE</span> <span class='ocrx_word' id='word_1_597' title='bbox 941 4847 1141 4905; x_wconf 79' lang='lat' dir='ltr'><strong>LECTIONES.</strong></span> 
     </span>
    </p>
   </div>
   <div class='ocr_carea' id='block_1_6' title="bbox 95 4959 1729 5177">
    <p class='ocr_par' dir='ltr' id='par_1_7' title="bbox 95 4959 1729 5177">
     <span class='ocr_line' id='line_1_53' title="bbox 131 4959 1729 5034; baseline -0.001 -16"><span class='ocrx_word' id='word_1_598' title='bbox 131 4960 165 5001; x_wconf 79' lang='lat'>¹⁰⁸</span> <span class='ocrx_word' id='word_1_599' title='bbox 185 4962 315 5019; x_wconf 85' lang='lat' dir='ltr'>collectio</span> <span class='ocrx_word' id='word_1_600' title='bbox 355 4960 482 5018; x_wconf 86' lang='lat' dir='ltr'>maxima</span> <span class='ocrx_word' id='word_1_601' title='bbox 524 4964 549 5017; x_wconf 89' lang='lat' dir='ltr'>l.</span> <span class='ocrx_word' id='word_1_602' title='bbox 594 4962 637 5018; x_wconf 81' lang='lat' dir='ltr'>bic</span> <span class='ocrx_word' id='word_1_603' title='bbox 664 4965 756 5034; x_wconf 74' lang='lat' dir='ltr'>pergit</span> <span class='ocrx_word' id='word_1_604' title='bbox 782 4964 809 5018; x_wconf 92' lang='grc'>2.</span> <span class='ocrx_word' id='word_1_605' title='bbox 848 4960 885 4999; x_wconf 82' lang='lat'>¹⁰⁸</span> <span class='ocrx_word' id='word_1_606' title='bbox 909 4963 941 5018; x_wconf 87' lang='lat' dir='ltr'>X.</span> <span class='ocrx_word' id='word_1_607' title='bbox 973 4963 1018 5017; x_wconf 86' lang='lat' dir='ltr'>lll.</span> <span class='ocrx_word' id='word_1_608' title='bbox 1035 4961 1102 5017; x_wconf 86' lang='lat' dir='ltr'>tulii</span> <span class='ocrx_word' id='word_1_609' title='bbox 1127 4964 1153 5017; x_wconf 87' lang='grc'>2.</span> <span class='ocrx_word' id='word_1_610' title='bbox 1191 4959 1227 5001; x_wconf 79' lang='lat'>¹⁰⁸</span> <span class='ocrx_word' id='word_1_611' title='bbox 1250 4960 1442 5034; x_wconf 84' lang='lat' dir='ltr'>Proscriptum</span> <span class='ocrx_word' id='word_1_612' title='bbox 1493 4961 1579 5033; x_wconf 88' lang='lat' dir='ltr'>uippa</span> <span class='ocrx_word' id='word_1_613' title='bbox 1609 4959 1729 5031; x_wconf 81' lang='lat' dir='ltr'>legatun</span> 
     </span>
     <span class='ocr_line' id='line_1_54' title="bbox 95 5031 1729 5106; baseline -0.001 -19"><span class='ocrx_word' id='word_1_614' title='bbox 95 5031 618 5106; x_wconf 81' lang='lat' dir='ltr'>affectuexcipiuntarchiepiscopus,</span> <span class='ocrx_word' id='word_1_615' title='bbox 634 5039 664 5087; x_wconf 92' lang='lat' dir='ltr'>et</span> <span class='ocrx_word' id='word_1_616' title='bbox 682 5033 957 5106; x_wconf 84' lang='lat' dir='ltr'>quieumlarebant</span> <span class='ocrx_word' id='word_1_617' title='bbox 983 5036 1011 5087; x_wconf 89' lang='grc'>2.</span> <span class='ocrx_word' id='word_1_618' title='bbox 1050 5031 1212 5088; x_wconf 60' lang='grc' dir='ltr'>10Ἰἰοιιὶιο</span> <span class='ocrx_word' id='word_1_619' title='bbox 1236 5034 1382 5089; x_wconf 87' lang='lat' dir='ltr'>hammah.</span> <span class='ocrx_word' id='word_1_620' title='bbox 1406 5037 1434 5089; x_wconf 87' lang='grc'>2.</span> <span class='ocrx_word' id='word_1_621' title='bbox 1472 5035 1481 5070; x_wconf 87' lang='lat'>¹</span> <span class='ocrx_word' id='word_1_622' title='bbox 1521 5038 1550 5087; x_wconf 90' lang='lat' dir='ltr'>et</span> <span class='ocrx_word' id='word_1_623' title='bbox 1573 5031 1615 5087; x_wconf 81' lang='lat' dir='ltr'>las</span> <span class='ocrx_word' id='word_1_624' title='bbox 1640 5034 1669 5088; x_wconf 89' lang='grc'>2.</span> <span class='ocrx_word' id='word_1_625' title='bbox 1709 5032 1729 5073; x_wconf 80' lang='lat'>⁸⁸</span> 
     </span>
     <span class='ocr_line' id='line_1_55' title="bbox 96 5101 1563 5177; baseline 0.001 -20"><span class='ocrx_word' id='word_1_626' title='bbox 96 5119 197 5160; x_wconf 80' lang='lat' dir='ltr'>nonem</span> <span class='ocrx_word' id='word_1_627' title='bbox 210 5107 337 5176; x_wconf 67' lang='lat' dir='ltr'>tespites.</span> <span class='ocrx_word' id='word_1_628' title='bbox 379 5101 415 5142; x_wconf 78' lang='lat'>¹⁰⁸</span> <span class='ocrx_word' id='word_1_629' title='bbox 433 5103 532 5175; x_wconf 84' lang='lat' dir='ltr'>itaque</span> <span class='ocrx_word' id='word_1_630' title='bbox 560 5107 588 5159; x_wconf 91' lang='grc'>2.</span> <span class='ocrx_word' id='word_1_631' title='bbox 627 5101 663 5140; x_wconf 82' lang='lat'>¹⁰⁹</span> <span class='ocrx_word' id='word_1_632' title='bbox 676 5104 829 5177; x_wconf 88' lang='lat' dir='ltr'>indignum</span> <span class='ocrx_word' id='word_1_633' title='bbox 843 5104 959 5160; x_wconf 90' lang='lat' dir='ltr'>duceret</span> <span class='ocrx_word' id='word_1_634' title='bbox 973 5105 1000 5158; x_wconf 93' lang='grc'>2.</span> <span class='ocrx_word' id='word_1_635' title='bbox 1039 5102 1252 5175; x_wconf 80' lang='lat' dir='ltr'>¹¹⁰carpiturt.</span> <span class='ocrx_word' id='word_1_636' title='bbox 1293 5104 1516 5176; x_wconf 82' lang='lat' dir='ltr'>⁴¹¹qusmqusm</span> <span class='ocrx_word' id='word_1_637' title='bbox 1534 5106 1563 5158; x_wconf 89' lang='grc'>2.</span> 
     </span>
    </p>
   </div>
   <div class='ocr_carea' id='block_1_7' title="bbox 97 5229 1303 5556">
    <p class='ocr_par' dir='ltr' id='par_1_8' title="bbox 97 5229 1303 5556">
     <span class='ocr_line' id='line_1_56' title="bbox 914 5229 1026 5286; baseline -0.018 -1"><span class='ocrx_word' id='word_1_638' title='bbox 914 5229 1026 5286; x_wconf 80' lang='lat' dir='ltr'><strong>NOTAE.</strong></span> 
     </span>
     <span class='ocr_line' id='line_1_57' title="bbox 133 5305 1303 5417; baseline 0 -20"><span class='ocrx_word' id='word_1_639' title='bbox 133 5341 189 5412; x_wconf 84' lang='grc'>(46)</span> <span class='ocrx_word' id='word_1_640' title='bbox 202 5342 329 5398; x_wconf 89' lang='lat' dir='ltr'>Goslaria</span> <span class='ocrx_word' id='word_1_641' title='bbox 343 5344 432 5416; x_wconf 89' lang='lat' dir='ltr'>igitur</span> <span class='ocrx_word' id='word_1_642' title='bbox 447 5362 481 5401; x_wconf 92' lang='lat' dir='ltr'>co</span> <span class='ocrx_word' id='word_1_643' title='bbox 491 5305 552 5416; x_wconf 83' lang='lat' dir='ltr'>jam</span> <span class='ocrx_word' id='word_1_644' title='bbox 568 5349 706 5417; x_wconf 88' lang='lat' dir='ltr'>tempore,</span> <span class='ocrx_word' id='word_1_645' title='bbox 727 5341 942 5401; x_wconf 85' lang='lat' dir='ltr'>metalliiodinis</span> <span class='ocrx_word' id='word_1_646' title='bbox 1033 5343 1088 5408; x_wconf 78' lang='grc'>(47)</span> <span class='ocrx_word' id='word_1_647' title='bbox 1109 5344 1202 5398; x_wconf 88' lang='lat' dir='ltr'>llonte</span> <span class='ocrx_word' id='word_1_648' title='bbox 1217 5344 1303 5397; x_wconf 80' lang='lat' dir='ltr'>toris.</span> 
     </span>
     <span class='ocr_line' id='line_1_58' title="bbox 97 5412 1277 5556; baseline 0.002 -89"><span class='ocrx_word' id='word_1_649' title='bbox 97 5412 200 5468; x_wconf 88' lang='lat' dir='ltr'>Ottcne</span> <span class='ocrx_word' id='word_1_650' title='bbox 216 5415 237 5468; x_wconf 93' lang='lat' dir='ltr'>l.</span> <span class='ocrx_word' id='word_1_651' title='bbox 255 5421 392 5485; x_wconf 90' lang='lat' dir='ltr'>regnante</span> <span class='ocrx_word' id='word_1_652' title='bbox 410 5417 538 5487; x_wconf 85' lang='lat' dir='ltr'>detectis,</span> <span class='ocrx_word' id='word_1_653' title='bbox 555 5415 675 5472; x_wconf 86' lang='lat' dir='ltr'>celebris</span> <span class='ocrx_word' id='word_1_654' title='bbox 698 5422 759 5473; x_wconf 79' lang='lat' dir='ltr'>erat</span> <span class='ocrx_word' id='word_1_655' title='bbox 785 5418 814 5472; x_wconf 88' lang='lat' dir='ltr'>et</span> <span class='ocrx_word' id='word_1_656' title='bbox 839 5413 942 5472; x_wconf 83' lang='lat' dir='ltr'>diocesi</span> <span class='ocrx_word' id='word_1_657' title='bbox 1034 5413 1089 5556; x_wconf 73' lang='grc'>)48)</span> <span class='ocrx_word' id='word_1_658' title='bbox 1108 5415 1277 5470; x_wconf 85' lang='lat' dir='ltr'>llartinnch.</span> 
     </span>
    </p>
   </div>
   <div class='ocr_carea' id='block_1_8' title="bbox 100 5482 1256 5560">
    <p class='ocr_par' dir='ltr' id='par_1_9' title="bbox 100 5482 1256 5560">
     <span class='ocr_line' id='line_1_59' title="bbox 100 5482 1256 5560; baseline 0 -20"><span class='ocrx_word' id='word_1_659' title='bbox 100 5482 339 5540; x_wconf 79' lang='lat' dir='ltr'>hildesheimensi</span> <span class='ocrx_word' id='word_1_660' title='bbox 348 5486 500 5560; x_wconf 86' lang='lat' dir='ltr'>adscripta.</span> <span class='ocrx_word' id='word_1_661' title='bbox 1048 5487 1091 5558; x_wconf 59' lang='lat' dir='ltr'>lo)</span> <span class='ocrx_word' id='word_1_662' title='bbox 1105 5487 1133 5542; x_wconf 93' lang='lat' dir='ltr'>S.</span> <span class='ocrx_word' id='word_1_663' title='bbox 1150 5487 1256 5542; x_wconf 89' lang='lat' dir='ltr'>bloritz.</span> 
     </span>
    </p>
   </div>
   <div class='ocr_carea' id='block_1_9' title="bbox 0 0 1952 6112">
    <p class='ocr_par' dir='ltr' id='par_1_10' title="bbox 0 0 1952 6112">
     <span class='ocr_line' id='line_1_60' title="bbox 0 0 1952 6112; baseline 0 0"><span class='ocrx_word' id='word_1_664' title='bbox 0 0 1952 6112; x_wconf 95' lang='lat' dir='ltr'> </span> 
     </span>
    </p>
   </div>
  </div>
 </body>
</html>
