3878 6112
435 269 501 329 ΗΒ.
519 269 566 329 ΒΕ
586 269 765 330 cannatas
783 269 1002 329 hatnnsttttts
1021 267 1196 329 Llhsshhll&
1641 270 1693 328 ihi
1749 281 1757 292 '

71 407 104 447 ee
132 392 351 448 membranaceo
374 397 484 449 vetusto
516 395 544 451 S.
580 395 662 450 Pauli
691 395 788 468 Traje·
804 402 828 459 Α
846 411 881 451 ea
906 410 995 452 manu
1021 399 1071 452 aut
1093 395 1130 452 ab
1153 396 1242 451 altaro
1264 396 1395 468 eiusdem
1420 396 1517 453 saeculi
1545 397 1693 471 scriptore,

70 480 217 554 descripta,
232 497 318 554 quem
334 498 368 538 ex
380 482 475 538 codice
489 484 698 541 Hannoverano
712 485 789 542 haud
843 486 962 542 tortasse
976 484 1137 558 sigeberto,
1154 500 1241 557 quem
1256 500 1386 541 numero.

84 575 212 644 apparet,
241 587 330 643 quare
353 571 416 642 ejus
434 587 550 644 quoqne
568 573 641 630 ratio
660 572 793 631 habenda
880 572 906 643 ι)
921 571 1045 644 signavi,
1070 571 1119 628 sad
1133 586 1186 627 nec
1206 570 1269 643 ipsu
1285 572 1433 629 interdum
1449 587 1523 626 verm
1544 571 1695 629 sentence

72 658 157 715 ilioni
171 658 260 731 igitur
274 664 380 716 nostrae
394 660 586 717 inservierunt
601 677 609 716 ι
846 660 960 727 callido,
976 663 1112 716 correcta.

75 747 181 820 regins.
200 749 317 804 Constat
332 748 407 804 loliis
424 765 472 805 sex
495 749 722 805 membranaceis
744 749 793 805 in·
882 749 908 819 3)
922 747 1013 805 Editio
1033 748 1161 819 capitum
1188 751 1268 804 11-ιὸ
1287 747 1351 804 libri
1375 747 1473 822 primi,
1491 747 1522 803 in
1546 747 1622 805 Actis
1643 748 1692 805 SS.

76 835 153 894 binis
176 853 229 909 per
254 837 391 910 paginam
416 838 559 894 columnia
578 839 672 894 littera
691 838 793 912 exigua
847 839 866 894 Ι.
883 854 912 893 c.

70 941 101 982 ue
123 926 227 981 saeculo
251 942 280 980 x1
304 930 435 983 exaratus
456 932 509 983 est.
533 928 662 984 Scribam
686 928 793 984 librum
882 927 991 993 Quibus
1016 925 1161 994 adhibitis,
1186 929 1308 996 textum,
1337 929 1479 998 quantum
1500 925 1563 982 lieri
1589 927 1694 998 potuit,

70 1014 190 1069 allexisse
206 1015 296 1068 multa
316 1016 377 1068 loca
391 1015 525 1086 probant,
541 1022 592 1071 aut
611 1015 701 1090 ipsius
715 1022 793 1090 post·
846 1015 978 1089 pristiam
990 1014 1149 1086 integritati
1164 1015 1328 1071 restitutum
1341 1015 1541 1087 proponimus.

244 1287 319 1372 DE
360 1285 652 1374 EPISCOPIS
696 1284 1057 1374 METENSIBUS
1097 1284 1389 1372 LIBELLUS.

118 1474 208 1545 liujus
233 1474 287 1546 (ιθ)
313 1475 411 1549 itaque
440 1476 618 1549 temporibus
646 1475 702 1548 (on.
731 1475 832 1546 978)ss
851 1479 950 1530 contra
966 1475 1078 1532 Grecos
1091 1475 1174 1530 duxit
1195 1475 1361 1530 exercitum.
1380 1475 1433 1532 Ubi
1448 1475 1517 1531 dum
1536 1475 1696 1534 inconsulte

70 1577 99 1618 us
113 1578 160 1618 rex
175 1565 391 1621 Francorumiu
405 1572 518 1636 partem
535 1566 685 1638 belgarum
700 1567 792 1638 regui,
849 1568 877 1620 et
904 1564 993 1619 nimia
1017 1563 1173 1632 celeritate,
1199 1578 1293 1636 neque
1315 1569 1347 1620 ut
1373 1580 1419 1620 res
1441 1564 1535 1637 praelii
1558 1566 1694 1637 exposcit,

73 1651 128 1708 sub
152 1652 276 1724 imperio
298 1655 411 1710 Ottouis
435 1655 546 1710 casaris
569 1659 641 1724 erat,
664 1655 793 1711 animum
848 1669 979 1726 pugnam
1000 1651 1155 1723 commisit,
1177 1653 1271 1708 omnis
1289 1652 1424 1708 nobilitas
1445 1653 1536 1709 nostri
1555 1654 1696 1710 exercitus

72 1746 137 1803 ,ut
157 1758 216 1797 saraa
237 1742 340 1798 ditioni
358 1745 485 1800 tirenum
510 1760 601 1816 usque
617 1745 671 1800 sihi
690 1744 794 1816 subju·
849 1742 945 1814 gladio
969 1746 1082 1798 etoestn
1100 1741 1185 1796 nimii
1207 1741 1353 1797 calariset
1374 1741 1421 1797 siti
1442 1741 1539 1814 periit,
1554 1758 1697 1799 necunus

70 1828 129 1883 tam
148 1828 217 1885 dum
239 1829 311 1885 torte
334 1831 424 1902 Aquis
447 1831 512 1888 Otto
528 1833 621 1888 Caesar
640 1832 703 1887 ⁸ad
726 1849 795 1888 con·
850 1831 966 1903 quidem
982 1845 1016 1887 ex
1031 1831 1071 1886 eis
1085 1829 1237 1903 superfuit,
1253 1829 1301 1902 qui
1324 1830 1397 1886 lacta
1412 1831 1535 1903 posteris
1550 1832 1698 1888 nuntiaret

70 1917 189 1989 tgeudm
213 1923 292 1973 tutus
307 1922 336 1974 et
359 1920 440 1975 omni
465 1921 569 1976 timore
589 1920 701 1977 sublato
725 1938 793 1977 cou-
849 1923 906 1988 (un.
923 1919 996 1992 982).
1019 1920 1081 1986 Quo
1096 1915 1212 1975 rumo'm
1226 1919 1262 1974 ad
1279 1935 1363 1984 aures
1384 1919 1494 1992 regium
1518 1920 1697 1993 theuphanu

82 2009 112 2061 et
126 2006 156 2061 id
177 2022 231 2078 per
251 2008 444 2078 exploratores
468 2008 602 2065 Lothario
623 2009 685 2081 regi
705 2026 795 2065 enun-
849 2010 970 2082 perlato,
991 2024 1056 2080 quae
1071 2009 1107 2064 ab
1127 2008 1301 2081 imperatore
1323 2009 1438 2065 llohsan
1451 2011 1510 2081 (ll)
1525 2009 1624 2066 relicta
1638 2010 1698 2066 iae·

70 2098 153 2162 meet,
170 2095 281 2167 magnis
297 2095 447 2152 itineribus
460 2098 495 2152 ad
512 2113 578 2153 eum
592 2098 795 2165 contendit,·et
848 2102 903 2163 rat,
919 2097 1015 2153 statim
1038 2097 1152 2168 procaci
1177 2095 1333 2164 locutione,
1349 2101 1381 2152 nt
1405 2098 1461 2153 lert
1481 2097 1580 2153 levitae
1594 2100 1698 2155 mulie-

70 2183 154 2238 ·ovisu
167 2199 258 2256 prope
272 2189 365 2240 castra
379 2186 506 2255 accessit,
522 2191 554 2241 ut
566 2187 736 2258 imperatori
749 2188 794 2242 vix
849 2202 926 2256 rum,
953 2186 1126 2242 conterrales
1151 2202 1218 2241 suos
1241 2216 1277 2226 -
1299 2190 1361 2240 erat
1382 2185 1459 2241 enim
1482 2186 1518 2241 de
1537 2187 1645 2243 Gracia
1662 2218 1693 2230 -

84 2270 131 2326 ani
146 2270 304 2343 recipiendi
329 2274 551 2346 relinqueretur,
571 2281 657 2348 atque
672 2276 703 2332 in
726 2277 795 2346 iuga
849 2276 886 2330 ad
907 2276 1011 2331 coelum
1033 2275 1169 2330 extollere
1192 2273 1358 2346 exitumque
1383 2273 1492 2330 adversi
1516 2276 1609 2346 prrelii
1631 2291 1696 2331 cum

70 2360 131 2415 ‚nda
154 2362 349 2418 emolumenta
366 2369 461 2418 essent
484 2364 576 2419 multa
594 2365 703 2432 relicta,
729 2381 794 2438 qum
849 2380 963 2420 summo
986 2365 1093 2436 probro
1107 2364 1144 2419 ad
1168 2362 1384 2434 derogationem
1406 2363 1587 2436 imperatoris
1605 2364 1696 2420 intor-

70 2447 175 2519 praedoe
201 2449 333 2506 hostibus
360 2451 484 2507 fuerant.
511 2453 567 2506 llac
589 2452 725 2509 felicitate
745 2469 794 2509 rex
849 2469 947 2526 quere,
973 2453 1024 2524 qui
1051 2457 1131 2508 tanta
1161 2452 1328 2523 frequenter
1355 2452 1461 2508 virtute
1485 2450 1497 2488 ⁰
1521 2452 1699 2519 laudatus,a

70 2540 122 2602 tus,
145 2552 226 2607 spem
250 2537 309 2593 suis
336 2555 441 2610 augere
466 2544 495 2595 et
518 2539 653 2596 audacius
680 2542 795 2597 crebras
850 2542 910 2597 suis
936 2546 996 2598 tam
1021 2542 1105 2597 facile
1131 2540 1168 2596 sit
1196 2545 1359 2612 superatus.
1391 2542 1499 2596 Praesul
1518 2541 1698 2609 baudericus,

70 2641 128 2681 ines
153 2641 250 2696 agere,
278 2628 445 2701 blettimqne
470 2645 560 2701 usqne
579 2629 793 2702 proficiscitur:
850 2630 955 2686 auditis
980 2629 1088 2702 reginas
1111 2629 1353 2685 contumeliarum
1376 2629 1479 2699 verbis,
1508 2631 1641 2698 multum,
1666 2636 1700 2686 ut

70 2716 93 2770 la
107 2730 138 2770 re
160 2715 306 2771 navefacta
329 2717 485 2789 probrosus
498 2717 593 2774 rediit.
619 2719 652 2774 lit
665 2718 738 2775 sicut
760 2735 794 2774 ex
812 2760 832 2814 C
849 2720 971 2791 dignum
992 2724 1065 2787 erat,
1089 2723 1187 2774 contra
1201 2735 1266 2774 enm
1282 2724 1425 2785 movetnr;
1442 2723 1470 2774 et
1491 2734 1556 2774 cum
1577 2718 1613 2774 de
1627 2719 1698 2775 ami·

70 2820 82 2859 e
104 2804 220 2876 obrepit
239 2805 403 2870 insolentia,
419 2806 459 2861 sic
479 2806 549 2862 item
563 2823 596 2862 ex
616 2809 716 2863 endem
740 2808 796 2864 ali·
851 2807 956 2864 nissimi
972 2824 1004 2864 ac
1024 2806 1247 2863 reverentissimi
1268 2806 1379 2862 domini
1393 2806 1620 2874 adversitatibus,
1637 2811 1698 2862 tum

91 2893 203 2949 desidia
227 2893 333 2950 mentis
360 2894 428 2951 oriri
456 2897 537 2952 solet.
566 2897 674 2953 Praesul
700 2897 798 2969 itaque
851 2913 971 2952 suorum
994 2897 1165 2953 dilectorum
1191 2893 1203 2932 ⁷
1227 2895 1362 2961 militurn,
1388 2900 1416 2951 et
1440 2899 1601 2951 ceterorum
1626 2895 1699 2951 ami·

70 2998 132 3052 ens,
155 2983 287 3055 quamvis
312 2985 413 3040 inanes
436 2985 569 3042 incursus
592 2986 670 3059 regis
690 2987 796 3053 forent,
851 3002 950 3042 curam
971 2985 1022 3059 qui
1046 2985 1249 3051 occubuerant,
1278 2984 1404 3039 maximo
1428 2984 1528 3039 dolore
1550 2983 1699 3057 affligitur,
1802 3024 1807 3031 .

70 3071 130 3143 ejus
155 3072 271 3143 ineptiae
295 3077 328 3128 ut
343 3073 569 3145 reprimerentur
582 3075 691 3132 statuit.
718 3075 796 3132 Unde
851 3080 947 3130 tamen
975 3074 1177 3148 procacitatem
1204 3076 1233 3128 et
1259 3072 1462 3128 contumeliam
1491 3074 1599 3145 reginae
1628 3072 1700 3128 obli·

70 3174 132 3215 tum
147 3160 248 3233 legatis
270 3162 305 3216 ad
322 3163 457 3218 Ottonem
478 3164 619 3218 Coesarem
634 3163 738 3231 missis,
761 3164 805 3220 de
851 3163 930 3219 vieni
945 3179 1004 3219 non
1018 3162 1104 3219 dedit.
1120 3164 1178 3218 Hoc
1193 3161 1301 3218 ultione
1315 3162 1412 3217 divina
1423 3167 1528 3227 actum,
1543 3161 1699 3217 secundnm

70 3263 107 3304 us
130 3264 197 3303 enm
224 3249 376 3306 certiorem
403 3251 479 3318 lacit,
509 3251 635 3323 dicitque
659 3251 690 3307 in
716 3256 796 3309 tanto
851 3252 1021 3324 praedictum
1035 3250 1216 3307 sanctiilliua
1231 3250 1366 3318 hominis,
1382 3252 1507 3307 amultis
1522 3250 1700 3319 credebatur,

70 3335 212 3393 remonon
227 3338 332 3394 debere
346 3340 713 3397 eumhanccoutumeliam
729 3342 796 3397 diu·
851 3347 887 3398 ut
904 3341 956 3414 qui
977 3341 1012 3397 iu
1037 3339 1224 3396 vastationem
1245 3339 1328 3411 regni
1352 3341 1525 3395 Francorum
1548 3338 1700 3394 consilium

70 3426 80 3482 i
102 3426 158 3482 eibi
179 3428 353 3500 populisque
375 3429 437 3500 ejus
456 3429 529 3485 lieri.
554 3429 663 3496 Quibus
681 3431 796 3500 auditis,
851 3432 1000 3496 dederant,
1024 3429 1081 3501 ipsi
1094 3430 1125 3484 in
1145 3428 1305 3501 peregrinis
1329 3429 1412 3484 terris
1431 3429 1580 3500 sepultura
1595 3431 1624 3483 et
1643 3442 1701 3482 om-

70 3531 82 3571 t
104 3530 167 3571 rem
186 3516 344 3587 imperatur
365 3534 442 3572 curre
463 3517 622 3574 necessario
646 3519 797 3575 estimavit
851 3520 931 3575 nium
946 3517 1105 3573 amicorum
1121 3517 1228 3572 solatiis
1242 3521 1381 3572 carerent.
1398 3519 1461 3589 lpse
1477 3532 1544 3571 vero
1559 3517 1622 3572 Otto
1637 3516 1701 3573 Cae·

70 3618 200 3660 rannessa
215 3605 292 3660 enim
308 3608 431 3662 Francos
447 3623 537 3679 regno
551 3607 614 3678 ejus
628 3608 754 3679 impetus
769 3614 798 3664 et
851 3623 898 3663 sar
912 3606 1066 3663 temerario
1088 3622 1172 3661 cursu
1187 3621 1251 3660 cnm
1267 3605 1365 3676 paucis
1387 3604 1423 3660 ad
1437 3620 1523 3659 naves
1538 3605 1700 3660 Graecorum

88 3692 195 3761 iacere,
219 3694 385 3751 detrimenti
413 3699 442 3751 at
461 3697 646 3752 contumeliae
667 3697 710 3752 illi
737 3714 797 3752 esse
851 3700 1032 3768 pugnaturus
1056 3693 1213 3760 advolavit3
1236 3692 1373 3764 aquibus
1395 3693 1604 3764 circumceptus
1624 3697 1703 3747 -et

72 3786 95 3837 t.
121 3783 289 3839 Convocatis
310 3784 408 3855 itaque
428 3785 536 3840 cunctis
555 3785 744 3858 principibus,
761 3785 797 3841 de
852 3783 947 3837 nultus
958 3782 985 3836 ei
1000 3782 1078 3837 locus
1092 3780 1231 3836 evadendi
1251 3780 1347 3852 patuit
1359 3809 1395 3823 -
1407 3781 1438 3835 in
1455 3795 1533 3835 mare
1545 3796 1610 3835 cnm
1625 3795 1701 3851 equo

70 3869 113 3926 ihi
137 3870 252 3942 injuriis
266 3888 283 3928 a
305 3887 373 3944 rege
397 3878 569 3946 conquestus
583 3880 635 3929 est.
651 3874 697 3931 Hii
709 3879 720 3912 ⁴
733 3889 797 3928 om·
851 3870 980 3926 insilivit.
995 3871 1184 3942 superquam
1196 3869 1315 3924 tamdiu
1331 3869 1414 3935 sedit,
1427 3867 1517 3923 donec
1532 3868 1702 3923 indumenta

70 3957 152 4014 nailio
167 3959 243 4028 dato,
270 3961 358 4016 armis
381 3961 423 4017 illi
446 3962 621 4018 obviandum
637 3979 698 4018 esse
719 3962 796 4018 dice·
852 3958 949 4014 omnia
970 3957 1076 4030 quihus
1100 3957 1220 4013 indutus
1244 3964 1306 4013 erat
1329 3957 1424 4029 gladio
1439 3956 1600 4024 discideret,
1625 3960 1701 4012 utse

70 4060 179 4105 tuorum
193 4048 324 4104 omnium
346 4066 485 4106 consensu
504 4051 624 4122 suscipit
638 4039 834 4123 negotium,D
853 4047 888 4103 ad
914 4047 1072 4103 natandum
1100 4046 1305 4118 expeditiorem
1331 4049 1453 4118 aptaret.
1478 4048 1502 4100 Α
1526 4045 1610 4117 longe
1635 4061 1701 4101 vero

70 4135 118 4190 nni
143 4140 226 4207 parte
240 4136 357 4208 imperii
377 4139 433 4205 sui,
448 4139 535 4196 etiam
556 4157 588 4196 ex
604 4141 694 4206 ltalia,
712 4140 798 4196 innu·
853 4136 994 4208 aspiciens
1017 4136 1125 4202 navim,
1154 4135 1188 4191 ad
1213 4152 1301 4208 quam
1324 4150 1438 4191 summo
1462 4139 1568 4190 conatu
1585 4139 1703 4190 —erat

71 4223 96 4278 ie
118 4225 311 4282 multitudinis
326 4228 402 4299 cogit
423 4228 589 4296 exercitum,
607 4245 696 4301 usqua
720 4229 800 4284 Pari·
853 4226 930 4280 enim
947 4224 1138 4297 peritissimus
1153 4228 1253 4280 natatu
1271 4254 1300 4266 -
1318 4225 1435 4280 tendere
1448 4222 1590 4292 cupiebat.
1610 4223 1701 4289 Quem

70 4313 157 4382 rexit,
178 4318 206 4368 et
220 4320 331 4370 vastata
345 4316 472 4388 regione,
486 4317 547 4372 siue
563 4317 649 4372 ullius
664 4334 797 4390 congres·
853 4320 950 4371 nantia
982 4318 1128 4369 natantem
1161 4318 1322 4381 cernentes,
1350 4317 1466 4383 captum
1495 4317 1645 4368 traxerunt
1671 4312 1702 4368 in

70 4391 140 4457 tdiit.
168 4403 234 4457 Erat
247 4407 309 4459 turn
333 4406 474 4476 temporis
488 4406 518 4461 in
539 4407 655 4462 Francia
675 4407 719 4462 vir
733 4424 798 4463 san·
853 4404 960 4459 navim.
977 4404 1042 4459 Erat
1065 4403 1141 4458 enim
1167 4403 1285 4475 quidam
1301 4402 1332 4457 in
1356 4401 1422 4457 navi
1446 4417 1511 4457 curn
1536 4401 1577 4457 eis
1599 4417 1635 4458 ex
1650 4417 1701 4456 nae

72 4493 103 4545 et
126 4490 232 4561 spiritu
260 4492 325 4547 talis
357 4492 380 4561 ⁵,
406 4494 453 4549 cui
477 4494 614 4550 divinitus
642 4495 798 4551 revelatum
853 4493 931 4548 tiana
958 4491 1121 4548 sclavorum
1144 4496 1229 4546 notus
1253 4490 1428 4562 imperatori,
1458 4489 1509 4562 qui
1532 4506 1598 4546 mox
1619 4491 1701 4563 paln-

70 4592 136 4646 tnes,
151 4579 272 4634 consilio
287 4596 412 4652 quorum
426 4586 521 4637 actum
545 4587 597 4650 est,
613 4589 645 4638 ut
658 4583 799 4638 exercitus
854 4582 1020 4637 dementum
1045 4596 1103 4651 quo
1119 4583 1181 4634 erat
1204 4578 1322 4633 indutus
1342 4593 1450 4633 exuens
1464 4576 1486 4643 ⁸,
1504 4582 1537 4632 ut
1551 4594 1585 4633 eo
1600 4578 1701 4634 indua·

70 4666 152 4723 iciam
178 4669 341 4738 duceretur,
366 4670 441 4725 inira
456 4677 564 4744 septem
586 4688 729 4728 annorum
743 4672 797 4727 cir·
853 4674 982 4725 rotaret
1004 4669 1081 4724 nuda
1105 4666 1235 4722 membra
1258 4665 1417 4736 obtegeret,
1440 4664 1560 4720 tradidit
1579 4670 1608 4721 et
1628 4677 1702 4721 nutu

70 4770 117 4810 sae
143 4757 308 4814 morituros.
336 4760 423 4831 Cujus
446 4762 627 4832 prophetiam
652 4762 692 4817 ita
716 4778 798 4817 com·
854 4776 910 4832 quo
925 4761 1038 4831 poterat
1050 4755 1156 4823 innuit,
1170 4754 1362 4826 suspicionem
1380 4752 1475 4808 nautis
1498 4753 1648 4820 adimeret,
1664 4770 1702 4810 ne

81 4844 253 4917 colligimus.
271 4848 342 4904 Nam
368 4849 436 4904 dum
452 4849 570 4906 Francia
592 4867 723 4906 reversus
744 4856 798 4919 est,
853 4846 1113 4902 animadverterent
1126 4842 1149 4912 ⁹,
1164 4843 1271 4915 ipsum,
1297 4841 1447 4914 quiesset,
1471 4841 1700 4906 esse.1setiam‚

70 4934 229 4990 tsecundo
254 4951 330 4990 anno
358 4941 423 5008 post
441 4938 598 5009 imperator
620 4938 651 4993 in
669 4938 800 5020 Calabria
853 4936 995 5007 adprimae
1017 4932 1210 5007 persuasionis
1240 4930 1265 4967 ¹⁰
1291 4931 1405 5004 eloquio
1435 4930 1567 4998 idoneus,
1596 4929 1646 4996 ait,
1677 4929 1701 4984 si

652 5063 769 5118 VARlAE
796 5060 994 5117 anemonas.

70 5170 135 5211 ¹0²'03
160 5156 259 5226 adjeci·
295 5160 305 5192 ²
333 5158 472 5230 regnique
497 5176 520 5215 e.
559 5162 665 5216 ⁸cesar
687 5175 881 5228 nonuunquam
906 5174 930 5214 o.
955 5162 980 5213 et
995 5157 1053 5212 ulia
1077 5154 1212 5225 cjnnnodi
1230 5171 1252 5210 e.
1281 5171 1309 5223 a.
1326 5152 1437 5225 regine,
1466 5153 1549 5212 letus,
1577 5149 1699 5218 edilicia,

70 5226 146 5297 repit,
174 5228 279 5298 presul,
300 5229 465 5297 cenobium,
494 5232 606 5302 equari,
634 5233 681 5286 sed
703 5233 850 5303 plurimum
867 5246 893 5296 e,
909 5246 943 5284 m.
969 5227 1113 5283 oeacrn'bit.
1150 5225 1170 5281 ¹.
1186 5225 1216 5280 hi
1230 5229 1257 5281 2.
1296 5222 1458 5296 ³spiritalis
1477 5239 1499 5279 c.
1538 5220 1654 5277 ‘manu
1669 5225 1698 5278 2.

70 5311 182 5353 trumo.
222 5297 431 5357 ‘exienscorn
447 5318 554 5357 exuens
569 5318 592 5357 c.
628 5301 933 5359 ”animaverterentc
973 5297 997 5334 ¹⁰
1018 5301 1106 5355 itali.
1120 5295 1346 5369 persuasiorise.

769 5399 881 5455 NOTAE.

70 5490 172 5548 icilicet
186 5493 335 5550 Deoderici
349 5494 487 5567 episcopi.
887 5494 942 5566 (ll)
959 5495 1096 5551 hossana.
