3878 6112
140 241 195 297 999
648 238 889 298 noscentibus
907 239 1174 299 wonttsctttrtsts
1193 240 1392 300 EPlSCOPUS.
1843 245 1901 298 599

142 380 229 438 qnam
239 364 367 437 vulgatu,
382 379 441 419 non
455 361 549 418 solum
572 361 706 418 eumdem
728 359 831 432 viginti
846 359 987 416 librorum
1000 363 1025 416 Α
1044 359 1155 433 nequit,
1171 359 1280 433 rogarii
1293 376 1339 416 me
1355 359 1468 416 dilectio
1484 364 1546 429 tua,
1557 364 1590 416 ut
1603 361 1679 417 bunc
1693 360 1804 417 librum
1821 359 1893 417 bre·

143 469 298 510 numerum
313 467 445 523 expresse
464 450 615 522 approbat,
641 466 740 505 verum
757 450 845 504 etiam
864 449 993 520 ipsorum
1047 450 1121 505 viter
1134 449 1296 517 collectum,
1315 463 1392 504 nunc
1406 449 1525 505 demum
1540 449 1637 521 pueris
1651 449 1821 505 discendam
1835 454 1900 506 trs·

143 543 240 598 titulos
264 541 387 597 insertos
407 539 574 611 praeierens,
598 539 650 594 hos
675 543 703 593 et
725 553 784 592 non
800 537 901 592 aliosa
924 538 994 592 Bur·
1047 535 1159 592 darem:
1189 542 1222 591 nt
1242 537 1320 608 quod
1351 536 1444 592 nostri
1466 543 1665 609 cooperatores
1688 538 1720 592 in
1739 538 1901 594 maturiore

143 629 247 686 cbardo
270 627 456 682 concinnatos
475 631 606 682 testatur.
623 625 756 682 Concinit
779 625 866 680 etiam
882 642 995 698 anony-
1048 629 1132 680 aetate
1144 623 1231 697 positi
1249 625 1354 681 nostris
1367 625 1480 694 diebus,
1496 631 1526 681 et
1548 631 1764 682 antecessorum
1781 633 1898 683 nostro-

144 734 208 772 mus
228 716 284 787 ipsi
299 715 463 772 Burchardo
478 731 599 782 coaevus,
617 714 667 785 qui
685 713 714 768 in
730 714 792 785 ejus
806 713 869 767 Vita
883 713 991 769 tradit:
1047 729 1113 768 rum
1134 713 1269 769 tarditate
1292 715 1488 786 neglexerant,
1517 716 1604 770 modo
1628 720 1713 771 simle
1734 715 1854 782 teneris,
1871 720 1900 771 et

145 809 202 864 Hoc
219 821 282 861 vero
294 819 401 876 cupos,
415 805 471 858 siue
489 804 684 857 collectarium
704 802 844 868 distinxit,
868 807 894 857 et
908 805 938 857 iu
951 804 994 857 oi·
1048 800 1111 856 aliis
1122 801 1230 858 discere
1249 802 1411 857 volentibus
1421 802 1590 858 traderetur.
1607 804 1755 876 Siquidem
1771 809 1804 859 ut
1818 805 1898 876 prius

146 896 218 964 qinti
231 895 313 950 libros
325 893 479 948 distribuit.
501 893 601 947 Nonne
616 891 678 945 haec
692 890 759 950 duo,
776 889 864 945 coaevi
887 890 995 945 scilicet
1047 889 1151 945 tierent
1176 889 1258 961 probi
1283 891 1428 961 discipuli,
1445 894 1509 963 post
1521 890 1647 962 plebium
1667 895 1696 946 et
1723 890 1856 959 doctores
1869 896 1899 946 et

146 982 292 1054 scriptoris
308 986 337 1036 et
358 981 449 1053 ipsius
472 979 637 1048 burchardi,
654 978 820 1034 testimonia
842 978 995 1034 duodecim
1048 978 1197 1049 magistri,-
1212 984 1241 1033 et
1264 983 1298 1033 nt
1310 978 1493 1050 perciperent
1506 978 1537 1033 in
1552 979 1657 1034 scholis
1671 980 1750 1051 quod
1765 980 1896 1051 quando·

147 1071 286 1125 librorum
300 1069 467 1139 opinionem
482 1067 671 1139 expungunt?
1049 1082 1105 1137 que
1132 1066 1236 1122 docere
1263 1066 1404 1122 deberent
1430 1066 1485 1122 sibi
1514 1067 1688 1123 commissos.
1718 1067 1896 1124 Desiderinm

183 1160 209 1213 3.
243 1159 275 1212 ln
299 1156 438 1228 Operibus
466 1155 580 1226 Georgii
608 1154 760 1210 Cassandri
782 1171 849 1226 pag.
877 1155 943 1210 {ost
967 1155 995 1208 et
1049 1160 1143 1221 tuum,
1155 1158 1182 1209 et
1195 1154 1308 1225 petitio,
1321 1154 1419 1224 irater,
1428 1155 1506 1226 justa
1524 1155 1596 1210 mibi
1613 1155 1739 1223 videtur,
1755 1160 1786 1210 et
1799 1156 1835 1210 de
1845 1172 1894 1211 ro·

149 1247 227 1314 tuse,
243 1249 316 1300 teste
340 1243 479 1312 Fabricio,
502 1244 563 1298 haec
585 1244 738 1314 leguntur:
755 1244 837 1300 Nocti
853 1245 935 1297 etium
952 1257 996 1297 su·
1051 1245 1158 1298 tentate
1173 1243 1223 1297 tali
1248 1243 1355 1314 gratias
1376 1259 1440 1316 ago.
1470 1243 1561 1298 Etiam
1583 1248 1613 1299 et
1639 1243 1683 1298 illi
1708 1243 1894 1299 multimodas

146 1347 206 1388 mus
228 1347 278 1387 oss.
308 1347 376 1402 opus
404 1331 573 1398 Burcbordi,
600 1331 673 1400 quod
697 1331 782 1385 obiter
810 1334 916 1384 tautum
936 1345 996 1384 oum
1049 1331 1156 1403 gratias
1178 1331 1282 1399 refero,
1311 1331 1362 1404 qui
1389 1334 1416 1386 te
1431 1333 1518 1387 talem
1534 1331 1605 1387 mihi
1622 1332 1812 1402 prestiterat,
1831 1331 1895 1404 quis

146 1424 278 1490 impresso
304 1421 420 1475 Parisiis
443 1435 488 1473 un.
523 1420 590 1473 1549
613 1420 783 1484 contulimus,
799 1423 824 1472 et
849 1417 996 1487 depreben-
1050 1435 1102 1490 pro
1120 1423 1195 1474 statu
1223 1419 1353 1474 Ecclesiae
1375 1425 1480 1475 nostrae
1498 1425 1526 1475 te
1549 1420 1661 1475 assidue
1680 1420 1837 1476 desudasse
1849 1436 1895 1476 eo·

148 1508 238 1562 dimus
264 1507 383 1575 epistolae
403 1506 529 1575 pbrosim
552 1509 636 1560 totam
660 1507 843 1560 immutatum.
868 1503 995 1574 idipsum
1050 1522 1216 1578 gnoveram.
1253 1506 1307 1564 Sed
1322 1521 1327 1529 “
1340 1507 1417 1579 quod
1442 1513 1521 1563 tuam
1546 1508 1777 1563 exhortationem
1797 1509 1896 1580 saepius

148 1603 175 1650 et
188 1611 240 1649 nos
253 1593 465 1648 observavimus
483 1592 513 1646 in
541 1594 633 1647 tribus
649 1592 771 1646 laudatis
795 1591 949 1658 codicibus,
966 1591 995 1645 in
1051 1594 1122 1650 mihi
1144 1595 1315 1650 inculcatam
1344 1595 1446 1651 tandiu
1474 1596 1652 1664 distuleram,
1681 1612 1756 1651 mete
1778 1597 1897 1668 ignatias

149 1682 254 1754 quibus
269 1686 383 1737 tantum
409 1680 609 1752 praefationem
631 1681 803 1736 invenimus.
821 1680 853 1734 ln
869 1680 997 1750 hisproe·
1052 1684 1119 1738 nolo
1147 1687 1180 1738 ut
1206 1683 1345 1755 assignes,
1381 1683 1450 1755 quia
1474 1684 1585 1740 duabus
1611 1700 1644 1739 ex
1658 1684 1754 1740 causis
1782 1685 1897 1741 minime

150 1771 221 1826 tatio
234 1786 293 1825 non
321 1771 415 1825 solum
439 1769 535 1824 uerbis
561 1769 735 1841 discrepata
758 1769 884 1839 vulgata,
897 1783 998 1822 verum
1053 1772 1125 1829 mihi
1143 1772 1198 1827 hoc
1223 1773 1364 1845 attingere
1379 1773 1520 1828 licuerat:
1539 1772 1644 1829 scilicet
1672 1777 1794 1845 propter
1813 1774 1897 1829 varias

150 1859 237 1914 etiam
250 1857 372 1914 ordine:
388 1873 422 1912 ea
447 1857 525 1911 enim
540 1873 605 1929 quae
625 1856 752 1912 ineditis
771 1856 806 1911 ad
822 1854 999 1927 praefationis
1053 1867 1082 1916 et
1093 1861 1270 1924 inevitabiles
1283 1860 1484 1916 soetasisstiess
1503 1861 1696 1928 necessitates,
1724 1877 1792 1933 quae
1808 1861 1898 1933 quoti.

150 1951 256 2004 calcem
272 1947 308 2003 ab
324 1947 387 2001 aliis
402 1946 511 2017 adjecta
518 1946 608 2001 rideri
628 1949 759 2018 possunt,
771 1945 827 2017 ipsi
838 1944 1000 2016 praefationi
1055 1949 1101 2004 die
1115 1964 1195 2004 more
1209 1948 1348 2004 fluctuum
1368 1954 1535 2020 emergunt:
1552 1954 1580 2003 et
1594 1948 1714 2021 insuper
1725 1965 1798 2004 cura
1821 1965 1896 2005 mun·

151 2036 182 2091 in
196 2036 299 2092 iisdem
324 2051 392 2090 mss.
408 2035 448 2090 ita
460 2034 638 2103 insemntur,
660 2040 691 2089 ut
706 2034 868 2089 Burchardo
883 2037 1000 2089 auctore
1054 2035 1173 2091 dialium
1189 2051 1286 2090 rerum
1303 2036 1338 2091 ad
1352 2036 1514 2107 imperialia
1534 2036 1669 2093 mandata
1682 2038 1896 2108 pertinentium,

151 2125 257 2196 scripta
278 2123 365 2179 inisse
394 2121 624 2178 manifestissime
649 2127 768 2178 constet.
797 2124 904 2178 tiorum
922 2127 1000 2178 vete·
1054 2139 1119 2195 quae
1142 2123 1284 2179 studentis
1312 2129 1341 2179 et
1363 2123 1400 2178 ad
1431 2124 1580 2196 superiora
1602 2125 1746 2181 tendentis
1774 2125 1895 2181 animun

151 2229 217 2270 rum
231 2210 440 2282 exemplarium
459 2210 624 2278 concordia,
643 2226 709 2265 curn
724 2211 829 2282 quibus
842 2211 913 2266 alios
927 2226 1000 2283 quo·
1055 2211 1137 2267 valde
1152 2210 1332 2280 obtundunt:
1348 2211 1417 2284 quia
1431 2212 1703 2284 animuscujusque,
1717 2213 1788 2269 dnm
1800 2213 1892 2269 diridi-

151 2316 208 2374 que
223 2299 333 2355 codices
347 2299 398 2371 qni
422 2298 592 2370 praefatione
618 2314 678 2354 non
702 2302 824 2362 careant,
848 2298 1001 2354 convenire
1055 2303 1103 2354 tur
1125 2315 1177 2371 per
1203 2300 1296 2371 plura,
1319 2299 1414 2356 minor
1436 2300 1470 2356 iit
1498 2300 1533 2356 ad
1559 2300 1683 2373 singula.
1714 2302 1826 2357 Tamen
1850 2301 1894 2357 tuis

151 2405 211 2445 non
235 2387 421 2459 ambigimus,
444 2387 518 2442 hanc
542 2402 640 2442 veram
663 2402 725 2442 esse
739 2386 938 2457 praefationem
950 2402 1002 2442 seu
1055 2386 1159 2442 sanctis
1184 2386 1371 2459 petitionibus
1390 2388 1527 2445 obediens
1550 2388 1698 2461 synodalis
1721 2394 1893 2462 praeceptae

153 2476 305 2548 epistolam
334 2474 491 2531 Burchsrdi
519 2474 555 2529 ad
575 2474 766 2530 Bruniconem
798 2475 928 2543 suadet:
957 2475 1003 2530 id·
1056 2480 1153 2531 sancta
1167 2478 1273 2531 statuta
1296 2479 1353 2530 tam
1369 2492 1403 2532 ex
1431 2476 1581 2532 sententiis
1600 2481 1765 2533 sanctornm
1789 2479 1891 2534 Patron

153 2565 305 2636 ipsumque
321 2561 474 2618 confirmat
487 2562 550 2633 ipsa
565 2562 631 2634 styli
646 2578 678 2617 ac
693 2566 841 2634 syntaxeos
853 2563 1001 2619 inconcin·
1056 2579 1144 2636 quam
1158 2579 1190 2618 ex
1219 2563 1388 2631 canonibus,
1405 2565 1463 2620 lieo
1480 2564 1628 2636 largiente,
1645 2566 1751 2638 collegi
1763 2571 1804 2633 et,
1820 2578 1891 2638 prout

153 2651 240 2719 nitas,
257 2666 321 2723 quae
343 2649 385 2704 ilii
412 2666 473 2705 tero
490 2649 612 2704 maxime
636 2650 780 2720 congruit.
800 2650 1001 2705 praefationem
1057 2651 1147 2724 potui,
1166 2667 1285 2723 corpora
1309 2652 1452 2708 connexui
1478 2652 1510 2708 in
1523 2668 1592 2720 uno,
1607 2657 1637 2708 at
1651 2653 1681 2709 in
1698 2654 1804 2727 viginti
1818 2655 1889 2709 libros
1927 2654 1929 2659 '

153 2744 250 2795 autent
275 2739 511 2810 vergelensem
534 2744 595 2794 tam
619 2744 717 2809 aperte
732 2755 750 2792 a
773 2739 938 2793 memoratis
953 2754 1001 2794 re·
1056 2739 1134 2794 idem
1148 2755 1251 2810 corpus
1261 2739 1404 2795 distribui.
1417 2741 1451 2795 Et
1469 2740 1493 2795 si
1508 2740 1572 2812 quis
1597 2740 1720 2813 diligens
1748 2743 1889 2798 lectoreos

154 2827 239 2883 lestis
252 2827 327 2884 mss.¹
343 2826 502 2894 dissentiat,
520 2827 641 2881 studiosi
668 2827 789 2897 alicujus
812 2827 940 2891 arbitrio,
955 2827 1003 2882 cui
1059 2827 1201 2882 subtiliter
1213 2832 1408 2897 perscrutatos
1429 2827 1528 2895 inerit,
1541 2829 1647 2884 multas
1661 2830 1801 2885 utilitates
1815 2829 1889 2886 nostri

154 2916 313 2987 elegantior
334 2915 424 2986 stylus
448 2915 588 2986 placebat,
617 2915 703 2970 inisse
732 2918 913 2970 immutatam
929 2915 1004 2970 arbi·
1021 2917 1041 2972 t}
1060 2915 1212 2971 ministerii
1226 2916 1256 2970 in
1271 2915 1459 2971 aisinreniet.

155 3010 275 3060 tramur.
292 3003 500 3059 litaminterim
514 3003 609 3075 qualis
623 3003 653 3058 in
668 3004 813 3059 codicibus
832 3005 938 3076 legitur
956 3003 1005 3060 hic
1057 3005 1144 3061 iudea
1167 3004 1203 3075 (t)
1229 3005 1398 3073 singulorum
1421 3005 1552 3060 librorum
1576 3006 1612 3060 D.
1642 3006 1799 3062 burchardi
1825 3007 1889 3060 War-

156 3092 333 3149 exbibemus.
1091 3095 1234 3148 saonensis
1249 3095 1378 3163 episcopi,
1393 3093 1507 3150 breuiter
1532 3093 1600 3162 quid
1622 3109 1731 3163 quoque
1750 3096 1820 3151 libro
1839 3110 1887 3149 oos-

187 3181 244 3236 4.‹
274 3179 456 3235 Burcbardus
482 3178 543 3234 solo
562 3179 681 3234 nomine
710 3178 927 3234 wormaciensis
942 3179 1003 3250 epi·
1093 3181 1358 3236 tiueturostandens.

156 3284 259 3339 scopus
274 3267 450 3323 Brunichoni
464 3266 542 3321 iideii
556 3283 620 3336 sno,
636 3267 766 3338 ejusdem
785 3267 916 3323 uidelicet
929 3267 1004 3323 sedis
1108 3289 1123 3318 «
1137 3268 1250 3323 Primus
1264 3267 1334 3323 libes
1355 3256 1537 3323 continet‘ds
1564 3272 1706 3339 potestate
1732 3275 1764 3324 et
1788 3270 1889 3342 primu·

157 3357 320 3430 preposito,
336 3356 367 3410 in
383 3355 495 3411 Christo
512 3355 633 3410 Domino
645 3356 777 3410 salutem.
1058 3354 1323 3425 apostolicaesedis,
1347 3355 1585 3425 patriarcharum,
1607 3362 1781 3412 ceterorum
1800 3358 1888 3429 prins·

192 3462 207 3498 ιι
223 3443 316 3500 tlultis
328 3444 389 3515 jam
404 3458 480 3513 saepe
505 3442 607 3498 diebus
633 3442 813 3497 familiaritas
840 3447 899 3512 tua,
915 3443 1005 3499 irater
1058 3447 1120 3497 tum
1135 3443 1434 3513 metropolitanorum,
1456 3448 1484 3498 et
1509 3443 1545 3499 de
1559 3446 1668 3516 synodo
1683 3445 1890 3514 celebrandae

157 3532 333 3601 charissime,
347 3546 475 3602 presens
490 3531 572 3587 nobis
587 3532 729 3587 hortando
745 3532 887 3603 suggessit
901 3537 1005 3604 quate·
1058 3531 1208 3586 vocatione
1223 3530 1258 3586 ad
1286 3532 1446 3603 synodum,
1462 3531 1497 3587 de
1520 3532 1668 3600 accusatis,
1693 3538 1723 3588 et
1736 3533 1890 3589 aectisatori·

157 3637 211 3676 nus
232 3620 363 3676 libellum
378 3634 412 3674 ex
427 3619 513 3673 uariis
535 3619 708 3675 utilitatibus
731 3619 767 3674 ad
787 3635 860 3690 opus
874 3635 1005 3691 compre·
1058 3619 1122 3684 bus,
1138 3624 1166 3674 et
1180 3619 1319 3686 testibus;
1336 3619 1372 3674 de
1385 3619 1548 3691 exspoliatis
1562 3619 1668 3691 injuste
1680 3636 1688 3686 ;
1702 3621 1739 3676 de
1758 3622 1889 3693 judicibus

156 3709 336 3781 sbyterorum
351 3711 517 3762 nostrornm
532 3711 590 3761 tam
614 3723 648 3761 ex
677 3707 827 3761 sententiis
842 3712 1005 3763 sanctorum
1058 3723 1091 3762 ac
1114 3707 1149 3762 de
1176 3707 1256 3762 omni
1272 3707 1381 3762 honore
1395 3708 1578 3778 competenti,
1594 3724 1628 3763 ac
1651 3708 1806 3780 dignitate,
1818 3716 1844 3766 et
1854 3709 1897 3769 ti·.-

156 3799 273 3853 Patrum
289 3811 376 3867 quam
392 3811 424 3850 ex
438 3795 606 3861 canonibus,
618 3810 669 3849 seu
684 3794 845 3850 exdivcrsis
858 3795 1005 3865 poeniten·
1058 3811 1140 3850 verso
1155 3794 1282 3866 negotio,
1298 3798 1327 3850 et
1341 3795 1500 3850 ministerio
1515 3795 1728 3868 episcoporum.

155 3883 273 3939 lialibus
287 3882 419 3953 vigilanti
432 3882 530 3937 animo
545 3898 649 3954 corpus
665 3882 696 3937 in
710 3898 800 3938 unum
816 3882 1003 3954 colligerem:
1095 3903 1109 3933 ιι
1124 3883 1272 3938 &candus
1294 3883 1367 3939 liber
1380 3883 1508 3938 continet
1529 3884 1565 3940 de
1584 3885 1756 3956 congruenti
1770 3886 1889 3958 dignitate

155 3971 192 4026 ob
207 3971 238 4027 id
262 3971 397 4037 maxime,
420 3970 489 4041 quia
503 3984 647 4025 canonum
666 3970 732 4040 jura
747 3975 775 4023 et
787 3969 896 4039 judicia
910 3971 1005 4042 poeni·
1058 3975 1087 4025 et
1105 3971 1217 4026 diversa
1231 3970 1423 4038 institutione,
1453 3987 1486 4026 ac
1501 3971 1690 4041 nutrimento,
1710 3975 1756 4030 uel
1771 3975 1888 4046 qualitate

154 4060 278 4115 tentium
306 4059 337 4114 in
362 4061 459 4113 nostra
480 4056 596 4112 dioeoesi
625 4056 666 4111 sic
692 4061 759 4110 sunt
784 4055 904 4112 confusa
917 4063 1004 4129 atque
1057 4058 1133 4127 rita,
1151 4065 1179 4115 et
1192 4059 1304 4115 diverso
1328 4058 1456 4131 negotio,
1476 4063 1505 4115 et
1532 4060 1694 4116 ministerio
1722 4064 1888 4136 presbytero·

155 4147 266 4204 diversa
277 4150 306 4202 et
317 4146 435 4213 inculte,
457 4161 489 4199 ac
504 4144 544 4199 sic
558 4160 592 4200 ex
606 4148 667 4198 toto
687 4145 826 4214 neglecta,
842 4150 871 4199 et
884 4144 960 4201 inter
973 4162 1002 4199 se
1059 4163 1135 4213 rum,
1150 4152 1180 4202 et
1192 4147 1390 4216 diaconorum,
1406 4163 1456 4203 seu
1477 4148 1654 4221 reliquorum
1670 4150 1808 4207 ordinum
1820 4149 1888 4205 sets

155 4235 235 4290 valde
259 4233 458 4304 discrepantia,
475 4237 504 4287 et
531 4248 605 4304 pene
631 4232 1002 4288 nullius-auctoritatesni·
1059 4233 1248 4290 siasticorum.
1612 4299 1614 4302 Α

73 4342 78 4350 ·
155 4323 236 4389 inita,
253 4327 286 4377 ut
310 4325 431 4392 propter
451 4320 658 4376 dissonantiam
673 4319 750 4375 rixa
774 4320 870 4375 sciolis
892 4321 1006 4392 possint
1089 4322 1231 4377 «Tertius
1254 4321 1328 4377 liber
1353 4321 1481 4378 continet
1501 4322 1536 4378 de
1560 4322 1726 4380 divinarum
1754 4324 1885 4381 domorum

154 4410 286 4465 discerni.
308 4409 387 4465 Unde
401 4408 435 4464 flt
461 4409 634 4482 plerumque
658 4414 690 4464 ut
713 4409 942 4481 confugientibus
967 4411 1003 4467 ad
1055 4409 1246 4474 institutione,
1276 4413 1305 4464 et
1327 4410 1418 4479 cultu,
1445 4415 1475 4465 et
1499 4410 1627 4479 bonore:
1645 4411 1682 4468 de
1712 4412 1836 4478 decimis,
1865 4412 1885 4466 si

153 4498 314 4553 remedium
328 4496 515 4569 penitentias,
531 4502 590 4553 tam
610 4513 662 4570 pro
680 4497 820 4553 librorum
834 4498 1003 4555 contusione
1056 4497 1258 4568 oblationibus,
1274 4503 1303 4553 et
1321 4497 1441 4570 justitiis
1456 4499 1651 4571 singulorum:
1668 4505 1698 4557 et
1711 4501 1763 4574 qni
1788 4498 1883 4557 libriin

154 4601 241 4664 qnam
270 4586 356 4641 etiam
379 4587 613 4658 presbyterorum
638 4586 813 4657 ignorantia,
838 4587 1003 4643 nullatenus
1056 4601 1135 4641 sacro
1164 4586 1298 4657 Catalogo
1323 4585 1579 4660 recipiantur,2qui
1597 4603 1664 4643 vero
1685 4588 1879 4662 apocryphis

152 4675 246 4730 valeat
270 4673 426 4730 subveniri.
456 4674 513 4730 Cur
541 4675 623 4730 hoc?
652 4674 721 4729 lnde
753 4678 862 4731 aestimo
888 4675 1003 4730 evenire
1057 4673 1173 4745 qnando
1189 4673 1355 4744 apponendi
1369 4673 1437 4729 sint.

153 4762 288 4831 maxime,
305 4760 373 4833 qnia
387 4776 552 4816 mensnram
565 4761 706 4831 temporis
721 4765 749 4815 et
774 4761 891 4816 modum
906 4761 1004 4818 delicti
1093 4761 1246 4827 «Quartus
1260 4761 1334 4818 liber
1355 4762 1483 4818 continet
1509 4768 1721 4821 sacramentum
1744 4764 1881 4837 baptis-a-

153 4851 184 4907 in
208 4849 319 4923 agenda
339 4848 509 4921 poenitentia
526 4864 585 4904 non
609 4848 677 4904 satis
697 4853 815 4918 attente,
840 4852 869 4903 et
891 4853 1001 4918 aperte,
1056 4837 1104 4920 tis,
1118 4853 1147 4905 et
1158 4850 1351 4906 ministerium
1363 4850 1616 4922 baptizandorum,
1631 4856 1661 4909 st
1684 4852 1880 4926 baptizatorum.

153 4944 182 4995 et
202 4939 327 5011 perfecte
348 4937 503 5009 praefigunt
526 4951 651 4991 canones
665 4952 719 5007 pro
745 4950 921 5006 unoquoque
944 4935 1002 4991 cri-
1056 4943 1084 4994 et
1098 4938 1369 5010 consignandorum,
1386 4943 1415 4994 et
1429 4939 1674 5012 consignatorum.
1909 5000 1912 5007 ,

153 5027 242 5096 mine,
257 5032 290 5094 nt
311 5027 347 5082 de
371 5025 491 5097 singulis
518 5025 614 5081 dicant
634 5023 759 5095 qualiter
773 5025 1001 5095 unumquodque
1092 5049 1104 5078 ι
1133 5026 1255 5092 Quintus
1276 5026 1348 5083 liber
1368 5027 1496 5083 continet
1514 5028 1550 5084 de
1574 5034 1754 5087 sacramento
1774 5024 1880 5100 corporis

153 5115 367 5170 emendandum
384 5114 436 5183 sit;
453 5113 503 5169 sed
530 5112 623 5183 magis
649 5111 680 5167 in
707 5111 828 5167 arbitrio
851 5113 1002 5167 sacerdotis
1055 5120 1083 5170 et
1097 5115 1245 5187 sanguinis
1271 5114 1395 5184 Domini,
1411 5120 1439 5172 st
1452 5116 1489 5172 de
1511 5116 1706 5190 perceptione,
1722 5123 1752 5175 et
1770 5117 1881 5174 obseru-

153 5202 339 5274 intelligentis
348 5202 573 5274 relinquendum
583 5204 721 5255 statuunt.
734 5199 922 5271 Quapropter,
934 5202 1002 5271 qnia
1054 5202 1133 5258 tione
1148 5219 1258 5259 eorum.

153 5292 209 5347 boe
223 5291 310 5347 nisis
338 5291 515 5365 sapientibus
535 5294 564 5345 et
588 5288 660 5361 legis
674 5288 778 5344 divinae
805 5288 924 5345 eruditis
938 5288 1001 5344 lieri
1091 5290 1219 5347 «Sextus
1249 5293 1321 5348 liber
1348 5292 1476 5348 continet
1502 5293 1537 5350 de
1556 5293 1721 5351 homicidiis
1749 5292 1874 5369 sponlsst
1913 5278 1929 5338 ’-

188 5474 229 5548 u)
245 5473 294 5529 iiic
306 5473 417 5541 titulus,
428 5475 472 5529 vel
486 5475 586 5529 saltem
601 5471 756 5530 burchardi
775 5487 892 5543 nomen,
908 5472 1091 5530 libreriomm
1108 5475 1227 5531 arbitrio
1242 5476 1381 5532 insertum
1391 5478 1514 5533 videtur.
