3878 6112
113 237 164 299 ltu

763 247 791 304 S·
813 246 955 336 hauriet
976 247 1215 306 terentiolus
1817 251 1867 306 tau

108 364 160 421 hos
183 362 332 435 excipiunt
349 364 406 419 uu.
430 363 529 419 vicarii
552 365 679 422 eeclesiae
693 367 804 423 cathed.
829 384 881 424 nec
901 371 996 425 noua
1015 370 1095 427 derio
1106 369 1319 426 venerationem
1333 370 1423 426 sancti
1438 370 1630 443 imperatoris,
1656 372 1692 427 de
1707 370 1762 428 hac
1776 372 1870 446 patria

63 481 66 490 ·
107 451 237 508 canonici
261 450 349 506 trium
369 451 554 508 ecclesiarum
582 453 798 525 collegiatarum
822 470 828 510 :
854 454 961 512 scilicet
1014 459 1086 515 adeo
1098 461 1235 531 praeclare
1251 459 1356 527 meriti,
1372 459 1705 532 aliquatenusaugeodi3
1721 466 1751 517 et
1765 466 1870 534 poten-

108 541 187 597 adS.
202 540 351 608 tacobom,
375 539 411 594 ad
436 541 464 596 S.
487 542 699 613 Gangolphum‚
722 542 757 598 ad
783 543 811 598 S.
839 544 959 616 Stepha·
1014 553 1072 604 tem
1098 547 1332 604 intercessionem
1362 547 1448 619 hujus
1476 547 1570 603 Sancti
1599 548 1680 618 cujus
1712 550 1870 605 sacratissi-

109 645 190 686 num.
220 628 351 684 Succedit
379 628 660 685 lieverendissimum
683 630 842 702 capitulum
867 633 961 687 cathe·
1015 653 1212 708 mumcorpus
1231 652 1364 708 penesse
1387 635 1504 699 habent,
1524 637 1640 707 speciali
1665 636 1761 710 aliqua
1784 638 1871 694 dero·

108 717 197 774 drale.
226 717 391 789 Sequuntur
405 721 506 772 statum
528 717 559 772 iu
581 718 691 774 feretris
706 719 893 790 deportatrea
914 719 961 775 di·
1016 726 1092 780 tione
1108 725 1299 796 promerendi.
1326 725 1494 795 delegerunt
1519 723 1572 778 sibi
1589 724 1700 796 aliquot
1718 725 1780 781 dies
1795 725 1871 780 infra

61 845 73 865 ,
110 820 259 863 versorum
273 804 413 861 Ordioum
436 805 586 877 Religiosis
609 807 639 860 in
665 807 827 863 Dalmaticis
844 825 851 875 ;
868 808 961 880 primo
1016 814 1160 881 Octavam,
1177 814 1281 886 quibus
1297 829 1409 867 sacrum
1433 814 1609 883 sepulcrum,
1624 812 1681 868 ritu
1707 813 1871 886 supplican-

110 911 180 951 crox
195 894 332 966 pretiosa,
352 893 387 949 de
410 910 468 966 qua
491 910 588 966 supra,
613 910 630 948 a
659 899 783 967 quatuor
804 912 838 952 ex
854 896 961 953 Ordine
1017 902 1088 957 tium
1105 902 1225 965 adirent,
1238 907 1268 957 et
1294 901 1389 957 Sancti
1410 900 1613 973 patrocinium,
1633 901 1743 973 junctis
1766 902 1873 956 animis

112 984 167 1040 ΗΡ.
184 983 308 1056 Cappuc.
333 986 359 1037 2.
384 983 517 1039 SlatuaS
551 982 898 1056 Gregoriiaquatuorex
914 983 963 1039 Or·
1017 1006 1049 1044 ac
1071 988 1188 1044 vocibus
1209 989 1408 1060 implorarent.
1444 989 1494 1044 Oia
1527 1005 1585 1042 uno
1604 989 1712 1060 prodiit
1736 990 1873 1045 sodalitas

113 1071 405 1128 dinePP.Carmelit.
430 1074 455 1126 3.
482 1073 581 1126 Statua
601 1071 628 1127 S.
658 1073 960 1146 Crrncguudisaqua-
1016 1074 1243 1146 angelicaque
1269 1080 1326 1130 tres
1355 1073 1554 1130 Grammaticus
1573 1075 1678 1129 classes
1705 1075 1872 1148 complecti·

113 1167 179 1217 tuor
190 1177 224 1215 ex
241 1159 346 1216 Ordine
363 1161 415 1214 PP.
442 1160 581 1214 Francisc.
607 1159 633 1214 4.
655 1160 753 1216 Statua
767 1161 794 1217 S.
820 1161 964 1217 ilenricia
1018 1162 1187 1218 tunditero
1218 1163 1352 1217 sodalitas
1379 1161 1480 1228 biedia,
1510 1178 1596 1234 quam
1627 1165 1721 1219 Poetm
1746 1171 1775 1219 et
1795 1164 1873 1219 ilbe-

113 1255 239 1322 quatuor
262 1264 296 1302 ex
322 1248 427 1304 Ordine
457 1250 509 1303 l'l’.
539 1247 721 1305 Praedicator.
752 1253 777 1304 5.
807 1250 906 1305 Statua
932 1251 962 1308 B.
1018 1257 1095 1306 tores
1136 1251 1324 1306 constituunt.
1368 1251 1463 1305 Tertio
1497 1251 1593 1321 Major,
1621 1267 1686 1322 qure
1710 1256 1738 1307 et
1765 1252 1874 1307 Acade·

113 1337 238 1408 Virginis
257 1353 273 1391 a
292 1343 416 1408 quatuor
431 1354 464 1391 ex
484 1338 552 1392 Ord.
577 1339 630 1392 PP.
649 1338 791 1394 Benedict.
813 1340 966 1395 intercedit
1020 1339 1093 1393 mica
1115 1336 1228 1406 dicitur,
1253 1337 1283 1392 in
1305 1353 1361 1409 qua
1387 1336 1554 1410 Philosophi
1569 1343 1599 1393 et
1620 1337 1757 1412 Theologi
1781 1340 1874 1394 ionum

112 1426 217 1482 chorus
242 1425 387 1479 musicalis
414 1426 653 1492 instrumentalis,
678 1433 739 1481 turn
764 1428 868 1483 chorus
892 1429 966 1484 alius
1023 1426 1139 1481 babent.

110 1513 249 1584 juvenum
279 1512 390 1567 scenice
426 1513 606 1583 vestitorum,
633 1509 822 1570 referentium
848 1517 966 1587 angelos
1058 1516 1118 1569 109.
1138 1536 1148 1563 ι
1170 1513 1303 1579 Quolibet
1316 1529 1350 1568 ex
1365 1513 1411 1568 his
1430 1513 1476 1568 die
1502 1513 1667 1583 constituto,
1694 1514 1875 1571 sinelectio·

114 1616 179 1655 cum
194 1600 338 1673 cymbalis.
987 1617 1093 1710 Bnum
1105 1601 1266 1673 dispendio,
1282 1605 1414 1672 tempore
1440 1600 1591 1656 ordinaria
1607 1618 1666 1656 suae
1680 1602 1781 1671 lfissre,
1808 1619 1876 1674 pro·

152 1692 212 1744 ¹06.
235 1710 247 1739 a
262 1688 428 1760 Sequuntur
443 1688 546 1744 deinde
556 1690 614 1745 duo
630 1691 788 1763 presbyteri
802 1691 831 1747 in
854 1691 966 1764 pluvia·
1021 1689 1106 1744 cessit
1119 1704 1135 1743 e
1149 1687 1352 1761 gymnasique
1367 1687 1468 1742 ordine
1482 1688 1652 1758 composito,
1672 1695 1770 1745 secuta
1789 1705 1876 1745 sunm

115 1777 200 1846 libus,
221 1777 488 1846 portanteslibrum
511 1779 732 1850 Evangeliorum
756 1785 784 1836 et
798 1781 901 1837 stolam
916 1796 967 1853 pro
1022 1776 1167 1845 vexillum,
1186 1776 1262 1832 inter
1282 1778 1416 1831 devotum
1440 1775 1604 1831 litaniarum
1632 1783 1818 1848 concentum,
1843 1779 1877 1834 ad

115 1866 308 1921 cantandisin
334 1864 489 1937 designatis
516 1868 689 1922 stationibus
706 1868 865 1940 Evangeliis
883 1873 968 1923 :tum
1022 1864 1169 1920 ecclesiam
1189 1864 1381 1920 cathedralem
1409 1878 1560 1934 progressa
1583 1865 1638 1919 fuit
1657 1881 1664 1918 :
1683 1865 1731 1920 ubi
1747 1867 1877 1939 compul-

116 1954 239 2025 acolythi
258 1954 316 2008 duo
332 1960 479 2026 portantes
492 1956 662 2011 candelabra
676 1972 742 2011 cum
768 1957 858 2012 cereis
870 1973 969 2013 accen·
1022 1952 1134 2008 satione
1160 1966 1376 2021 campanarum,
1397 1955 1425 2005 et
1440 1951 1473 2006 ad
1493 1950 1642 2006 introitum
1658 1956 1761 2024 portae,
1776 1969 1876 2025 asper·

89 2034 164 2098 'sis
180 2043 343 2098 Succedunt
357 2049 482 2115 quatuor
500 2043 530 2097 io
545 2043 715 2111 dalmaticis,
742 2061 807 2099 curn
831 2044 969 2100 naviculis
1024 2041 1103 2096 sione
1122 2057 1205 2112 aquea
1233 2040 1370 2107 lustralis,
1400 2041 1437 2095 ab
1460 2040 1617 2095 admodum
1643 2041 1804 2097 reverendo
1828 2042 1877 2097 do·

116 2136 146 2185 et
167 2130 333 2197 thuribulis,
360 2131 579 2186 sanctissimum
615 2132 753 2187 continuo
779 2132 968 2188 incensantes.
1024 2129 1104 2184 mino
1128 2129 1428 2200 subcustodeexcepta
1457 2127 1521 2182 fuit.
1538 2127 1607 2182 lnde
1631 2126 1668 2181 ad
1689 2143 1769 2182 aram
1787 2133 1877 2183 atsa-

118 2220 268 2289 Postquos
290 2218 488 2282 subdiaconus,
518 2225 547 2275 et
573 2219 719 2289 diaconus,
740 2221 902 2275 notandam
917 2220 970 2275 sub
1024 2233 1103 2272 eram
1116 2218 1255 2273 Tumbam
1274 2216 1421 2288 prostrati,
1448 2222 1564 2288 accepta
1592 2215 1794 2271 benedictione
1810 2232 1875 2270 san·

117 2307 288 2363 baldachino
308 2307 572 2362 Reverendissimus
599 2309 726 2362 ecelesiae
741 2308 912 2363 cathedralis
924 2308 971 2364 de·
1025 2305 1142 2360 ctissimi
1168 2304 1352 2372 sacramenti,
1381 2304 1553 2360 audiverunt
1581 2303 1796 2376 liissam31sub
1822 2320 1877 2375 qna

117 2410 205 2450 canus
219 2399 337 2466 portans
350 2394 517 2450 Venerabile
531 2395 757 2464 Sacramentum,
773 2397 854 2467 cujus
873 2398 972 2453 utrim·
1026 2393 1159 2449 Officium
1174 2393 1209 2447 de
1223 2393 1250 2448 S.
1268 2392 1400 2458 ilenrico,
1431 2392 1549 2446 alternis
1576 2391 1715 2458 versibus,
1730 2398 1877 2463 praeeunte

119 2482 255 2554 queiatus
282 2483 390 2555 stipant
413 2484 567 2556 Episcopus
592 2490 621 2539 et
646 2484 819 2555 Praepositus
842 2485 971 2557 ejusdem
1026 2481 1158 2554 praeside,
1174 2483 1310 2535 altaroce
1338 2479 1504 2536 recitarunt.
1526 2481 1595 2535 Post
1621 2480 1877 2548 consecrationem,

118 2571 244 2627 ecclesiae
257 2571 380 2640 cathed,
395 2571 526 2626 candidis
550 2572 660 2628 facibus
677 2572 818 2628 instructi.
847 2574 973 2646 Cingunt
1027 2571 1230 2642 perantiquum
1246 2568 1627 2639 ocoevotumhymoomoe
1643 2569 1746 2623 eodem
1756 2568 1876 2624 Sancto:

56 2690 58 2694 >
121 2661 321 2735 baldachinum
344 2661 438 2715 octoni
459 2662 588 2733 juvenes,
606 2662 680 2717 faces
703 2662 802 2718 itidem
818 2665 972 2734 praeferen·
1029 2659 1136 2717 Laudat
1150 2657 1244 2713 omnis
1258 2657 1375 2728 spiritus
1392 2656 1548 2724 Christum,
1582 2656 1794 2729 quidirinitus,
1815 2663 1877 2721 etc,

119 2753 171 2816 tes,
193 2764 244 2802 nec
272 2763 330 2802 uon
352 2749 444 2803 tribus
472 2749 640 2806 mechanica
669 2750 810 2822 pistorum
832 2752 972 2807 cumsuis
1027 2748 1350 2816 intersonanteorganu,
1367 2746 1565 2810 decantarunt,
1581 2746 1879 2802 aodemamderotio·

120 2835 246 2890 candelis
279 2836 447 2906 majoribus.
473 2837 639 2908 Sequuntur
661 2838 764 2893 deinde
787 2838 897 2894 domini
912 2847 973 2895 sta·
1027 2853 1094 2893 nem
1108 2851 1201 2902 suam,
1216 2834 1318 2890 iterata
1339 2834 1443 2889 Christi
1465 2833 1647 2889 eucharistici
1662 2833 1716 2888 sibi
1729 2834 1803 2889 bane
1817 2850 1878 2905 pre·

122 2930 167 2976 tus
182 2923 334 2991 secularis,
369 2924 504 2978 nobilitas
524 2925 627 2995 aulica,
654 2932 716 2982 tum
742 2927 798 2981 uh.
817 2928 972 2983 consiliarii
990 2932 1011 2986 C
1028 2926 1118 2980 cantis
1133 2923 1300 2979 adoratione
1313 2925 1525 2977 concluserunt.

123 3010 288 3077 Celsissimi,
316 3017 345 3065 et
371 3011 474 3082 reliqui
502 3028 536 3066 ex
567 3013 687 3068 dirersis
727 3013 886 3069 dicasteriis
922 3031 973 3069 suo
1065 3016 1122 3068 itO.
1150 2999 1314 3067 «Parentes
1327 3010 1381 3065 hac
1396 3009 1565 3076 liberorum,
1589 3026 1657 3081 erga
1672 3010 1810 3066 Sanctum
1826 3012 1878 3066 lm·

122 3099 223 3154 ordine
249 3099 395 3166 officiales,
423 3100 530 3171 populo
559 3116 592 3155 ac
617 3101 702 3172 plebe
740 3106 834 3156 cetera
869 3118 975 3173 agmen
1028 3106 1199 3174 peratorem,
1229 3099 1336 3170 pietate
1359 3098 1504 3168 delectati,
1520 3105 1661 3170 egerunt,
1691 3105 1723 3154 ut
1746 3098 1882 3155 sodalitas

123 3187 283 3243 claudente.
1029 3189 1117 3244 civica
1144 3189 1236 3243 simile
1276 3186 1468 3242 venerationis
1515 3187 1687 3259 obsequium
1724 3192 1882 3243 memorato

161 3277 221 3330 lOi.
236 3295 250 3325 κ
265 3273 398 3330 Subsistit
425 3274 567 3344 processio
599 3275 628 3330 in
644 3277 817 3332 stationibus
839 3282 975 3351 quatuor,
1030 3283 1127 3333 sancto
1144 3279 1268 3332 Patrono
1280 3276 1428 3331 exhiberet
1444 3288 1451 3343 ;
1467 3291 1524 3347 quo
1539 3281 1568 3331 et
1581 3275 1735 3347 insigniter
1750 3276 1884 3347 praestitit

124 3371 247 3435 quarum
259 3363 353 3435 prima
376 3362 498 3417 babetur·
513 3379 602 3434 propa
624 3363 772 3420 ecclesiam
789 3366 841 3420 PP.
865 3365 977 3436 Cappu·
1032 3365 1177 3421 [lominica
1192 3365 1266 3420 infra
1281 3365 1424 3432 Octavam,
1450 3363 1684 3419 numerosissimo
1699 3364 1883 3420 dominorum

123 3452 267 3518 cinorum,
299 3451 389 3505 altera
415 3450 445 3504 io
477 3450 596 3506 ecclesia
620 3451 778 3523 parochiali
806 3453 834 3508 S.
852 3452 975 3516 ldartiui,

125 3539 210 3594 tertia
223 3539 253 3593 in
272 3539 332 3593 foro
362 3556 450 3609 prope
480 3540 629 3596 ecclesiam
657 3542 710 3596 PP.
743 3541 900 3611 Societatis,
928 3543 978 3597 ubi

126 3629 201 3683 cives
215 3628 245 3681 in
260 3630 347 3682 ermis
374 3634 583 3698 comparentes,
608 3634 695 3701 etque
720 3629 750 3685 in
763 3630 894 3685 cohortes
910 3647 978 3702 qua·

127 3719 193 3769 tuor
206 3715 352 3770 distinctas
366 3716 474 3787 partiti,
494 3716 705 3788 processionem
733 3718 888 3790 excipiunt,
914 3735 978 3792 quse

127 3804 319 3859 adeociesiam
341 3805 533 3860 cathedralem
557 3812 712 3874 revertens,
727 3807 881 3862 stationem
896 3824 981 3879 quar·

127 3897 185 3946 tam
200 3898 229 3948 et
242 3893 373 3948 ultimam
388 3893 447 3965 agit
462 3893 492 3947 in
507 3899 768 3964 areapatenteente
784 3897 879 3951 aulam
894 3897 980 3952 Priu-

1030 3472 1063 3510 ac
1077 3454 1180 3509 civium
1205 3453 1353 3509 comitatu.
1375 3453 1635 3508 Excellentissimos
1651 3452 1788 3508 dominus
1803 3454 1884 3509 deca·

1031 3559 1096 3612 nus,
1112 3547 1259 3614 perspecta
1271 3542 1324 3597 hac
1336 3540 1587 3612 bambergensium
1604 3541 1633 3595 in
1649 3542 1758 3596 cultum
1771 3541 1799 3598 S.
1816 3543 1885 3597 Han-

1032 3631 1083 3686 rici
1099 3631 1302 3702 propensione,
1332 3630 1477 3702 sapienter
1491 3629 1542 3684 illa
1566 3645 1634 3685 usus
1649 3630 1711 3693 fuit,
1728 3630 1765 3685 ed
1780 3629 1885 3686 festivi·

1032 3725 1120 3775 tatem
1135 3719 1247 3775 Octava
1273 3719 1365 3773 sancti
1392 3718 1575 3790 imperatoris
1590 3719 1677 3773 etiam
1704 3726 1773 3791 post
1801 3720 1886 3775 meri·

1033 3808 1110 3863 diem
1123 3824 1167 3878 ea,
1182 3822 1239 3878 qua
1258 3824 1310 3879 par
1334 3813 1387 3874 est,
1403 3807 1555 3862 devotione
1581 3807 1784 3863 celebrandam
1800 3814 1887 3881 atque

1034 3896 1143 3968 optimo
1172 3895 1229 3950 flue
1255 3893 1492 3949 concludendam.
1520 3895 1885 3951 Consueverantbacteuos

127 3979 209 4050 cipis,
225 3980 274 4036 ubi
291 3981 387 4036 denuo
402 3982 607 4036 duaecohortes
620 3981 795 4039 civiomalire
808 3985 978 4052 consistunt,
1036 3984 1268 4054 bambergenses,
1284 3986 1349 4053 post
1362 3983 1521 4037 exantlatos
1537 3998 1621 4037 mane
1637 3982 1667 4037 in
1681 3983 1851 4040 adornanda
1862 3990 1889 4039 et

128 4084 193 4123 curu
209 4067 314 4140 quihus
329 4085 391 4123 sese
405 4074 530 4141 quatuor
554 4069 612 4124 illae
629 4071 820 4142 conjungunt,
837 4076 868 4126 ut
882 4077 980 4142 postea
1035 4070 1199 4143 peragenda
1223 4070 1403 4143 processione
1431 4070 1554 4139 labores,
1581 4075 1694 4142 tempus
1713 4072 1887 4141 pomeridia-

129 4157 229 4210 festira
257 4156 481 4211 bombardarum
510 4157 683 4228 explosionc‚
701 4159 735 4212 ad
752 4159 938 4230 Evangelium
954 4163 982 4214 et
1037 4161 1187 4214 numdare
1203 4160 1366 4214 animorum
1388 4157 1570 4227 relaxatiooi,
1599 4158 1749 4214 invisendo
1771 4160 1887 4226 amicos,

130 4245 318 4299 elevationem
348 4244 479 4316 repetita,
510 4246 616 4300 summi
642 4246 719 4302 Sacri
749 4251 872 4318 augeant
888 4248 981 4301 solen·
1038 4249 1080 4302 vel
1096 4246 1280 4319 exspatiando
1295 4245 1325 4301 in
1338 4247 1437 4302 hortos
1452 4251 1481 4301 et
1494 4246 1639 4301 viridaria.

132 4335 271 4398 nitatem3
296 4332 372 4403 quod
404 4331 482 4387 idem
502 4332 767 4389 Reverendissimus
799 4335 831 4389 l).
858 4335 983 4390 decanus
1076 4339 1134 4391 iit.
1153 4359 1166 4382 o
1195 4336 1235 4389 Ne
1249 4334 1339 4405 igitur
1357 4334 1500 4406 particula
1514 4334 1599 4406 hujus
1612 4334 1696 4390 honre
1712 4335 1770 4391 diei
1783 4336 1889 4408 absque

93 4438 101 4449 ¹
128 4418 265 4484 celebrat,
293 4426 321 4474 et
344 4420 411 4474 data
437 4421 490 4476 sub
522 4421 609 4476 linem
636 4422 837 4477 benedictione
871 4423 984 4477 solenni
1039 4424 1180 4496 spirituali
1195 4422 1299 4490 fructu,
1325 4427 1354 4476 et
1381 4422 1495 4495 publica
1523 4424 1706 4479 veneratione
1734 4425 1825 4480 sancti
1841 4427 1889 4480 Pa-

132 4522 197 4562 eum
224 4508 395 4574 Venerabili,
425 4509 606 4566 festivitatem
633 4510 892 4566 antemeridianam
919 4527 985 4566 con·

132 4596 232 4650 cludit.
248 4616 262 4646 u

22 4704 28 4718 ·
125 4702 130 4713 ¹
238 4684 523 4756 §illineremeolum
550 4691 618 4743 unni
646 4688 894 4757 hrrjusuoccxxur.

123 4789 128 4797 ’
171 4779 230 4831 lua.
246 4776 386 4830 llacteuus
409 4776 547 4831 stabilitas
576 4783 606 4832 et
621 4776 851 4832 constantissima
875 4777 904 4830 in
920 4793 984 4830 sau·

133 4864 292 4920 ctissimum
305 4866 460 4919 Patronum
484 4864 625 4921 Ordiuum
651 4865 781 4920 omnium
800 4864 987 4937 bambergen,

134 4953 331 5024 sium,'utpote
345 4951 591 5024 pientissimorum
603 4954 752 5019 clientum,
768 4957 924 5020 veneratio,
940 4955 986 5010 eui

60 5076 68 5088 ·
110 5033 614 5113 '‹³cumulnnrnorumhocipsoanno
634 5043 783 5098 accessisse
803 5043 986 5115 intelligesex

131 5130 276 5199 'adjunctis
305 5132 429 5187 Potturii
443 5131 555 5197 litteris,
583 5147 655 5204 quas
676 5132 822 5187 bisetium
844 5131 984 5187 describo.

126 5217 301 5273 -Sichabetz
322 5241 333 5267 ι
352 5220 401 5275 ilic
415 5221 507 5276 cultus
535 5219 562 5276 S.
593 5220 707 5275 henrici
735 5222 871 5276 hactenus
900 5220 986 5274 usita-

123 5310 217 5361 'tuset
232 5306 397 5362 ordinarius
408 5309 473 5364 fnit.
494 5312 552 5366 Hoc
580 5325 655 5364 anno
669 5325 803 5364 unccxxur
819 5310 986 5380 Congrege-

125 5395 238 5459 tiones,
255 5411 319 5466 quae
333 5396 362 5451 in
374 5397 526 5452 academie
534 5397 747 5467 bambergensi,
764 5397 816 5452 sub
830 5398 987 5452 directione

135 5484 251 5537 Patriam
268 5482 415 5537 Societatis
435 5485 501 5539 lesu
529 5486 663 5540 institutae
677 5492 753 5545 sicut,
770 5499 894 5539 accensae
909 5483 984 5538 desi·

1039 4513 1116 4569 troni
1142 4511 1314 4583 preteriret,
1339 4512 1471 4566 laudatus
1492 4511 1754 4567 Excellentissimos
1773 4528 1890 4583 operam

1040 4603 1127 4666 dedit,
1145 4607 1175 4655 ut
1190 4601 1251 4655 laus
1270 4599 1363 4656 Sancti
1380 4600 1470 4655 nostri
1489 4617 1505 4653 a
1531 4600 1693 4671 juventute,
1708 4615 1744 4655 ex
1758 4600 1893 4655 omnibus

1040 4688 1217 4747 catechismis
1232 4694 1260 4743 et
1273 4687 1375 4743 scholis
1390 4687 1551 4743 trivialibus
1565 4687 1656 4743 totius
1667 4687 1749 4743 urbis
1764 4688 1893 4752 collecta,

1040 4781 1156 4835 demum
1174 4777 1368 4848 perficeretur.
1383 4777 1493 4848 ltaque,
1518 4776 1623 4847 praeria
1651 4775 1833 4842 inritatione,
1846 4793 1895 4831 nu-

1043 4866 1233 4924 merosissima
1248 4867 1390 4936 juventus,
1407 4879 1465 4919 una
1491 4880 1557 4919 curu
1585 4865 1749 4918 scholarum
1764 4865 1895 4935 praesidi·

1042 4958 1105 5022 bus,
1120 4972 1135 5009 a
1150 4954 1268 5010 meridie
1279 4958 1453 5026 congregata
1470 4953 1524 5009 fuit
1550 4954 1702 5024 intemplo
1717 4954 1837 5009 Petrum
1848 4955 1896 5009 So·

1042 5043 1238 5105 eietatislesu,
1264 5041 1361 5113 ibique
1387 5041 1526 5096 adornata
1548 5040 1702 5113 processio,
1727 5057 1793 5113 quse
1809 5042 1896 5113 longa

1042 5133 1125 5196 serie,
1141 5130 1318 5201 pulchroque
1338 5129 1447 5193 ordine,
1479 5129 1553 5184 inter
1577 5129 1640 5199 pios
1655 5133 1755 5184 cantus
1765 5131 1898 5202 peruenit

1041 5219 1076 5274 ad
1093 5217 1239 5272 ecclesiam
1256 5217 1447 5273 cathedralem
1470 5216 1523 5271 suh
1539 5217 1625 5271 linem
1641 5216 1844 5288 Vesperarum.
1865 5219 1898 5273 lit

1042 5307 1196 5378 quiajussu
1225 5306 1353 5376 ejusdem
1380 5304 1609 5361 excellentissimi
1636 5305 1898 5373 Oomini,ecalhe·

1042 5396 1093 5450 dra
1108 5396 1321 5466 promulgatum
1349 5394 1451 5459 fuerat,
1468 5398 1533 5465 post
1556 5395 1696 5465 vesperas
1716 5410 1776 5450 non
1803 5396 1897 5451 solum

1044 5485 1112 5540 illuc
1126 5485 1285 5539 ducendam
1297 5483 1503 5554 processionem
1518 5484 1717 5554 parvulorum,
1741 5481 1792 5536 sed
1808 5481 1895 5537 etiam
