3878 6112
624 294 822 358 elementa
838 290 1117 358 molestemus.
1695 303 1748 361 228

70 440 108 492 e,
135 428 277 497 questum
303 421 531 496 uniuscujusque
556 423 718 480 intellectus
743 422 842 493 fuerit,
857 426 882 480 Α
900 421 1041 489 deluam,
1057 426 1086 478 et
1103 421 1165 495 ipse
1181 439 1303 479 nnuma
1330 421 1443 480 duobus
1456 421 1555 495 eligat,
1580 428 1631 480 aut
1650 425 1747 481 statim

70 511 129 568 nice
143 517 172 567 et
181 513 259 584 juste
277 512 338 576 liat,
358 516 387 566 et
404 516 435 565 ut
451 511 499 566 ille
515 510 565 583 qui
580 511 616 567 ad
631 511 687 568 boc
700 516 842 580 sanctum,
897 527 950 583 per
963 512 1081 568 eosdem
1095 511 1197 567 misses
1211 512 1283 567 lieut
1296 513 1477 568 neeessitetes
1504 511 1666 580 emendate,
1687 518 1747 580 aut,

70 601 186 657 blisum
206 600 335 672 regimen
351 599 485 670 eligetur,
502 600 618 655 nemine
646 601 843 656 consentiente
898 599 984 655 misse
999 604 1098 655 nostm
1113 599 1196 656 nobis
1221 601 1415 668 renuntiante,
1441 617 1493 672 per
1512 607 1627 656 nostros
1648 601 1748 656 misses

70 696 179 746 mres
193 688 244 744 liet
258 688 395 760 pontifex,
424 690 591 760 priusquam
616 689 703 744 talem
729 689 759 743 in
773 704 843 759 pre-
897 687 1017 743 anobis
1031 688 1154 745 directos
1179 690 1379 746 emendentur.
1408 691 1466 745 llec
1495 689 1586 774 ¹¹².³¹‘
1612 689 1748 745 erunibus

70 778 250 834 emissorum
262 783 425 831 nostrorum
447 792 498 831 sau
525 778 657 832 universe
671 778 842 849 generalita·
897 776 1031 833 fidelibus
1045 782 1141 833 sencte
1157 778 1208 832 liei
1222 778 1340 834 ecclesie
1363 784 1392 833 et
1415 778 1517 833 vestris
1541 778 1657 834 tirmum
1685 793 1747 833 esse

70 865 131 923 eiet
153 865 377 938 promissionem
404 880 457 935 pro
493 865 625 920 omnium
651 866 843 921 satisfactione
897 864 1039 931 credetur,
1054 865 1170 938 proprie
1185 882 1288 921 menes
1312 867 1460 938 signaculo
1488 866 1747 938 subscriptionibus

70 955 192 1011 elatura
205 954 433 1021 conservatione,
446 955 561 1026 qualem
585 953 688 1010 demus
720 959 749 1010 et
762 971 845 1010 vene·
896 952 952 1009 boc
975 958 1093 1024 pactum
1111 955 1340 1011 confirmationis
1363 961 1462 1011 nestra
1489 955 1699 1018 roboravimus.
1719 959 1748 1008 et

70 1058 102 1098 us
131 1042 292 1114 spiritualis
318 1047 400 1112 pater
424 1047 524 1096 nester
548 1044 603 1098 Leo
623 1047 725 1114 sponte
743 1043 844 1097 iecisse
897 1041 985 1113 sigilli
998 1042 1089 1098 nostri
1107 1042 1299 1115 impressione
1318 1043 1461 1115 assignari
1482 1044 1630 1114 jussimus.
1662 1042 1747 1115 †Si-

70 1131 162 1189 esser.
178 1131 312 1186 Preterea
326 1130 382 1184 elie
390 1129 504 1185 minora
513 1130 580 1185 huic
594 1131 676 1202 operi
690 1130 845 1187 inserenda
897 1144 987 1200 gnum
1000 1129 1102 1185 domni
1116 1131 1229 1186 Henriei
1253 1130 1455 1202 gloriosissimi
1477 1131 1672 1186 Romanorum
1691 1131 1746 1185 im·

70 1220 191 1287 idimus,
207 1218 340 1274 videlicet
352 1225 385 1274 ut
399 1219 429 1274 iu
448 1218 589 1275 electione
603 1219 773 1291 pontificum
789 1236 842 1276 ne·
897 1219 1038 1291 peratoris
1060 1219 1185 1290 augusti.
1213 1220 1334 1291 Signum
1357 1220 1540 1276 Srcbandildi
1565 1218 1589 1257 ⁸⁸
1610 1218 1747 1290 llagunti·

70 1303 141 1359 liber
154 1319 248 1375 neque
267 1318 368 1358 servus
381 1303 418 1358 ed
432 1302 487 1358 boc
516 1303 614 1358 venire
638 1310 795 1376 presumet,
810 1309 844 1360 ut
897 1307 996 1364 nensis
1018 1307 1235 1379 archiepiscopi.
1256 1307 1378 1379 Signum
1400 1307 1543 1363 lleriberti
1571 1306 1748 1363 celeniensis

70 1392 211 1462 iomanis,
226 1407 301 1463 ques
314 1392 349 1446 ad
377 1390 451 1446 banc
473 1392 641 1447 electionem
669 1409 721 1465 per
735 1393 842 1448 eonsti-
897 1394 1114 1466 archiepiscopi.
1138 1394 1259 1464 Signum
1298 1394 1421 1449 bobonis
1442 1393 1624 1449 Treverensis
1657 1392 1748 1448 erebi·

70 1495 138 1535 uem
151 1485 317 1534 sanctorum
331 1484 447 1549 patrum
460 1479 580 1551 antique
593 1480 709 1535 admisit
722 1497 841 1537 cousue-
896 1482 1033 1556 episcopi.
1050 1482 1170 1554 Signum
1196 1481 1351 1537 'lbiedirici
1377 1482 1508 1538 lietensis
1524 1481 1664 1552 episcopi.
1690 1482 1747 1550 Fge

70 1613 72 1625 .
96 1567 219 1640 eliqued
243 1568 598 1636 iacietimpedimeutum;
625 1568 703 1640 qued
729 1571 753 1624 si
777 1571 842 1641 quis
897 1567 1077 1627 Eberhardus
1092 1570 1347 1642 babembergensis
1366 1571 1484 1625 ecclesie
1513 1569 1664 1641 episcopus
1692 1569 1748 1623 llo·

70 1673 91 1712 e
105 1657 182 1713 bene
207 1662 335 1712 nostram
357 1657 589 1713 constitutionem
603 1657 645 1712 ire
660 1673 841 1729 presumpse-
897 1673 982 1713 mane
1013 1659 1089 1714 sedis
1129 1659 1260 1715 subditus
1294 1659 1458 1730 subscripsi.
1502 1660 1561 1727 ligo
1594 1657 1749 1713 ldaaelinus

70 1744 143 1801 silio
156 1745 300 1801 tradetur.
319 1745 552 1816 lnsnperetiam,
577 1750 608 1800 ut
631 1746 842 1802 nullusmisse·
898 1746 1136 1819 wirziburgensis
1157 1747 1308 1819 episcopus
1333 1747 1498 1818 subscripsi.
1528 1748 1588 1818 Ego
1607 1747 1748 1801 Walterns

70 1839 240 1889 nestrorum
252 1835 459 1905 cujuscumque
474 1834 670 1904 impeditionis
684 1850 842 1906 argumen·
898 1835 1041 1907 Spirensis
1053 1836 1205 1907 episcopus
1219 1824 1385 1907 subscrip'si.
1402 1836 1461 1907 Sge
1478 1836 1650 1891 ltuodardus
1669 1836 1745 1890 Cen·

70 1937 245 1993 eomponere
260 1923 365 1978 audeat
378 1924 408 1977 iu
419 1923 559 1994 prefatam
574 1923 754 1988 electionem,
771 1939 842 1995 pre-
896 1924 1062 1979 stentiensis
1089 1923 1240 1996 episcopus
1269 1924 1433 1994 subscripsi.
1460 1922 1517 1994 Ego
1538 1923 1703 1979 Uedalricus
1723 1923 1749 1962 ⁴⁰

70 2024 148 2077 nns3
173 2025 240 2065 nam
259 2016 289 2066 et
302 2010 358 2066 hoc
375 2009 542 2065 omnimodo
567 2011 717 2066 instituere
735 2012 844 2082 pincuit
897 2012 1043 2068 curiensis
1070 2012 1221 2084 episcopus
1235 2012 1401 2084 subscripsi.
1422 2012 1482 2083 Ege
1497 2011 1669 2066 adelbertus
1696 2013 1746 2066 Be·

70 2098 202 2155 aisemel
226 2099 280 2154 sub
293 2098 409 2170 speciali
422 2099 588 2155 defensione
611 2099 709 2155 domni
727 2106 843 2173 aposto·
901 2099 1026 2155 siliensis
1040 2099 1192 2171 episcopus
1216 2098 1381 2170 subscripsi.
1404 2101 1461 2171 Ego
1481 2101 1612 2155 llcimme
1629 2098 1746 2154 Werdu-

70 2186 126 2243 live
153 2193 250 2242 nostra
274 2187 384 2242 luerint
406 2187 540 2258 suscepti,
581 2187 736 2259 impetrate
766 2188 843 2259 juste
899 2187 999 2244 nensis
1022 2188 1174 2259 episcopus
1191 2187 1357 2259 subscripsi.
1387 2187 1447 2259 Ege
1463 2188 1591 2242 valterus
1612 2187 1749 2242 lleilsstei·

70 2288 112 2331 mr
126 2275 300 2330 defensione.
321 2274 403 2340 Quod
425 2275 449 2328 si
466 2274 531 2346 quis
544 2275 574 2329 in
589 2291 765 2347 quemquam
781 2275 843 2330 ille·
899 2276 996 2333 densis
1023 2277 1175 2347 episcopus
1189 2275 1355 2346 subscripsi.
1379 2275 1499 2346 Signum
1525 2275 1661 2332 llieberdi
1681 2277 1747 2331 Ful·

77 2363 134 2436 qni
155 2364 210 2418 bec
233 2367 455 2434 promeruerunt
487 2363 593 2418 violare
626 2363 842 2434 presumpserit,
898 2364 994 2420 densis
1008 2364 1129 2421 abbatis.
1156 2364 1278 2434 Signum
1297 2363 1416 2419 Arrroldi
1439 2363 1640 2419 lleriendensis
1659 2363 1748 2419 ebbe·

87 2466 122 2507 se
140 2451 300 2522 perieulum
327 2451 385 2506 site
408 2467 459 2506 sue
484 2467 545 2506 esse
564 2451 757 2506 incursurum.
771 2451 843 2507 lllud
897 2453 945 2509 tis.
972 2452 1093 2525 Signum
1128 2451 1282 2508 Bruchardi
1305 2452 1424 2508 abbatis.
1463 2452 1584 2523 Signum
1611 2451 1749 2507 Getiiredi

70 2540 311 2606 reoniimenrus,
335 2544 369 2595 ut
391 2539 498 2594 dumne
523 2540 680 2611 apostolice
693 2541 799 2610 iustam
814 2540 843 2594 in
899 2541 989 2598 ducis.
1005 2541 1126 2611 Signum
1140 2541 1310 2611 Beringardi
1330 2541 1420 2596 ducis.
1442 2540 1562 2609 Signum
1588 2540 1748 2596 'thiederici

70 2627 259 2684 basenens
270 2627 477 2694 obedientiam,
491 2643 540 2684 seu
565 2627 686 2683 diesibus
701 2635 730 2683 et
740 2628 843 2699 judici·
900 2630 991 2685 ducis.
1008 2629 1127 2700 Signum
1145 2629 1312 2700 Welpbonis
1326 2628 1449 2684 comitis.
1474 2629 1596 2699 Signum
1624 2629 1750 2684 (lunonis

70 2715 127 2772 tuis
142 2715 352 2772 ediaciendam
372 2717 524 2787 justitiam.
550 2716 622 2772 lluic
641 2716 846 2772 eniminstitu·
900 2717 1024 2773 comitis.
1053 2717 1174 2788 Signum
1198 2716 1324 2772 Cnnrodi
1346 2716 1470 2772 comitis.
1499 2716 1619 2787 Signum
1636 2716 1749 2773 Ottonis

79 2805 307 2861 mercenario
322 2804 536 2861 annectendum
551 2821 613 2859 esse
635 2805 843 2877 perspeximus,
900 2805 1023 2861 comitis.
1052 2805 1174 2876 Signum
1199 2804 1377 2860 edilbrshtis
1403 2804 1525 2860 comitis.
1551 2805 1675 2860 Bobenis
1700 2819 1750 2858 re·

70 2892 132 2948 tissi
160 2892 259 2948 domni
283 2892 432 2964 apostolici
452 2908 504 2948 seu
532 2893 624 2948 nostri
647 2908 761 2965 semper
789 2894 846 2948 sint
901 2890 989 2947 mitis.
1006 2890 1129 2960 Signum
1155 2890 1297 2946 Frederici
1327 2891 1448 2946 comitis.
1478 2892 1599 2963 Signum
1627 2891 1752 2946 {lezelini

70 2980 155 3048 tenu,
170 2980 220 3052 qui
244 2981 395 3036 annuatim
415 2980 498 3035 nobis
524 2981 692 3037 renuntiare
719 2982 843 3050 valeant,
864 2978 1023 3040 Ccomitis.
1048 2978 1169 3050 Signum
1195 2979 1298 3034 Ezonis
1325 2979 1439 3034 comitis
1466 2978 1599 3033 Palatini.
1629 2978 1750 3050 Signum

70 3071 122 3124 'ner
136 3068 241 3140 singuli
256 3069 382 3124 duceset
393 3069 624 3141 judicespopulo
647 3069 790 3140 justitiam
806 3070 846 3124 le·
903 3066 1045 3123 Frederiei
1077 3066 1238 3122 camerarii.
1272 3066 1393 3138 Signum
1422 3066 1524 3122 Eaenis
1551 3066 1573 3104 ⁴¹
1597 3067 1751 3122 insertoris.

70 3171 83 3225 *,
117 3157 192 3211 bane
217 3156 398 3228 imperialem
440 3156 673 3212 constitutionem
702 3158 847 3228 quomodo
901 3155 1024 3226 Signum
1047 3154 1190 3211 lleueonis
1221 3158 1243 3193 ⁴¹
1284 3155 1469 3226 pincernerii.
1505 3155 1626 3225 Signum
1655 3156 1752 3211 Hunis.

70 3251 165 3312 rvent;
198 3244 248 3317 qni
270 3244 352 3299 missi
376 3244 558 3301 deceruimus
581 3250 612 3299 ut
634 3244 846 3316 primumcun·
902 3243 1029 3298 Alimon.
1060 3242 1668 3314 llereuger⁴¹.Adilman.ndbilbero.Ege
1693 3244 1753 3298 Wi-

73 3332 219 3389 muneres
233 3332 283 3405 qui
299 3348 353 3403 per
367 3332 573 3404 negligentiam
589 3334 696 3389 ducum
718 3333 845 3405 veljudi·
902 3332 1006 3389 cilinus
1033 3332 1457 3405 Astrezbergensisepiscepus.
1474 3333 1592 3403 Signum
1607 3333 1753 3404 llyodbois

86 3419 202 3477 inerint
222 3419 340 3487 inventi,
372 3420 406 3475 ad
425 3420 556 3477 notitiam
580 3420 680 3476 domni
700 3419 849 3492 apostolici
903 3421 1124 3478 Ftueeuensis⁸⁴
1136 3420 1256 3476 abbatis.

708 3596 824 3651 VARlAE
844 3595 1044 3653 LEOEIONES.

93 3719 297 3777 arcessendi.
322 3719 346 3754 ⁴⁰
381 3696 543 3775 mentiens
572 3721 682 3787 aarum
709 3719 731 3756 ⁴¹
766 3717 889 3773 beronis
925 3719 954 3773 n.
982 3715 1009 3751 ⁸¹
1046 3716 1210 3771 uolumus
1237 3719 1329 3774 centn
1358 3715 1381 3752 ⁴³
1419 3716 1499 3779 unzi,
1527 3717 1671 3784 uuonan,
1702 3717 1756 3770 as-

70 3791 126 3847 er?
138 3795 163 3828 ⁴⁴
200 3789 365 3845 Eluanensis
380 3793 480 3858 ἀκοὴ
494 3793 550 3857 lepc
564 3789 764 3860 Elwaugensis.

429 3967 812 3977 m--n--ae--n-——u—-u-
822 3968 889 3976 -ο-ο
894 3966 975 3976 -η-,οοο
981 3965 1192 3974 mam-m
1197 3961 1405 3972 *nam-...-
1410 3964 1422 3969 --
1434 3964 1465 3971 ...0
1470 3963 1564 3971 -..00-
1571 3962 1749 3974 ...Ψ-η...-

568 4133 830 4231 SANCTI
889 4130 1196 4228 HENRICI

682 4310 916 4368 impermotus
935 4310 1084 4367 AUGUSTl

201 4463 761 4599 DIPLOMATA
821 4453 1572 4583 ECCLESIASTICA

425 4824 445 4877 l.
874 4814 1041 4872 ltvandmu
1052 4817 1157 4869 sanctie
1169 4810 1319 4882 religionis
1332 4815 1450 4877 statum,
1467 4811 1548 4865 novis
1569 4823 1684 4878 semper
1703 4804 1765 4877 pri·

70 4921 176 4989 mma
205 4913 316 4968 lienrtci
327 4913 481 4966 Germanice
504 4911 578 4978 repis
605 4907 742 4963 cenobitis
771 4908 860 4963 lierni·
915 4902 1138 4974 vilegiiscontra
1165 4914 1266 4954 omues
1278 4898 1467 4954 infestantum
1496 4895 1673 4952 incursiones
1699 4906 1764 4947 mu·

298 5001 389 5069 pionis
407 5013 573 5054 eoncessum.
915 4992 1047 5057 niantur;
1076 4988 1183 5044 idcirce
1214 5003 1279 5056 uos,
1306 4985 1471 5042 interventu
1491 4984 1603 5041 dilecte
1634 4979 1766 5051 conjugis

333 5085 428 5156 (euno
447 5085 539 5154 tuoe.)
916 5083 1034 5146 nostrie,
1050 5075 1159 5149 regines
1184 5075 1316 5132 videlicet
1336 5072 1531 5146 eunegundis,
1557 5068 1652 5126 tidelis
1675 5069 1763 5124 etiem

204 5175 325 5250 [laniet.
339 5173 556 5245 Metropolitem
571 5172 604 5236 11,
618 5174 673 5239 58]
917 5165 1007 5222 nostri
1030 5164 1157 5237 episcopi
1184 5163 1312 5231 Notberi,
1342 5161 1438 5234 regies«
1457 5165 1563 5215 nostre
1589 5156 1768 5213 auctoritatis

70 5267 214 5327 inomine
223 5269 329 5320 sancte
342 5269 370 5318 et
381 5260 540 5319 individuos
552 5258 710 5327 Trinitatis,
724 5259 862 5314 lisuncus
916 5253 1055 5326 scriptum
1069 5252 1128 5307 sire
1154 5256 1332 5325 preceptum
1360 5246 1507 5305 monacbis
1528 5247 1587 5302 lieo
1609 5249 1767 5317 sancteque

70 5376 104 5418 ne
120 5359 241 5414 levante
258 5352 421 5418 clementie,
437 5365 498 5405 rex.
917 5341 1048 5412 Remigio
1076 5340 1183 5396 eximio
1216 5341 1391 5395 Francorum
1419 5335 1530 5391 doctori
1556 5335 1610 5390 sub
1641 5334 1767 5407 regulari

70 5448 187 5506 renim
201 5443 291 5515 regie
306 5439 456 5512 dignitatis
471 5436 598 5493 officium
613 5451 674 5490 esse
706 5438 818 5488 constat
832 5438 864 5487 ut
918 5429 1070 5501 discipline
1097 5429 1128 5484 in
1148 5427 1285 5484 suburbio
1314 5427 1471 5481 Remorum
1510 5423 1709 5488 militantibus,
1754 5438 1770 5477 a

70 5535 188 5593 netem
219 5532 317 5586 Deest
339 5525 443 5583 sanctis
469 5524 532 5595 ejus
558 5522 661 5588 dicata,
684 5520 722 5576 eb
737 5535 862 5595 consm-
918 5533 1024 5589 magno
1042 5516 1146 5574 Otteue
1172 5528 1349 5581 cencessum,
1372 5512 1444 5584 regii
1458 5512 1546 5568 etiam
1564 5510 1691 5567 nominis
1715 5524 1768 5564 au·
