3878 6112
106 251 157 304 ola

645 250 848 309 BURCHARIII
866 249 1132 310 wonuacmrtsls
1150 249 1317 308 EPISCOPI.

1809 252 1860 307 ost

104 382 138 432 ut
151 376 255 432 iisdem
269 375 338 431 loeis
362 375 533 431 ministrent.
554 376 636 442 Quod
660 377 683 431 si
707 377 741 432 de
764 378 952 434 reIIctisloeIs
971 377 1104 435 Xeeatis.
1125 377 1179 431 Per
1198 390 1282 429 usum
1306 359 1454 439 orationis,
1478 372 1507 427 et
1529 370 1611 428 vobis
1635 375 1665 428 et
1684 372 1741 439 his,
1757 373 1859 444 quibus

104 466 163 520 suis
180 465 214 520 ad
234 464 323 519 aliurn
349 480 378 520 se
397 465 492 521 locum
513 465 667 520 transferre
687 465 839 533 voluerint,
864 466 954 539 depo-

104 558 219 607 uantur.

103 641 166 698 Cae.
191 641 280 697 XCVI.
306 670 340 680 ·-
364 640 440 707 Quod
463 655 516 695 non
531 641 610 696 liceat
631 641 756 697 clericum
784 645 814 697 in
835 643 954 699 dearum

260 713 400 765 ciuitatum
416 712 498 765 simul
512 712 645 767 conscribi
664 715 799 768 Ecclesiis.

138 801 196 870 (En
213 801 307 854 concil.
324 799 461 868 Chalced,
482 816 542 869 cap.
567 801 619 870 la.)
640 802 702 855 Non
717 801 802 856 licere
817 802 952 858 clericum

101 890 133 945 in
163 889 286 944 duarum
310 887 457 942 ciuitatum
481 888 622 943 conscribi
644 889 731 944 simul
756 891 897 960 Ecclesiis,
924 898 953 947 et

103 978 134 1032 iu
149 994 206 1050 qua
220 977 256 1031 ab
271 975 355 1031 Initio
375 976 526 1030 ordinatus
539 983 591 1043 est,
615 982 643 1032 et
659 978 693 1033 ad
709 994 796 1051 quam
811 979 950 1050 confugit,

103 1066 185 1138 quasi
211 1065 246 1120 ad
270 1064 425 1135 potiorem,
452 1065 489 1120 ob
515 1064 610 1120 inanis
631 1065 732 1137 gloriae
753 1067 950 1137 cupiditatem.

102 1158 160 1210 lloe
185 1159 281 1209 autem
302 1154 439 1209 iacientes
461 1155 589 1209 revocari
613 1155 718 1210 debere
737 1157 770 1212 ad
797 1173 878 1212 suam
899 1158 951 1212 Ee-

101 1242 217 1297 clesiam
240 1243 272 1296 ia
294 1258 350 1312 qua
365 1242 502 1313 prImitns
527 1243 652 1299 ordinati
676 1248 752 1312 sunt,
776 1249 804 1299 et
825 1244 866 1299 ibi
886 1249 949 1300 tan·

100 1331 250 1385 tummoda
266 1331 439 1385 ministrare.

101 1419 165 1475 Car.
189 1419 286 1474 XCVII.
304 1448 339 1458 -
355 1419 396 1472 De
410 1418 556 1486 ordinatis,
571 1435 604 1472 ne
619 1419 652 1473 de
675 1422 785 1476 ciuitate
799 1424 828 1475 in
852 1424 949 1477 ciuita-

230 1495 282 1544 tem
294 1494 387 1543 contra
399 1505 446 1559 pus
462 1504 593 1544 canonum
609 1493 823 1557 transferantur.

135 1561 195 1631 (Ea
222 1561 317 1615 concil.
345 1563 462 1622 Nicaena,
495 1576 554 1630 cap.
584 1562 638 1632 15.)
672 1564 793 1633 Propter
829 1564 950 1619 multam

100 1648 347 1719 perturbationem
364 1652 392 1702 et
406 1648 558 1703 sedili0nes
573 1665 638 1719 quae
656 1649 742 1716 liant,
756 1651 865 1721 placuit
878 1668 948 1707 con·
964 1662 985 1717 Β

101 1736 284 1790 suetudInem
302 1736 477 1791 omnimodis
503 1738 655 1808 amputari,
680 1755 745 1810 quae
769 1744 875 1810 praeter
903 1756 948 1796 re·

100 1825 198 1896 gulam
222 1825 251 1878 ia
273 1825 446 1896 quibusdam
470 1826 600 1896 partibus
623 1827 736 1882 videtur
757 1829 891 1895 admissa,
910 1828 949 1883 ita

101 1917 133 1967 ut
154 1913 189 1967 de
210 1912 324 1967 civitate
358 1913 387 1968 in
418 1913 581 1976 civitatem,
602 1931 660 1968 non
689 1916 859 1988 episcopus,
889 1932 948 1972 non

99 2001 266 2072 presbyter,
292 2017 350 2055 non
371 2001 509 2056 diaconus
533 2003 730 2059 transferatur.
754 2004 783 2059 Si
809 2005 873 2076 qais
896 2021 947 2059 au·

100 2093 158 2144 tem
180 2093 247 2160 post
267 2089 465 2145 definitionem
488 2090 578 2145 sancti
597 2095 625 2146 et
645 2093 744 2163 magni
763 2092 876 2148 concilii
892 2093 948 2148 tale

98 2177 206 2246 aliquid
230 2193 316 2248 agere
339 2180 500 2245 tentaverit,
529 2183 559 2233 et
581 2196 611 2234 se
637 2180 803 2251 hujusmodi
829 2182 947 2253 negotio

98 2267 277 2336 manprarit,
294 2267 348 2321 hoc
367 2267 474 2321 lactum
498 2284 616 2338 prorsus
634 2268 665 2322 in
683 2269 800 2323 Irritum
815 2269 947 2337 ducetur,

97 2357 126 2406 et
153 2355 322 2409 restituatur
353 2355 484 2409 Ecclesiae
512 2355 558 2409 cui
581 2355 669 2410 luerit
696 2357 868 2427 episcopus,
899 2361 949 2413 eut

96 2441 253 2512 presbyter,
275 2441 478 2496 subdiaconus
493 2443 652 2498 ordiantus.

292 2530 356 2584 Cae.
371 2530 485 2584 XCVIII.
502 2560 536 2570 —
553 2534 589 2584 lle
603 2531 695 2586 eadem
709 2547 748 2585 re.

132 2618 191 2690 (Ec
206 2618 306 2685 eodem,
322 2634 383 2689 cap.
405 2617 459 2689 ld.)
482 2618 651 2690 Quicunque
667 2624 775 2675 temere
790 2636 823 2675 ac
834 2621 947 2692 pericu-

96 2705 165 2774 lose,
186 2723 280 2779 neque
301 2706 436 2762 tImorem
462 2707 578 2762 Domini
602 2724 662 2778 praa
682 2708 772 2763 oculis
796 2710 943 2779 habentes,

96 2811 149 2850 nec
173 2800 359 2866 agnoscentes
387 2797 605 2852 eeclesiasticam
630 2798 771 2868 regulam,
795 2798 946 2855 discedunt

96 2883 132 2938 ab
153 2884 284 2950 Ecclesia,
307 2885 467 2955 presbyteri
492 2889 542 2940 aut
564 2886 689 2952 diaconi,
710 2887 754 2940 vel
777 2887 944 2959 quicunque

96 2972 147 3025 sub
173 2973 273 3042 regula
292 2987 408 3041 prorsus
433 2972 569 3039 existunt,
591 2974 622 3029 hi
636 2990 821 3045 nequaquam
840 2976 945 3032 debent

95 3059 127 3114 in
143 3060 229 3114 aliam
253 3060 407 3115 Ecclesiam
421 3061 520 3131 recipi,
545 3062 595 3117 sed
610 3078 726 3117 omnem
746 3064 944 3121 neeessItatem

95 3149 230 3203 convenIt
251 3148 307 3202 illis
331 3149 451 3218 Imponi,
483 3154 515 3204 ut
537 3149 572 3204 ad
597 3166 662 3204 suas
681 3151 830 3221 parochias
849 3168 943 3208 rener-

94 3240 202 3290 tantur.
229 3236 311 3300 Qnod
334 3237 358 3290 si
382 3253 440 3291 non
454 3237 584 3303 iecerint,
609 3243 723 3309 oportet
743 3255 793 3294 eos
810 3255 944 3296 commu-

96 3323 182 3379 nione
196 3323 312 3395 privari.

96 3414 161 3469 Cae.
193 3414 278 3468 XCIX.
309 3445 343 3456 -
370 3417 410 3473 Ne
434 3417 589 3485 presbyteri
617 3431 700 3472 causa
728 3418 871 3485 legationis
894 3435 945 3491 per

156 3485 265 3540 dianae
279 3488 426 3542 mittantur
440 3488 508 3556 loca,
525 3504 592 3543 cura
605 3491 761 3543 animarum
774 3490 879 3546 relicta.

130 3572 301 3644 (Enconcit.
329 3575 497 3643 Arelatensi,
520 3590 581 3645 cap.
606 3576 644 3647 3.)
671 3574 815 3631 Statutum
842 3582 885 3633 est
912 3583 945 3633 ut

92 3660 263 3732 presbyteri,
280 3661 354 3716 sicut
374 3663 513 3718 hactenus
528 3663 635 3719 Iactum
650 3667 703 3732 est,
725 3664 877 3721 iudiearete
891 3681 944 3738 per

93 3748 206 3804 diversa
228 3765 288 3804 non
309 3749 460 3806 mittantur
483 3752 553 3819 loca,
579 3768 632 3807 nec
654 3752 690 3808 ab
716 3753 871 3824 episcopis,
891 3771 944 3810 nee

91 3838 127 3893 ab
150 3838 214 3892 aliis
238 3839 375 3910 praelatis,
393 3857 444 3895 nec
469 3840 589 3896 etiama
611 3840 702 3905 laicis,
727 3858 761 3896 ne
784 3842 859 3897 iarte
874 3858 943 3913 pro·

91 3931 156 3998 pter
178 3942 280 3982 coriam
306 3928 486 3995 absentiam,
519 3934 547 3984 et
575 3929 740 3984 ammarum
767 3931 895 4001 pericula
914 3935 943 3986 et

91 4015 280 4071 Ecclesiaram
301 4016 332 4071 iu
354 4017 458 4088 quibus
482 4017 632 4072 constituti
655 4021 732 4085 sunt,
757 4018 942 4090 negligantur

91 4104 194 4160 cibala.

127 4176 191 4229 Car.
209 4176 238 4230 C.
253 4206 287 4217 -
303 4175 380 4241 Quod
391 4175 545 4244 presbyteri
559 4176 669 4231 assidrn
682 4177 766 4245 tegere
780 4177 903 4234 debcant.
955 4228 977 4283 D

127 4264 181 4333 (Ile
203 4262 283 4318 dictis
303 4264 433 4333 depost.)
459 4264 630 4336 PresbyterI,
660 4270 773 4336 oportet
798 4283 848 4322 vos
871 4267 941 4322 assi·

92 4350 232 4405 duitatem
248 4351 353 4406 habere
368 4351 495 4422 legendi,
509 4358 538 4408 et
550 4353 715 4408 instantiam
732 4355 833 4410 orandi
849 4373 856 4410 :
873 4356 940 4427 quia

90 4437 150 4492 vita
171 4438 224 4494 viri
236 4439 307 4511 justi
327 4439 449 4495 lectione
469 4440 633 4506 instruitur,
657 4442 786 4498 oratione
809 4449 938 4513 ornatur,

90 4532 120 4582 et
148 4528 314 4585 assiduitate
337 4529 469 4585 lectionis
495 4531 626 4586 munitur
648 4530 735 4586 homo
761 4548 778 4587 a
806 4538 939 4603 peecata,

86 4617 171 4687 J'urta
186 4616 269 4671 illum
284 4618 334 4690 qui
350 4618 462 4675 dicebat
479 4636 486 4674 :
512 4622 543 4675 ln
559 4621 644 4676 corde
658 4636 722 4674 meo
737 4621 873 4676 abscondi
884 4621 941 4677 elo-

89 4705 158 4778 quia
173 4710 232 4774 tua,
251 4712 283 4762 ut
302 4724 361 4764 non
379 4724 496 4779 peccem
512 4709 573 4765 tibi.
592 4712 658 4766 llaec
676 4714 743 4764 sunt
756 4712 833 4764 enim
849 4726 937 4777 arma,

88 4793 222 4849 videlicet
236 4795 320 4850 lectio
345 4800 373 4851 et
387 4797 491 4865 oratio,
515 4797 621 4869 quibus
638 4797 769 4853 diabolus
793 4813 939 4869 expugna-

87 4886 145 4937 tur.
163 4882 228 4938 llaec
243 4890 311 4939 sunt
332 4883 525 4941 instrumenta
545 4886 651 4958 quibus
666 4889 774 4940 aeterna
789 4884 939 4940 beatitudo

87 4971 255 5042 acquisitur.
283 4972 331 5028 llis
355 4973 443 5028 armIs
463 4973 533 5028 vitia
553 4973 794 5045 comprImuntur,
823 4973 868 5028 his
891 4974 940 5028 ali-

89 5060 193 5114 mentis
216 5061 337 5116 vIriutes
360 5061 540 5116 nutriuntur.
565 5062 620 5117 Sed
636 5066 666 5116 et
680 5061 703 5116 si
728 5061 845 5133 quando
867 5061 939 5116 ale·

88 5146 181 5200 ctione
204 5154 341 5216 cessatur,
362 5150 448 5205 debet
471 5166 611 5205 manuam
628 5151 758 5220 operatio
777 5149 938 5222 subsequi:

88 5233 157 5304 quia
172 5234 300 5291 otiositas
324 5237 442 5293 inImica
464 5242 507 5293 est
529 5238 642 5294 aalma.
670 5239 703 5293 Et
727 5238 863 5309 antiquus
885 5238 940 5293 ho-

88 5321 150 5388 stis,
166 5339 285 5393 querna
307 5324 430 5383 lectione
455 5327 514 5382 slve
534 5328 569 5382 ab
588 5327 719 5382 oratione
734 5333 883 5381 vacantem
897 5327 940 5380 iu·

87 5411 208 5478 venerit,
232 5411 313 5468 facile
328 5414 364 5470 ad
383 5415 452 5470 vitia
471 5415 557 5488 rapit.
575 5417 629 5472 Per
654 5432 738 5470 usum
753 5431 878 5488 namque
894 5414 939 5470 le-

86 5499 190 5556 ctionis
215 5499 329 5557 discetis
343 5504 467 5574 quailter
488 5510 517 5561 et
540 5521 589 5561 vos
603 5504 713 5573 vivatis,
738 5510 768 5560 et
791 5503 864 5559 allos
888 5504 939 5559 do·

1008 466 1038 520 In
1058 465 1197 519 charitate
1218 460 1365 535 conjuncti
1390 462 1467 528 estis,
1484 460 1617 533 prodesse
1640 459 1785 515 valebitis.
1808 461 1858 516 Per

1008 569 1148 608 manuum
1170 552 1368 623 operationem
1383 556 1413 606 et
1432 550 1559 622 eorporis
1579 549 1816 614 macerationem,
1831 555 1857 605 et

1008 641 1083 695 vitiis
1108 640 1245 695 allmenta
1272 639 1435 711 negabitis,
1462 643 1491 695 et
1513 638 1615 694 vestris
1641 637 1855 694 necessIIatibus

1007 729 1190 798 subvenietis,
1213 734 1242 784 et
1261 728 1405 784 habebith
1428 728 1505 783 unde
1528 726 1730 783 necessitatem
1749 725 1853 798 patien-

1006 816 1083 873 tibus
1097 816 1259 890 porrigatis.

1046 906 1112 962 Car.
1127 907 1171 963 Cl.
1186 936 1221 947 -
1238 908 1272 962 Ut
1283 905 1438 976 presbyteri
1452 908 1509 960 sinc
1523 906 1625 959 orariis
1638 918 1694 959 non
1707 902 1819 957 vadant.

1041 997 1096 1062 (En
1114 995 1207 1050 concil.
1224 992 1359 1065 Manent.)
1379 992 1543 1064 Presbyteri
1565 992 1627 1047 sine
1642 990 1851 1046 intermissIone

1005 1088 1125 1138 utantur
1151 1082 1275 1149 orariis,
1298 1086 1416 1154 propter
1448 1081 1640 1137 differendam
1673 1080 1851 1135 sacerdotalis

1005 1170 1164 1243 dIgniiatis.

1004 1277 1070 1333 Can.
1087 1278 1144 1334 Cll.
1168 1279 1254 1333 -Ut
1276 1278 1388 1333 clericas
1403 1278 1524 1401 orttitioia
1539 1276 1649 1331 honesta
1671 1279 1774 1331 nictum
1787 1292 1849 1347 qaae

1402 1363 1457 1402 ra.

1040 1435 1099 1506 (Ea
1127 1436 1222 1490 concil.
1254 1434 1369 1504 Afric,
1400 1451 1459 1506 cap.
1493 1434 1550 1506 bl.)
1579 1434 1708 1490 Clericus
1737 1435 1849 1506 quilibet

1003 1522 1090 1578 verbo
1108 1523 1158 1579 Dei
1173 1523 1301 1578 eruditus
1326 1522 1448 1578 artificia
1463 1523 1584 1578 honesto
1605 1523 1714 1579 cletum
1729 1528 1844 1595 quaerat.

1212 1611 1276 1666 Cer.
1294 1611 1364 1668 CIII.
1383 1642 1413 1654 -
1433 1613 1472 1666 ne
1491 1613 1583 1667 eadem
1602 1628 1641 1667 re.

1039 1697 1093 1770 (En
1114 1698 1205 1754 eodem
1221 1699 1328 1768 concii,
1346 1713 1407 1769 cap.
1428 1698 1465 1767 3.)
1481 1699 1605 1755 ClerIeus
1626 1698 1737 1754 vietum
1762 1704 1790 1753 et
1810 1715 1846 1753 re

1003 1788 1101 1841 stitum
1126 1787 1180 1842 sibi
1195 1787 1314 1841 artificio
1330 1789 1374 1842 vel
1393 1787 1569 1859 agricultura
1584 1788 1695 1860 absque
1710 1787 1798 1843 officii
1810 1788 1845 1842 sui

1003 1875 1140 1930 duntaxat
1155 1875 1329 1931 detrimento
1343 1879 1495 1946 praeparet.

1003 1981 1067 2037 Can.
1082 1982 1146 2038 CIV.
1162 2012 1195 2025 —
1216 1985 1253 2038 lle
1263 1983 1440 2053 presbyteris,
1456 1984 1616 2037 matutinali
1630 1984 1723 2052 afficio
1738 1983 1844 2053 expleto,

1303 2053 1372 2122 quid
1386 2069 1466 2122 agere
1477 2054 1599 2109 debeam.

1039 2142 1095 2213 (lla
1123 2143 1217 2196 concil.
1246 2143 1385 2208 Narrat,
1414 2158 1475 2212 cap.
1505 2140 1563 2212 60.)
1590 2140 1746 2212 Presbyter
1770 2156 1843 2196 mane

1002 2230 1165 2285 matutInali
1191 2230 1286 2286 allicio
1311 2232 1446 2302 expleta,
1474 2247 1598 2302 pensum
1622 2231 1771 2285 servitutis
1795 2246 1842 2284 sue

1002 2320 1130 2375 canendo
1156 2320 1292 2387 PrImam,
1308 2320 1444 2388 Tertiam,
1461 2318 1585 2388 sextam,
1604 2321 1778 2391 Nonamque
1789 2335 1842 2390 per·

1002 2409 1092 2463 solvat
1121 2407 1190 2462 :ita
1210 2413 1316 2473 tamen,
1340 2412 1372 2463 ut
1396 2416 1497 2479 pastea
1520 2408 1600 2462 horis
1622 2408 1843 2478 competentibus

1001 2502 1030 2552 et
1044 2496 1133 2568 signis
1147 2496 1366 2567 designantibus
1376 2496 1459 2567 juxta
1473 2496 1705 2567 possibilitatem,
1720 2501 1772 2549 aut
1784 2512 1800 2549 a
1810 2510 1841 2555 se,

1000 2590 1051 2640 aut
1074 2585 1266 2639 ascolaribus
1287 2585 1401 2656 publice
1424 2585 1629 2656 compleantur.
1657 2584 1767 2640 Deinde
1790 2599 1842 2655 per·

1000 2673 1069 2728 actis
1091 2672 1179 2739 horis,
1208 2673 1332 2728 iufirmis
1358 2673 1490 2739 visitetis,
1515 2673 1540 2727 si
1567 2673 1691 2727 noluerit
1714 2673 1750 2727 ad
1778 2688 1840 2744 opns

999 2761 1093 2816 rurale
1114 2767 1196 2816 exeat
1215 2762 1344 2832 jejunus,
1366 2766 1398 2817 ut
1409 2761 1516 2817 iterum
1531 2760 1752 2817 necessitatibus
1766 2777 1838 2833 pera·

999 2848 1149 2919 ngnorum
1173 2856 1201 2903 et
1222 2849 1380 2920 hospitum,
1404 2850 1462 2904 sive
1487 2850 1669 2904 diversarum
1689 2862 1837 2903 commean-

961 2940 1090 3004 Ctram,
1108 2936 1290 2991 infirmorum
1314 2953 1428 3009 qaoque
1449 2941 1535 3009 atque
1559 2937 1762 2992 detunctorum
1784 2951 1835 2990 sac·

998 3040 1113 3080 currere
1133 3025 1223 3097 possit
1244 3041 1336 3097 usque
1351 3025 1388 3080 ad
1403 3029 1539 3080 statutam
1553 3026 1668 3093 haram,
1689 3041 1744 3097 pro
1756 3024 1833 3097 quali-

998 3116 1055 3168 tate
1070 3113 1206 3186 temporis
1220 3119 1249 3168 et
1262 3113 1495 3185 opportunitatis.

1220 3220 1284 3276 Can.
1302 3221 1355 3276 CV.
1371 3251 1405 3260 -
1421 3223 1460 3277 lle
1471 3221 1564 3276 eadem
1578 3236 1618 3276 re.

1034 3307 1089 3379 (lin
1102 3309 1183 3364 dictis
1207 3308 1368 3380 Berwdicti.)
1383 3309 1528 3380 Propheta
1544 3309 1673 3377 dleente,
1688 3308 1829 3381 Septiesin

998 3395 1044 3451 die
1071 3398 1186 3452 laudem
1210 3396 1270 3452 dixi
1290 3396 1344 3452 tibi
1369 3414 1376 3452 ε
1398 3399 1448 3469 qui
1472 3397 1654 3470 septenarius
1672 3411 1829 3453 numerusa

997 3485 1080 3541 nobis
1102 3486 1143 3541 sic
1165 3485 1342 3557 Implebitur,
1365 3485 1390 3541 si
1409 3485 1568 3554 Matutiuo,
1589 3485 1705 3554 Primae,
1734 3484 1826 3548 Tarde,

997 3574 1098 3640 Sexte,
1129 3575 1227 3644 Nonae,
1252 3575 1402 3645 Vesperae,
1432 3575 1677 3647 Completorfiqae
1704 3579 1824 3646 tempora,

996 3667 1103 3719 nostrae
1121 3663 1266 3719 servitutis
1287 3662 1379 3718 cilicia
1404 3664 1599 3735 persolvamus
1629 3662 1722 3736 :qnia
1742 3663 1775 3718 de
1793 3660 1824 3716 hh

996 3751 1067 3807 aisn
1082 3752 1235 3823 Propheta.
1252 3752 1324 3807 uam
1342 3751 1378 3807 ae
1394 3752 1541 3808 natanta
1564 3752 1672 3824 vintru
1687 3753 1761 3807 taem
1778 3751 1822 3821 ipa
1851 3822 1856 3833 Ι
1873 3732 1881 3819 ζ

995 3840 1036 3895 ait
1052 3856 1059 3895 ε
1077 3840 1168 3896 bledla
1181 3845 1265 3895 nocte
1280 3840 1435 3912 surgebam
1449 3841 1483 3896 ad
1498 3839 1696 3897 confitendum
1711 3840 1771 3905 tibi,
1783 3843 1819 3892 etc
1874 3830 1881 3917 J

996 3930 1069 4000 Ergo
1089 3929 1134 3984 his
1156 3929 1336 4001 temporibus
1356 3929 1513 3984 referamus
1535 3928 1636 3985 laudes
1652 3927 1774 3985 Creatori
1786 3940 1820 3980 ne
1872 3981 1881 4003 Ι

996 4023 1064 4086 stro,
1082 4033 1170 4089 super
1179 4017 1289 4088 judicia
1301 4017 1422 4088 justitiae
1438 4033 1505 4072 suae.
1871 4004 1881 4093 ζ

995 4125 1060 4181 Car.
1089 4124 1155 4180 CVI.
1181 4153 1216 4163 —
1234 4124 1311 4196 Quod
1332 4139 1461 4192 mannam
1484 4125 1637 4194 paricqu
1663 4126 1700 4180 eit
1726 4125 1819 4194 niqra
1871 4158 1881 4193 ·:

1031 4197 1092 4264 {teri
1113 4194 1234 4264 jndicem
1264 4197 1326 4250 cita
1342 4197 1461 4263 .atienaa,
1485 4197 1534 4264 qni
1559 4197 1645 4251 nescit
1670 4209 1748 4251 man
1772 4201 1819 4249 na·

1030 4281 1139 4335 perure.

1031 4354 1086 4426 (lle
1116 4354 1198 4410 dictis
1219 4352 1353 4423 August.)
1377 4353 1560 4409 Admonendi
1589 4358 1657 4409 sunt
1683 4347 1822 4426 presbyteri

994 4449 1026 4497 ut
1040 4443 1220 4514 perpendant
1234 4443 1303 4515 quia
1323 4442 1464 4515 quidquid
1485 4457 1503 4497 a
1525 4441 1661 4498 fidelibus
1676 4443 1770 4509 datur,
1787 4453 1823 4495 re·
1875 4464 1881 4471 ·

994 4530 1121 4602 demptio
1148 4537 1331 4602 peecatorum
1359 4536 1402 4587 est
1426 4547 1434 4585 r
1460 4535 1489 4586 et
1509 4531 1575 4586 ideo
1601 4546 1663 4587 non
1685 4532 1826 4604 glorientur
1875 4568 1881 4599 =

993 4620 1098 4674 talibus
1122 4620 1285 4689 sumptibus
1307 4619 1360 4686 uti,
1384 4620 1433 4675 sed
1453 4619 1544 4689 magis
1568 4619 1692 4675 timeant
1712 4616 1829 4693 qnodin

993 4707 1087 4763 Veteri
1101 4708 1284 4762 Testamenta
1294 4708 1329 4763 de
1339 4707 1535 4763 sacerdotibus
1548 4708 1660 4764 dictum
1673 4715 1728 4780 est,
1741 4705 1831 4780 Iniqub

993 4800 1082 4852 tatem
1093 4797 1193 4867 papuli
1207 4812 1257 4852 eos
1273 4799 1377 4853 debere
1390 4802 1512 4869 portare.
1530 4799 1564 4853 Et
1577 4797 1644 4853 ideo
1655 4814 1726 4855 eum
1740 4811 1831 4870 magno

993 4883 1096 4939 timore
1112 4900 1198 4956 super
1210 4900 1259 4940 eos
1275 4884 1387 4940 solliciti
1404 4884 1470 4948 sint,
1487 4900 1613 4957 quonam
1630 4885 1717 4942 donia
1730 4883 1832 4959 partia'·

992 4976 1100 5043 pantur
1122 4973 1215 5044 :quia
1237 4989 1375 5045 magnam
1390 4972 1552 5045 periculum
1576 4976 1619 5027 ast
1637 4971 1836 5043 judicemlleri

993 5061 1060 5116 vitae
1072 5059 1185 5129 alienae,
1201 5061 1251 5133 qui
1267 5061 1356 5116 nescit
1370 5065 1467 5115 tenere
1482 5060 1679 5116 moderamina
1693 5061 1762 5118 vitae
1775 5076 1833 5117 sne,

994 5167 1058 5224 Car.
1082 5166 1161 5223 CVIl.
1188 5196 1221 5208 -
1248 5170 1282 5222 Ut
1301 5167 1455 5294 prestbytteuri
1475 5169 1561 5238 juata
1584 5169 1728 5226 aarum
1752 5168 1837 5241 bospi-

1202 5258 1206 5264 ’
1378 5254 1410 5293 en
1441 5254 1465 5293 r.

1030 5324 1085 5395 (En
1099 5327 1193 5382 cancii.
1218 5325 1359 5396 bletdensi,
1384 5343 1445 5399 cap.
1472 5330 1512 5396 5.)
1536 5328 1572 5382 Ut
1595 5327 1763 5400 presbyteri
1780 5324 1838 5383 nal·

992 5415 1105 5469 latenus
1129 5413 1304 5489 ubicumque
1333 5415 1474 5488 hospitari
1500 5416 1645 5485 sinantur,
1669 5423 1725 5473 aut
1748 5416 1839 5490 aliquo

992 5503 1079 5558 ruodo
1118 5502 1175 5576 ipsi
1199 5509 1401 5578 presumant,
1436 5504 1487 5561 sed
1524 5504 1641 5562 assidue
1675 5508 1756 5578 apud
1780 5518 1839 5563 suet
