3894 6120
89 223 140 307 eor
631 245 838 304 annotinum
857 245 1126 303 wonuaclausvs
1146 243 1312 313 aristoni.
1796 248 1839 303 too

91 373 156 430 Ger.
183 371 295 429 cxcln.
320 401 357 414 -
380 374 415 427 Ut
436 368 585 426 sacerdotes
607 371 729 436 Domini,
755 373 825 424 sicut
847 371 981 438 vulpach
1000 370 1073 424 coedi
1087 368 1243 425 cmdeliter
1269 367 1390 425 lustibus
1420 366 1564 440 deputasti
1579 383 1669 439 quam
1697 366 1763 422 licet
1783 375 1838 440 pust

107 448 197 514 (Mtte
218 443 296 510 witi·
316 443 441 497 indilate
463 446 644 512 llfaeiumffllb
660 443 703 495 ¹³0²
717 441 925 510 willelmum&
1000 465 1065 512 octe
1086 474 1211 523 menses,
1230 457 1331 512 exinde
1346 457 1466 512 minime
1489 456 1666 511 arbitremur
1688 455 1773 510 luisse
1796 458 1834 512 de·

127 552 183 620 (Ec
220 549 291 603 decr.
318 549 437 605 Cornelii
468 544 569 616 popa.)
600 544 818 601 Sacramentum
848 551 944 600 eutem
998 545 1140 612 functam,
1166 551 1261 600 tamen
1297 545 1366 617 quia
1390 543 1500 600 ordinis
1523 544 1568 598 tui
1600 543 1707 598 habere
1734 545 1834 600 noluisti

89 640 226 694 hactenus
240 638 275 691 ab
290 637 435 707 episcopis
446 640 474 688 et
489 633 606 704 reliquis
618 634 770 689 ordinibus
784 634 871 705 exigi,
887 635 944 689 nisi
998 640 1172 704 respectum,
1188 641 1339 704 propterea
1354 633 1466 687 duobus
1482 638 1511 686 te
1526 632 1677 686 mensibus
1700 631 1735 686 ab
1758 633 1832 687 admi·

88 743 142 799 pro
158 726 215 781 lide
234 730 320 789 recta,
345 724 468 778 minime
483 722 683 794 cognovimus,
699 738 752 776 uec
773 728 875 792 sponte
895 738 944 776 eos
998 725 1170 779 uisitatione
1181 725 1329 779 missarum
1340 723 1495 779 statuimus
1509 723 1665 776 abstinere.
1687 722 1724 776 ln
1735 723 1831 793 quibvs,

86 816 198 886 jurasse
225 813 396 884 reperimus.
429 811 618 882 Summopere
642 826 712 882 ergo
731 816 845 865 sanctus
863 812 943 866 taco-
996 814 1033 867 ab
1055 813 1151 868 allicio
1178 818 1229 868 tuo
1253 828 1433 884 suspensum,
1459 811 1528 866 llere
1557 817 1585 865 te
1612 811 1747 864 convenit
1770 813 1829 882 quod
1867 828 1869 845 ¹

89 905 142 959 bus
163 903 310 973 apostolus
333 900 494 970 prohibens
520 904 731 953 sacramentum
746 898 883 970 loquitur,
899 900 943 954 di·
996 901 1099 956 iecisti.
1124 903 1193 956 Nam
1213 902 1293 956 valde
1314 901 1435 972 dignum
1460 903 1562 964 estut,
1583 904 1736 970 postquam
1760 905 1785 952 te
1805 902 1829 956 ed

89 1008 156 1045 cens
172 1008 178 1044 :
195 994 266 1045 Ante
280 989 389 1054 omnia,
409 989 512 1042 fratres
531 988 598 1054 mei,
613 989 702 1042 nolite
728 989 943 1059 jurare,neque
996 990 1063 1045 vitae
1092 991 1177 1044 istius
1205 990 1388 1062 tranquillam
1420 989 1625 1043 rectitudinem
1662 987 1828 1042 laudabilium

90 1075 944 1151 percoelum,nequeperterram,nequeperaliudquud·
996 1079 1323 1148 sacerdotumexempla
1342 1093 1400 1132 non
1429 1081 1598 1149 provocant,
1629 1077 1730 1131 saltem
1752 1093 1826 1131 corn·

90 1183 203 1237 cunque
216 1167 425 1237 juramentum.
452 1165 494 1220 Sit
512 1170 607 1219 autem
637 1182 732 1220 sermo
754 1170 857 1234 vester,
883 1168 941 1234 Est,
958 1187 963 1193 ·
996 1166 1102 1221 ctiunis
1115 1165 1257 1220 medicina
1269 1165 1429 1236 compellat.
1596 1169 1599 1173 ’

88 1261 141 1321 est,
160 1257 243 1310 Nun:
260 1259 293 1309 ut
306 1254 358 1309 sub
371 1253 513 1324 judicium
527 1269 587 1308 non
600 1253 746 1308 decidatis.
998 1273 1053 1328 ΟΜ,
1065 1272 1176 1328 cxcpp
1199 1303 1230 1312 ,
1257 1274 1293 1326 D,
1321 1272 1446 1340 095,pr
1467 1286 1518 1340 pe,
1541 1275 1716 1326 ,mmm
1731 1276 1825 1340 mag,

92 1360 155 1415 Cer.
180 1360 295 1416 cxciv.
321 1360 401 1413 -De
424 1362 546 1429 episcopo
569 1362 682 1414 sinistro
697 1375 805 1415 minore
822 1375 942 1430 ospnso,
1332 1345 1358 1396 03
1376 1342 1508 1395 abidum·
1867 1412 1869 1421 Ι

140 1447 190 1501 per
213 1435 413 1486 sacromentum
432 1436 523 1485 autem
544 1435 569 1484 et
581 1436 701 1500 purqnto
715 1435 742 1485 et
755 1432 888 1485 absoluto.
1033 1433 1088 1502 (Ea
1108 1447 1166 1500 rep.
1193 1431 1230 1486 od
1245 1430 1437 1487 brunihildam
1449 1433 1575 1498 recinam
1590 1431 1765 1496 Francorum,
1780 1444 1822 1499 cup.
1865 1424 1869 1491 ⁴:

126 1521 232 1583 (dare.
257 1519 296 1572 od
320 1520 457 1573 tustinum
485 1520 623 1589 imperat,
649 1534 709 1589 cop.
747 1520 820 1590 too.)
852 1520 943 1574 ilabet
999 1521 1198 1591 senlitensis
1223 1535 1289 1574 vero
1313 1518 1585 1573 reverendissimum
1610 1519 1729 1572 fratrem
1748 1518 1811 1588 ooep'
1867 1536 1869 1541 ·

90 1607 146 1662 hoc
158 1606 309 1678 proprium
326 1606 436 1677 antiqui
451 1606 543 1660 hostis
556 1606 676 1671 invidia,
695 1613 727 1660 ut
745 1622 816 1677 quos
831 1607 861 1661 in
877 1623 977 1704 pra·B
997 1625 1173 1681 scupuruque
1192 1613 1332 1673 nostrum,
1353 1612 1519 1679 postquam,
1543 1623 1576 1660 ea
1593 1622 1661 1678 quae
1677 1606 1713 1660 de
1727 1605 1824 1660 eudicti

90 1711 192 1750 rurum
207 1700 322 1749 actuum
337 1694 592 1766 perpetrationem,
620 1696 679 1749 Deo
704 1695 759 1749 sihi
781 1696 940 1763 resistente,
995 1698 1109 1753 luerent
1124 1697 1311 1768 requirentes,
1325 1695 1354 1749 in
1378 1695 1458 1749 nullo
1480 1694 1646 1749 invenimus
1673 1709 1734 1748 essa
1754 1694 1824 1765 culpe
1867 1707 1869 1711 ·

91 1782 224 1853 decipere
242 1798 303 1837 nun
330 1783 414 1849 valet,
439 1782 704 1853 opinioneseurum
723 1783 795 1838 falsa
817 1784 941 1855 adprae·
995 1787 1101 1842 bilem:
1130 1787 1312 1857 quiiusuper
1338 1783 1616 1839 adsueratissimum
1639 1798 1745 1854 corpus
1770 1781 1825 1838 beel

90 1888 155 1926 sens
176 1871 339 1926 simulando
362 1870 508 1926 dilaceret.
536 1871 677 1936 Quoniam
701 1872 791 1943 igitur
807 1874 941 1944 quadum
996 1874 1070 1930 Petri
1101 1873 1223 1945 apostoli
1248 1874 1300 1927 sub
1316 1872 1507 1944 jurejurando
1531 1872 1722 1938 satislaciens,
1740 1871 1773 1925 eb
1795 1870 1825 1925 his

90 1964 190 2014 contra
213 1960 386 2014 sacerdotale
415 1959 595 2029 propositum
622 1960 657 2014 de
681 1960 776 2016 Leone
800 1961 887 2016 fratre
913 1964 942 2014 et
996 1979 1061 2034 quae
1081 1964 1193 2033 objecta
1212 1962 1273 2032 ejus
1296 1960 1428 2031 opinioni
1456 1960 1614 2015 fuerantse
1639 1958 1824 2015 demonstrarit

89 2049 258 2119 coepiscopo
271 2051 369 2102 nostro
384 2047 498 2102 sinister
522 2064 624 2102 rumor
652 2055 820 2121 asperserat,
843 2055 940 2105 utrum
996 2052 1145 2106 alienum:
1177 2049 1281 2104 reverti
1309 2049 1391 2104 illum
1429 2055 1585 2119 purgatum
1625 2047 1824 2118 absolutumque

89 2141 283 2204 seruassent,
310 2135 436 2190 districta
459 2135 567 2190 diutins
595 2136 716 2192 lecimus
753 2137 940 2209 inquisitione
994 2137 1518 2211 permisimus:quia,sicutdignum
1534 2142 1654 2206 eratut,
1670 2137 1695 2191 si
1711 2137 1742 2191 in
1752 2136 1824 2205 aliquo

89 2224 231 2298 perquiri,
247 2229 273 2278 et
298 2223 608 2279 nullamineodahis
634 2242 699 2297 quie
728 2226 841 2280 lucrant
866 2226 941 2281 dicta
995 2244 1060 2283 reus
1074 2227 1219 2295 existeret,
1249 2226 1362 2296 culpam
1387 2225 1418 2280 in
1445 2241 1480 2279 eo
1506 2226 1644 2280 canonice
1668 2224 1824 2297 puniremus,

90 2314 205 2385 culpam
219 2312 393 2366 invenimus.
410 2311 465 2366 Sed
478 2328 515 2365 ne
540 2313 608 2383 quid
629 2313 775 2369 videretur
801 2314 939 2368 omissum
993 2316 1034 2370 ita
1046 2315 1167 2387 dignum
1181 2330 1240 2369 nou
1263 2313 1317 2367 luit
1331 2320 1362 2367 ut
1386 2328 1464 2378 eum,
1488 2314 1641 2384 adjuvaute
1672 2310 1825 2378 innocentie,

90 2408 190 2458 nostro
217 2400 345 2472 potuisse
373 2400 453 2455 cordi
479 2401 599 2455 dubium
626 2417 786 2472 remunera,
807 2402 841 2456 ed
864 2401 941 2457 beati
994 2404 1104 2459 diutius
1118 2403 1250 2467 retinere,
1262 2403 1305 2457 vel
1320 2401 1448 2472 affligere
1461 2403 1491 2456 in
1506 2403 1602 2473 aliquo
1629 2402 1801 2457 deberemus.

90 2491 167 2547 Petri
197 2488 419 2544 sacratissimum
440 2505 545 2560 corpus
557 2491 686 2545 districta
711 2507 825 2546 eumen
851 2491 941 2546 abun·
994 2510 1058 2566 CA„
1084 2510 1207 2565 qxqvqp
1231 2538 1268 2552 ..
1291 2509 1413 2576 Quam„-
1435 2523 1515 2563 ,pm
1539 2511 1683 2579 episcopm
1698 2509 1828 2575 mmm.

90 2579 170 2634 danti
184 2577 305 2632 lecimus
320 2582 497 2631 sacramenta
512 2578 651 2648 praebere.
679 2578 789 2644 Quibus
803 2578 940 2651 praestitis
1029 2583 1081 2636 dus
1116 2586 1161 2648 sit,
1202 2581 1334 2652 quomodo
1365 2578 1432 2633 moti
1454 2579 1513 2647 ejus
1546 2581 1703 2635 cussitiorii
1741 2592 1828 2634 wurv-

91 2678 196 2739 mogna
211 2681 310 2720 sumus
324 2665 515 2720 exsultatione
529 2666 628 2737 gavisi,
644 2667 722 2738 quod
740 2666 940 2739 hujuscemodi
1029 2652 1196 2707 munfffl'ldl'·

90 2754 255 2810 innocentia
270 2754 331 2823 ejus
346 2754 493 2809 evidenter
507 2754 620 2808 enituit.
647 2756 700 2810 Pro
716 2772 772 2826 qun
793 2771 824 2810 re
847 2755 941 2827 gloria
1029 2757 1149 2826 (Enseu.
1164 2772 1221 2826 cop.
1239 2757 1296 2823 37.)
1319 2755 1490 2810 Praedicator
1504 2755 1716 2827 omnipotentis
1732 2751 1829 2809 Domini

90 2852 183 2901 vestra
209 2844 378 2915 praedictum
392 2843 485 2899 virum
505 2860 570 2899 cum
593 2846 671 2900 omni
695 2846 833 2901 charitate
847 2846 938 2900 susci·
994 2847 1099 2901 Paulus
1121 2845 1265 2917 apostolus
1289 2843 1380 2898 dicit:
1405 2843 1551 2899 seniorem
1585 2860 1622 2898 ue
1642 2841 1829 2914 increpaveris.

92 2935 161 3006 piat,
176 2931 365 2987 reverentiam
379 2932 405 2985 ei
418 2933 532 3002 qualem
546 2933 685 2988 sacerdoti
700 2934 781 2988 decet
795 2933 938 3000 exhibeat,
957 2924 977 2978 C
995 2934 1049 2989 Sed
1059 2935 1121 2989 hvnc
1134 2935 1194 3003 ejus
1209 2933 1311 3004 regula
1326 2932 1356 2987 iu
1375 2948 1409 2987 eo
1426 2931 1598 2987 reservanda
1614 2937 1667 2998 est,
1681 2948 1746 2986 cum
1761 2931 1830 2999 culpa

92 3038 145 3076 nec
165 3021 300 3093 quiedam
326 3020 461 3075 cordibus
490 3022 686 3076 remaneatde
712 3022 758 3077 his
787 3037 852 3094 quae
879 3022 938 3094 jam
995 3021 1116 3076 senioris
1131 3022 1262 3090 exemplo
1279 3037 1331 3074 suo
1354 3036 1411 3075 uon
1436 3020 1524 3074 trehit
1543 3021 1577 3075 ad
1593 3019 1745 3075 interitum
1758 3018 1831 3073 corda

91 3114 157 3164 ssent
172 3113 295 3180 purgata
311 3107 452 3163 dubietas.
471 3109 502 3163 Et
517 3108 557 3162 ita
581 3109 775 3181 suprascripto
801 3126 850 3163 vos
876 3110 939 3182 epi·
992 3110 1151 3183 Juniorum.
1171 3109 1223 3164 Ubi
1237 3113 1333 3163 autem
1354 3109 1451 3162 senior
1462 3105 1830 3180 juvenibusexemplumad

92 3196 376 3269 scopodevutissime
392 3201 506 3267 oportet
523 3197 553 3250 in
571 3197 706 3251 omnibus
730 3197 886 3263 adherere,
909 3202 941 3252 ut
995 3199 1144 3255 interitum
1165 3197 1285 3268 prebet,
1316 3197 1445 3252 districta
1475 3197 1673 3267 increpatione
1701 3196 1831 3251 feriendus

91 3300 218 3357 congrue
227 3285 419 3356 decenterque
432 3285 520 3339 Derim
531 3284 561 3338 iu
571 3284 633 3355 ejus
642 3300 764 3355 persona
773 3285 940 3353 videamini,
995 3294 1046 3342 est.
1063 3288 1133 3342 Nam
1146 3286 1284 3356 scriptum
1300 3290 1361 3340 est:
1377 3287 1506 3356 Laqueus
1518 3286 1660 3355 juvenum
1671 3301 1771 3341 omnes
1780 3299 1828 3336 vos.

91 3375 172 3447 cujus
184 3373 316 3429 minister
329 3377 382 3439 est,
397 3372 550 3427 honorare.
996 3378 1030 3431 Et
1047 3390 1160 3429 rursum
1175 3374 1316 3446 propheta
1330 3374 1399 3428 dicit
1416 3390 1422 3427 :
1439 3373 1472 3428 Et
1496 3379 1631 3444 peccator
1652 3380 1768 3428 centnm
1790 3386 1829 3425 au-

92 3481 156 3536 cst·
198 3480 296 3536 cxcv,
338 3480 507 3536 „Commo
540 3481 659 3549 episcopi
689 3481 740 3550 qm·
766 3480 941 3534 concubinam
995 3480 1097 3519 norum
1110 3462 1279 3518 maledictus
1291 3468 1342 3517 est.
1354 3463 1443 3516 Tanta
1454 3466 1551 3517 autem
1566 3462 1699 3533 nequitia
1712 3461 1746 3515 ad
1761 3475 1830 3515 aures

458 3550 563 3605 habuit.
598 3586 606 3601 ,
842 3576 858 3585 -
994 3551 1122 3606 measde
1137 3556 1185 3605 tue
1202 3555 1346 3605 senectute
1365 3549 1506 3619 pervenit,
1521 3554 1554 3603 ut
1574 3564 1649 3615 eam,
1676 3549 1733 3603 nisi
1751 3548 1830 3603 adbuc

126 3641 252 3710 (lissey.
275 3640 404 3709 Greqord
429 3654 509 3709 popa
532 3638 724 3695 udAndreom
751 3641 867 3709 episcop.
891 3640 940 3692 l'o·
994 3642 1161 3696 humanitus
1179 3654 1376 3710 pensaremus,
1392 3638 1450 3693 fixa
1465 3639 1525 3709 jem
1551 3637 1753 3691 maledictione
1774 3635 1828 3690 ieri·

89 3733 189 3785 rentin.
219 3744 280 3799 cop.
307 3726 528 3800 ttet'tribunal
561 3727 666 3798 judicia
703 3725 804 3782 aeterni
825 3740 941 3780 securus
994 3745 1100 3785 remus.
1120 3728 1229 3783 [lictum
1246 3727 1354 3798 quippe
1378 3725 1449 3780 mihi
1468 3731 1511 3779 est
1529 3724 1607 3796 quod
1631 3725 1829 3779 dominicorum
1860 3784 1862 3793 Ι

88 3817 206 3888 aspiciet
231 3816 371 3888 quisquis,
411 3819 507 3870 reatus
534 3815 577 3870 sui
603 3814 743 3879 conscius,
772 3813 940 3885 dignaeum
994 3818 1051 3880 die,
1071 3817 1238 3888 priusquam
1263 3816 1416 3869 missurum
1440 3813 1578 3868 solemnia
1605 3815 1776 3878 celebrares,
1801 3811 1830 3865 ud

91 3906 176 3960 modo
201 3905 371 3976 poenitentia
403 3903 515 3974 placare
551 3902 705 3957 contendit.
743 3901 880 3956 llabuisse
911 3903 940 3955 ta
994 3906 1165 3960 exurendam
1192 3917 1314 3958 messem
1345 3902 1444 3957 latoris
1466 3901 1653 3973 presentium
1683 3900 1830 3974 perrexisti,

90 3992 233 4064 siquidem
244 3990 433 4046 concubinam
445 3990 595 4043 manifesta
606 3988 724 4043 veritate
734 3987 938 4058 comperimus,
994 3998 1060 4065 post
1078 3993 1270 4048 exarationem
1284 3991 1345 4061 ejus
1366 3991 1516 4045 missarum
1529 3990 1672 4044 solemnia
1685 3988 1831 4046 celebrasti

91 4076 693 4154 dequeetiamcontrariaestquibuedem
709 4080 779 4131 nata
803 4075 938 4147 suspicio.
995 4084 1063 4138 post
1087 4082 1240 4136 missurum
1266 4080 1416 4147 solemnia,
1447 4079 1534 4134 etiem
1564 4079 1708 4133 terminus
1735 4093 1832 4151 posses·

90 4167 155 4236 Sed,
172 4167 241 4238 quia
259 4167 289 4220 in
316 4165 401 4220 rebus
424 4165 568 4235 ambiguis
587 4164 752 4219 absolutum
774 4180 831 4219 non
855 4163 976 4255 debetD
994 4171 1082 4226 sionis
1122 4171 1200 4225 itlius
1237 4168 1381 4223 eradicare
1427 4167 1547 4222 minime
1584 4167 1722 4223 timuisti.
1764 4165 1833 4232 Quod

91 4270 152 4311 esse
173 4253 326 4325 judicium,
355 4252 677 4308 boctuoecuuscientiae
700 4252 841 4323 elegimus
863 4268 938 4307 cum·
992 4260 1098 4314 luctum
1114 4275 1179 4331 quae
1203 4273 1288 4330 puina
1311 4256 1411 4312 debuit
1430 4256 1553 4327 insequi,
1584 4271 1689 4310 omnes
1718 4256 1768 4327 qui
1792 4270 1836 4310 au·

91 4342 271 4398 mittendum.
285 4342 347 4407 Qua
362 4340 397 4396 de
412 4356 444 4422 re
458 4341 492 4409 si,
508 4341 538 4396 in
554 4341 743 4397 sacroordine
757 4343 938 4405 constitutus,
994 4348 1079 4403 diunt
1102 4347 1206 4401 sciunt.
1232 4344 1316 4401 Dubii
1339 4349 1437 4399 autem
1461 4344 1497 4399 de
1532 4348 1615 4397 tanta
1650 4344 1706 4398 bec
1733 4358 1837 4415 persen

91 4430 154 4501 ejus
165 4433 193 4484 te
213 4429 404 4500 permixtione
429 4445 491 4483 esse
513 4429 614 4484 recolis
637 4431 823 4493 macvvletum,
846 4445 940 4485 sacar·
993 4436 1076 4492 aiente
1101 4436 1258 4501 lueremus,
1288 4433 1337 4487 sed
1365 4432 1442 4487 iilius
1463 4437 1561 4487 noster
1589 4433 1728 4502 Cyriacus
1758 4431 1838 4487 abba

92 4517 161 4572 datii
175 4518 286 4572 bonore
306 4516 446 4587 deposito,
463 4517 498 4571 ad
519 4517 743 4587 ministrandum,
760 4518 840 4573 nullo
856 4518 939 4572 modo
994 4541 1011 4580 a
1042 4524 1125 4580 nohis
1159 4522 1324 4594 requisitus,
1356 4521 1425 4575 dvrm
1462 4526 1537 4575 esset
1570 4520 1709 4588 choralis,
1742 4522 1781 4576 ita
1811 4536 1838 4573 se

91 4621 248 4677 presumas
263 4605 406 4668 accedere,
426 4604 548 4660 sciturus
562 4605 592 4660 in
608 4605 712 4661 animae
734 4612 793 4661 tuae
813 4606 940 4675 periculo
994 4612 1161 4684 cognovisse
1179 4609 1334 4680 perhibuit.
1363 4611 1396 4663 Et
1409 4609 1479 4679 quia
1499 4608 1593 4663 adhuc
1614 4610 1695 4664 canis
1711 4610 1769 4664 tuis
1783 4625 1840 4681 par·

91 4694 265 4763 ministrare,
283 4700 312 4749 et
336 4694 391 4749 lieo
411 4699 510 4749 nostro
523 4700 552 4750 te
566 4694 628 4748 siue
644 4694 731 4750 dubio
755 4694 873 4749 reddere
898 4711 942 4750 ra·
994 4701 1096 4765 cimus,
1112 4700 1272 4763 hortamur,
1287 4696 1444 4767 aliquando
1459 4696 1603 4767 resipisce,
1619 4712 1720 4763 senex,
1735 4704 1841 4770 atquae

90 4781 251 4850 tionem,si,
268 4782 434 4854 hujusmodi
448 4784 563 4837 sceleris
575 4783 715 4849 conscius,
739 4783 770 4837 in
789 4798 895 4853 eoquo
911 4799 941 4838 es
994 4794 1075 4845 unta
1092 4788 1209 4844 levitate
1227 4795 1342 4840 murum
1357 4790 1385 4840 et
1409 4800 1531 4856 operum
1556 4785 1745 4855 perversitate
1768 4801 1840 4841 com·

90 4872 203 4938 ordine,
220 4871 315 4925 celans
337 4871 497 4932 veritatem,
512 4887 682 4942 permanere
703 4870 836 4926 volueris.
863 4872 941 4927 Unde
994 4892 1120 4949 pescere.
1138 4875 1250 4940 Ovvauto
1275 4874 1361 4928 morti
1384 4873 1504 4928 vicinior
1531 4874 1664 4943 elliceris,
1690 4873 1840 4930 tantotieri

90 4961 196 5016 iterum
213 4960 400 5015 adhortamur
414 4964 457 5025 ut,
474 4960 498 5013 si
514 4966 540 5015 te
556 4960 708 5033 deceptum
729 4960 820 5014 hostis
831 4957 942 5029 antiqui
995 4959 1141 5013 sollicitior
1166 4961 1251 5027 atque
1275 4957 1406 5010 timidior
1426 4957 1522 5012 debes.
1555 4958 1587 5011 Et
1615 4958 1738 5028 quidem
1765 4972 1843 5029 paena

91 5049 245 5104 calliditate
281 5047 437 5118 cognoscis,
474 5047 648 5116 competenti
680 5064 746 5102 eum
775 5047 844 5101 dum
878 5047 943 5101 licet
994 5046 1143 5100 sententiae
1159 5045 1189 5099 in
1205 5051 1233 5100 te
1246 5046 1340 5100 luerat
1363 5046 1528 5115 jaculanda,
1546 5045 1606 5112 sed,
1628 5043 1844 5118 quiasirnplici·

92 5136 259 5208 paenitentia
279 5150 416 5206 superare
429 5134 564 5189 lestines:
580 5152 616 5189 ne
634 5151 699 5191 cum
725 5150 759 5189 eo
787 5135 938 5207 particeps,
994 5138 1176 5189 tatemtuam
1204 5149 1270 5187 cum
1297 5138 1443 5187 senectute
1464 5133 1606 5200 novimus,
1630 5134 1752 5190 interim
1779 5140 1844 5188 racc

92 5223 169 5294 quud
182 5240 238 5278 non
253 5229 385 5295 optemus
406 5222 448 5290 ,in
469 5221 516 5277 die
532 5222 635 5294 judicii
659 5223 815 5294 deputeris.
830 5223 859 5278 si
872 5238 941 5278 vero
995 5238 1069 5277 mus.
1087 5225 1140 5277 Eos
1153 5237 1221 5276 vero
1236 5238 1360 5294 quorum
1374 5222 1498 5278 consiliis
1510 5222 1570 5277 hoec
1584 5223 1680 5293 egisti,
1697 5224 1730 5279 in
1740 5223 1845 5278 duobus

92 5311 177 5382 hujus
199 5318 293 5365 reatus
315 5311 512 5367 tibiconscius
532 5327 589 5366 non
613 5311 698 5376 as,in
718 5329 753 5367 eo
775 5317 804 5367 te
827 5327 941 5366 necesse
995 5310 1142 5366 mensibus
1157 5311 1418 5365 excommunicatos
1446 5310 1722 5369 essedecernimus.
1751 5312 1793 5365 ita
1819 5310 1847 5364 nt

93 5404 136 5453 est
160 5415 218 5470 quo
243 5415 273 5452 es
296 5400 397 5454 ordine
421 5416 602 5472 permanere.
623 5400 777 5467 Praeterea,
802 5399 939 5471 quoniam
996 5398 1104 5470 siquid
1120 5398 1162 5452 eis
1185 5400 1262 5453 intra
1285 5399 1409 5455 duorum
1426 5399 1567 5452 mensium
1591 5398 1721 5470 spatium
1748 5401 1845 5455 humu-

94 5487 244 5540 mulierem
271 5486 305 5540 de
331 5488 488 5542 matriculis
515 5492 614 5542 contre
637 5486 767 5542 ordinem
791 5485 942 5541 sacerdotii
997 5486 1074 5541 nitus
1088 5486 1225 5552 evenerit,
1251 5486 1451 5542 benedictione
1476 5486 1571 5541 viatici
1598 5502 1659 5540 non
1687 5487 1845 5558 prirentur.
