3878 6112
63 257 116 310 925
455 251 692 311 utcuntoutttt
712 252 806 310 LlBRl
826 255 879 311 XX.
896 285 931 295 -
946 254 1049 310 LIBER
1067 251 1220 311 uncinus
1237 244 1425 310 SEPTIMUS.
1764 257 1816 312 stt

61 374 93 430 in
117 373 171 430 hac
199 372 404 428 communione
424 372 570 442 durantes,
598 380 667 430 tunc
689 376 805 431 demum
832 376 947 432 obla-lt
1161 376 1225 431 Cae.
1241 376 1349 432 XXXVI.
1367 405 1399 417 -
1420 379 1457 433 lle
1475 377 1567 433 ecdem
1576 395 1614 435 re.

61 463 150 518 tioms
166 462 532 534 sacramenlacontingant.
562 464 735 519 Discutiatur
763 470 859 520 antem
885 468 913 520 et
1004 465 1061 531 (Ee
1077 464 1158 520 dietis
1170 465 1198 521 S.
1210 465 1363 536 isidor.)Si
1374 466 1482 538 quises
1493 467 1648 538 juvenibus
1662 468 1704 523 vel
1720 469 1817 541 aliqua

63 553 122 607 vita
144 568 244 606 eorum
267 551 360 623 qualis
381 556 512 622 tempore
535 552 721 622 poenitudinis
736 554 869 618 extiterit,
885 556 914 608 et
968 553 1124 624 suspiciosa
1139 569 1259 626 persona
1275 570 1339 609 cnm
1354 555 1481 625 parvulis
1502 555 1615 626 jocatus
1636 555 1733 625 fuerit,
1753 557 1817 612 diu·

61 642 103 696 ita
119 640 345 696 misericordiam
362 646 584 711 cousequantur.
607 642 688 706 Quod
712 642 736 696 si
755 642 912 713 inexplebi·
967 646 1052 698 tuma
1071 643 1237 714 paenitentia
1252 650 1422 698 maceretur.

61 729 131 785 liter
140 730 185 784 his
200 729 308 784 hoesere
318 727 496 790 criminibus.
510 729 546 784 ad
556 731 697 801 agendam
712 731 912 803 poenitentiam
1163 728 1225 782 Car.
1238 728 1360 785 XXXVll.
1376 759 1411 769 -
1425 729 1465 783 De
1477 728 1570 783 eodem
1583 745 1621 785 re.

60 816 203 887 prolixius
230 820 346 885 tempus
370 816 526 870 insumant.
556 817 701 888 Quotquot
725 824 820 872 atatem
850 823 913 889 post
1004 819 1058 882 (Ec
1081 816 1319 886 diutissimam.)
1343 816 1371 871 Si
1396 816 1592 888 deprehensus
1611 815 1816 886 fueritaliquis

61 905 209 961 XXanuos
234 904 336 972 aetatis,
367 919 470 958 uxores
494 904 643 972 habentes,
659 906 689 960 in
715 906 769 960 hoc
797 912 912 978 peccato
967 904 1167 960 iraterludere
1191 921 1256 960 cum
1272 905 1379 976 pueris,
1402 910 1431 960 et
1445 906 1551 960 habere
1570 904 1709 960 amicitias
1724 904 1818 960 aetatis

61 992 192 1066 prolapsi
224 1000 301 1061 sunt,
336 993 402 1048 XXV
429 1009 520 1047 annos
551 992 750 1064 paenitentiam
786 1000 912 1065 agentes,
967 993 1099 1062 infirmae,
1115 994 1200 1049 tertio
1215 1000 1442 1061 commoneatur,
1456 1000 1487 1049 ut
1503 1009 1616 1048 memor
1629 993 1665 1046 sit
1679 992 1817 1048 honesta·

62 1082 99 1136 ad
115 1082 252 1136 orationis
264 1081 496 1135 communionem
512 1081 699 1151 recipiantur.
719 1083 751 1137 ln
762 1099 818 1154 qna
830 1084 914 1155 qoin-
967 1083 1003 1136 tis
1022 1087 1108 1154 atque
1124 1082 1236 1136 timoris
1261 1083 1321 1137 Ilei.
1336 1083 1364 1138 Si
1385 1099 1443 1137 uon
1459 1082 1617 1150 cessaverit,
1639 1081 1817 1135 severissime

62 1171 192 1242 quennio
230 1169 432 1240 perdurantes,
464 1174 534 1224 tunc
558 1170 712 1226 oblationis
736 1176 914 1227 sacramenta
967 1170 1149 1240 corripiatur.

59 1258 234 1330 percipiant.
251 1257 332 1322 Quod
348 1258 372 1310 si
388 1263 416 1312 et
439 1273 540 1312 uxores
554 1258 703 1327 habentes,
721 1264 750 1314 et
765 1265 914 1315 transcen·
1004 1258 1067 1311 Cae.
1084 1258 1218 1313 XXlelll.
1232 1258 1352 1311 —Item
1379 1257 1413 1311 de
1431 1258 1621 1312 commixtione
1644 1256 1815 1310 animalium.

61 1347 164 1402 dentes
178 1346 451 1419 quinquagesimum
474 1362 582 1401 annum
607 1348 700 1402 aetatis
726 1347 767 1402 ita
781 1349 914 1419 delique·
1003 1348 1059 1412 (Eu
1071 1346 1254 1400 Poenitmtiote'
1275 1344 1421 1415 ltomuno.)
1448 1345 1477 1400 si
1497 1345 1562 1416 quis
1589 1344 1742 1416 cuiuslibet
1756 1343 1818 1396 ani·

61 1440 138 1502 rent,
160 1435 316 1490 aderitum
339 1435 403 1489 vita
431 1435 645 1490 communionis
672 1436 794 1507 gratiam
813 1453 914 1491 conse·
968 1433 1270 1488 matiscommirtione
1297 1433 1464 1503 peccaverit,
1492 1433 1534 1487 XV
1549 1433 1631 1486 annis
1654 1430 1817 1486 inhumili·

61 1529 202 1596 quantur.
969 1527 1027 1577 tate
1040 1522 1186 1593 subjaceat
1200 1522 1234 1576 ad
1249 1521 1381 1576 Ecclesiae
1393 1521 1524 1593 januam.
1542 1521 1575 1575 tt
1596 1525 1662 1591 post
1679 1521 1733 1574 hoc
1751 1519 1816 1573 aliis

274 1611 338 1666 cir.
358 1611 444 1667 XXXl.
460 1612 546 1666 —De
560 1611 652 1667 eadem
665 1628 705 1669 re.
932 1611 1099 1711 Bquinque
1121 1610 1204 1665 annis
1230 1609 1262 1665 in
1294 1609 1432 1665 orationis
1456 1610 1658 1666 communione
1686 1612 1817 1678 receptus

99 1700 156 1767 (nc
170 1697 269 1766 todem,
296 1697 455 1770 capitelli.)
484 1699 539 1753 Eos
553 1699 603 1770 qni
617 1698 853 1756 irrationabiliter
878 1699 917 1754 vi·
971 1699 1170 1772 poenitentiam
1185 1702 1260 1770 agat,
1286 1703 1315 1754 et
1328 1698 1368 1754 sic
1380 1699 1504 1770 gratiam
1528 1695 1701 1752 sacramenti
1721 1693 1818 1767 perci-

60 1790 179 1854 xernnl,
205 1790 235 1841 et
262 1785 344 1857 lepra
372 1785 472 1858 injusti
485 1787 613 1842 criminis
639 1788 710 1842 alios
739 1789 914 1860 polluerunt,
971 1788 1039 1861 piat.
1068 1786 1457 1859 Interrogenlurantemalli
1485 1788 1520 1842 de
1536 1803 1569 1840 eo
1590 1786 1704 1858 qualem
1730 1782 1818 1838 vitam

59 1874 203 1948 praeeepit
222 1875 459 1946 sanctasynodus
478 1875 614 1930 intereos
631 1892 724 1945 orare,
749 1877 798 1949 qui
813 1877 914 1949 spiritu
970 1878 1001 1932 in
1023 1877 1193 1948 poenitentia
1207 1877 1309 1950 egerit,
1325 1881 1353 1931 et
1367 1877 1408 1930 sic
1426 1876 1638 1931 communionis
1654 1873 1818 1929 misericor·

58 1964 262 2037 periclitantur
276 1962 436 2018 immundo.
927 1990 929 1994 ·
970 1966 1048 2021 diam
1064 1970 1263 2036 consequatur.
1286 1965 1315 2020 Si
1330 1966 1393 2036 quis
1408 1969 1504 2020 autern
1521 1969 1586 2037 post
1601 1962 1705 2035 viginti
1729 1976 1819 2016 annos

101 2053 168 2110 Cae.
184 2052 283 2108 XXXfl.
294 2081 330 2094 -
350 2055 387 2108 fle
399 2054 455 2108 illis
469 2056 519 2123 qni
540 2069 600 2108 cum
613 2054 768 2124 ¹’pecudibus
793 2059 914 2125 peccant.
970 2055 1079 2110 habens
1095 2070 1212 2111 uxorem
1227 2053 1293 2109 huic
1307 2057 1422 2125 peccato
1437 2052 1629 2120 succubuerit,
1650 2051 1714 2107 XXV
1728 2065 1820 2104 annos

101 2141 157 2213 (liu
182 2141 365 2196 Poeuitentiuli
388 2142 498 2212 Theod.)
528 2142 662 2207 Quicum
683 2143 791 2214 pecude
808 2146 915 2214 peccat,
970 2143 1128 2199 humilitati
1169 2143 1322 2214 subjaceat,
1361 2147 1391 2197 et
1419 2142 1547 2214 quinque
1572 2141 1655 2196 annis
1683 2138 1820 2194 orationi·

61 2230 184 2303 quidam
195 2229 328 2300 judicant
343 2246 433 2285 annos
447 2231 477 2298 X,
509 2229 627 2302 qnidam
653 2235 775 2300 septem,
799 2231 916 2303 quidam
970 2232 1033 2300 bus,
1047 2237 1076 2288 et
1090 2232 1130 2288 sic
1142 2231 1343 2287 communicet.

66 2325 140 2387 tres,
161 2318 279 2390 quidam
294 2324 409 2373 centum
424 2318 495 2386 dies,
507 2319 590 2390 juxta
605 2318 773 2391 qualitatem
785 2335 916 2392 personae
971 2322 1035 2376 Cae.
1051 2322 1159 2376 XXXIX.
1171 2350 1205 2362 -
1217 2322 1385 2390 fleepiscopo
1398 2320 1446 2389 qui
1459 2317 1605 2373 secuudum
1618 2320 1747 2371 naturam
1760 2316 1819 2383 for·

60 2407 214 2479 paenitere.
565 2466 571 2476 ,
1289 2408 1499 2473 alectusfnerit.

62 2496 130 2552 Cae.
149 2494 262 2550 XXXlll.
281 2485 393 2549 -fiem
407 2495 441 2549 de
462 2495 671 2565 quadrupedum
692 2497 914 2564 smmicotoribus.
1008 2499 1065 2567 (Ee
1092 2496 1272 2552 Punitertticti
1295 2495 1422 2564 theodo)
1439 2495 1511 2549 ltem
1531 2493 1561 2548 in
1576 2507 1685 2548 canone
1705 2496 1819 2562 aposto·

102 2584 161 2649 (Ec
184 2584 368 2653 Punitetttiuli
395 2582 537 2653 Romane.)
566 2583 595 2638 Si
610 2584 720 2639 inventi
735 2585 843 2642 inerint
866 2585 916 2656 qui
971 2589 1064 2642 lorum
1090 2585 1236 2656 judicatur
1264 2589 1296 2639 ut
1322 2584 1482 2656 episcopus,
1505 2582 1663 2654 presbyter,
1684 2581 1821 2636 diaconus

63 2686 133 2725 cum
153 2669 397 2741 quadrupedibus,
430 2671 475 2725 vel
501 2671 635 2725 masculis
657 2677 754 2727 contra
782 2678 915 2727 naturam
972 2674 1021 2747 qui
1048 2674 1079 2728 in
1100 2673 1296 2741 fornicatione,
1318 2677 1369 2727 aut
1384 2671 1522 2743 perjurio,
1550 2675 1599 2725 aut
1627 2671 1703 2725 furto
1721 2674 1821 2740 captus

64 2762 196 2830 peccant,
211 2758 283 2813 dura
297 2763 325 2812 et
336 2757 464 2813 districta
483 2759 650 2830 poenitentia
673 2762 823 2816 coercendi
838 2767 914 2816 suut.
972 2768 1023 2830 est,
1040 2763 1212 2832 deponatur,
1232 2776 1292 2815 non
1317 2765 1414 2815 tamen
1443 2758 1646 2814 communione
1675 2758 1819 2829 privetur:

65 2849 248 2918 Quapropter
271 2847 399 2917 episcopi
427 2848 471 2903 vel
501 2847 661 2920 presbyteri
691 2866 709 2903 a
738 2851 843 2920 quibus
869 2851 916 2921 ju·
971 2852 1110 2922 quianon
1128 2850 1237 2921 judicat
1258 2850 1332 2904 Dens
1353 2849 1395 2904 bis
1419 2847 1449 2902 in
1465 2847 1600 2920 idipsum.
1615 2846 1644 2903 Si
1664 2846 1728 2918 quis
1746 2861 1821 2917 pon-

64 2934 176 2991 dicium
191 2933 369 3005 poenitentise
384 2933 556 3006 injungitur,
576 2942 716 2992 conentur
741 2938 916 2994 omnimodis
932 2936 952 2991 C
971 2939 1040 2993 tifex
1055 2937 1272 2994 fornicationem
1301 2937 1401 2992 fecerit
1421 2937 1591 2999 naturalem,
1624 2935 1750 3006 synodus
1776 2934 1820 2988 in·

65 3023 123 3078 hoc
138 3023 246 3076 malum
261 3021 396 3077 radicitus
411 3022 587 3079 abscindere.
972 3027 1076 3084 dicavit
1091 3032 1123 3081 ut
1140 3029 1161 3082 X
1182 3041 1273 3080 annos
1302 3026 1453 3096 poeniteat,
1479 3030 1506 3079 et
1528 3024 1627 3079 multis
1648 3023 1779 3095 lacrymis
1794 3030 1823 3078 et

66 3113 133 3167 Cae.
146 3112 254 3167 XXXIV.
265 3139 302 3152 -
318 3112 358 3165 De
369 3112 425 3167 iltis
436 3115 485 3180 qui
497 3114 753 3179 fornicantursicut
763 3114 917 3172 Sodomita.
972 3116 1162 3187 elecmosynis
1181 3115 1294 3170 veniam
1310 3115 1461 3169 abomino
1474 3118 1562 3186 petat.
1587 3113 1738 3185 Presbyter
1762 3128 1821 3166 non

104 3200 158 3272 (Ex
190 3199 379 3255 Poenitentioli
414 3200 523 3265 flend.)
560 3201 614 3267 Qui
646 3202 802 3258 fornicatus
830 3204 919 3260 fuerit
971 3206 1089 3278 prealato
1106 3204 1237 3259 monachi
1252 3207 1317 3258 voto
1332 3220 1397 3258 cum
1413 3203 1509 3274 puella
1529 3201 1574 3257 vei
1590 3202 1740 3257 meretrice
1754 3217 1822 3273 pec·

64 3288 142 3343 sicut
160 3286 326 3355 Sodomita,
355 3286 379 3341 si
406 3304 503 3343 servus
529 3291 664 3352 estetsi
686 3292 917 3364 scopiscastiga-
972 3311 1048 3362 cans,
1072 3311 1162 3348 annos
1200 3300 1266 3360 tres,
1297 3299 1325 3347 et
1348 3292 1379 3346 in
1409 3293 1501 3346 tribus
1523 3291 1750 3371 quadragesimis
1778 3307 1820 3345 se-

64 3377 157 3443 bilur,
173 3377 243 3431 duos
257 3393 358 3446 annos,
385 3377 495 3432 silibet
520 3384 606 3434 estet
633 3381 811 3453 conjugatus,
827 3384 848 3438 X
864 3399 917 3438 an·
972 3383 1105 3450 cundum,
1122 3386 1151 3436 et
1164 3387 1307 3452 quartam,
1322 3385 1350 3436 et
1373 3385 1483 3436 sextam
1507 3381 1619 3446 feriam,
1650 3384 1678 3435 et
1699 3379 1822 3435 sabbato

65 3482 129 3532 nos,
159 3465 183 3519 si
210 3465 348 3536 privatus,
380 3471 491 3537 septem
524 3483 614 3522 annos
653 3471 805 3539 poeniteat:
834 3472 919 3541 pueri
972 3487 1086 3541 semper
1097 3471 1131 3525 de
1145 3470 1218 3524 sicco
1234 3469 1297 3523 cibo
1310 3469 1458 3538 poeniteat.
1471 3468 1498 3524 Si
1509 3484 1574 3522 cum
1585 3467 1688 3522 ancilla
1700 3467 1761 3534 liei,
1773 3472 1823 3523 ant

63 3557 183 3607 centum
206 3552 278 3621 dies,
307 3553 331 3607 si
351 3551 602 3610 inconsuetudiue
627 3563 678 3612 est.
708 3559 919 3630 laicuscouju·
972 3556 1318 3627 masculo,plusaddatnr
1325 3556 1468 3626 jejunium
1485 3556 1513 3612 id
1524 3560 1576 3622 est,
1594 3561 1703 3626 septem
1719 3571 1822 3624 annos,

65 3646 162 3712 gatus,
177 3642 200 3697 si
215 3643 245 3697 in
267 3644 473 3699 consuetudine
485 3644 583 3712 habet,
598 3646 641 3699 XV
666 3661 756 3699 annos
770 3647 916 3716 poeniteat.
972 3648 996 3701 si
1006 3646 1036 3701 in
1051 3645 1256 3700 consuetudine
1287 3648 1339 3699 est.
1355 3644 1493 3699 Similiter
1510 3644 1635 3712 diaconi,
1650 3644 1672 3697 si
1688 3642 1823 3697 monachi

64 3728 94 3785 Si
109 3745 145 3784 ex
160 3730 310 3785 ordinibus
339 3736 392 3798 est,
420 3738 448 3787 et
477 3732 729 3788 inconsuetudiue
756 3734 852 3802 habet,
872 3735 919 3790 de·
973 3738 1122 3801 nonsuut,
1150 3733 1221 3789 dnos
1244 3747 1345 3799 annos,
1374 3732 1447 3786 sicut
1470 3738 1499 3786 et
1522 3731 1656 3786 monachi
1683 3731 1734 3802 qui
1762 3731 1823 3786 sine

65 3816 215 3887 gradatus,
232 3825 264 3874 ut
279 3820 367 3874 laicus
382 3821 528 3890 poeniteat.
554 3821 608 3889 Qui
623 3828 719 3878 autem
740 3839 806 3878 cum
832 3823 919 3878 fratrs
972 3823 1063 3895 gradu
1076 3826 1153 3877 sunt.
1167 3821 1196 3877 Si
1213 3821 1325 3876 diaconi
1341 3819 1472 3874 monachi
1488 3824 1563 3889 sunl,
1591 3826 1701 3891 septem
1721 3834 1820 3873 anuos.

66 3904 194 3959 naturali
219 3905 375 3961 fornicatus
402 3907 500 3974 fuerit,
527 3924 579 3978 per
607 3913 666 3962 tatu
682 3909 825 3964 sordidam
839 3925 918 3962 com·
972 3910 1182 3968 Monaohicum
1211 3910 1302 3981 gradu
1317 3914 1428 3981 septem
1451 3925 1540 3963 annos
1569 3908 1733 3979 poeuitcant.
1750 3907 1823 3961 item

66 3993 251 4061 mixtionem,
278 3996 314 4050 ab
346 3997 526 4050 omnicarue
560 4014 589 4052 se
624 3997 845 4065 abstineatis!
871 3997 919 4051 XV
973 3999 1158 4072 cpiscopnssi
1172 3999 1235 4054 sine
1249 4003 1315 4053 voto
1332 3997 1543 4053 monachicum
1563 3997 1658 4068 puella
1673 3996 1718 4051 vel
1732 4011 1824 4050 mere-

67 4097 158 4136 annos
182 4082 329 4153 poeniteat,
346 4083 369 4137 si
389 4084 507 4138 clericus
522 4089 574 4152 est,
590 4086 714 4156 amplius
739 4085 916 4156 pellidebet.
971 4091 1042 4146 trice
1072 4087 1240 4161 peccaverit,
1269 4089 1290 4143 X
1320 4101 1411 4141 annos
1439 4085 1585 4157 poeniteal.
1604 4084 1728 4139 Clericus
1757 4099 1823 4139 cum

65 4187 132 4244 cap,
148 4188 244 4243 xxxv,
260 4216 297 4229 ..
311 4191 350 4243 ορ
364 4190 468 4244 clericis
484 4191 526 4244 031
540 4191 689 4256 monachis,
706 4194 731 4246 ῃ·
744 4193 915 4258 summm.
932 4208 954 4262 D
973 4179 1023 4234 tali
1053 4178 1150 4248 puella
1175 4176 1236 4231 sine
1265 4178 1333 4231 voto
1349 4174 1482 4229 monachi
1504 4174 1527 4227 si
1549 4173 1705 4227 fornicatus
1725 4170 1822 4239 fuerit,

326 4262 463 4315 seniorum
476 4263 658 4315 insectatores·
974 4281 1063 4322 nuum
1079 4280 1186 4320 annum
1202 4263 1349 4335 poeniteat,
1374 4263 1398 4317 si
1417 4263 1593 4334 frequenter,
1621 4261 1693 4316 duos
1714 4275 1823 4327 aun0s;

100 4349 158 4416 (Eu
170 4347 253 4402 dictis
276 4347 397 4418 basilii.)
425 4348 548 4403 Clericus
567 4351 609 4403 vet
637 4350 794 4404 monachus
822 4351 916 4406 adole·
973 4371 1036 4410 cum
1055 4355 1191 4408 canonica
1213 4353 1285 4408 duos
1299 4367 1398 4420 annos,
1415 4352 1438 4404 si
1453 4351 1627 4421 frequenter,
1649 4352 1706 4402 tres
1721 4363 1821 4402 annos.

64 4437 208 4492 acontium
221 4436 265 4490 vel
279 4438 467 4509 parvulorum
490 4437 657 4506 insectator,
682 4440 725 4492 vel
746 4439 796 4511 qui
808 4441 915 4507 osculo,
973 4445 1004 4500 Si
1018 4443 1152 4515 gennerit
1166 4457 1200 4496 cx
1225 4457 1258 4495 ea
1274 4441 1377 4506 fllium,
1393 4445 1519 4512 quatuor
1544 4454 1646 4504 annos,
1661 4436 1710 4491 alii
1725 4436 1824 4491 dicunt

63 4525 108 4579 vel
125 4524 223 4595 aliqua
234 4525 382 4581 occasione
393 4525 471 4596 turpi
483 4526 677 4596 deprehensns
691 4526 788 4594 fuerit,
805 4528 918 4599 publice
973 4539 1094 4604 septem.
1112 4530 1279 4586 Theodorus
1305 4528 1389 4584 dixit:
1425 4526 1577 4583 Monachus
1605 4525 1824 4581 fornicationem

63 4613 243 4682 verberetur,
258 4618 288 4668 at
311 4628 446 4669 coronam
463 4616 585 4681 amittat,
616 4615 835 4687 decalvatusque
861 4620 920 4671 tur·
973 4620 1091 4685 faciens,
1122 4622 1231 4689 septem
1258 4631 1349 4670 annos
1373 4614 1521 4686 poeniteal.
1551 4614 1623 4667 lteru
1646 4612 1721 4667 Beda
1736 4612 1822 4666 dixit:

64 4701 153 4773 piter,
178 4703 368 4778 sputamentis
392 4703 551 4758 obliniatur
580 4703 610 4758 in
639 4704 721 4772 facie,
739 4705 918 4777 vinculisque
973 4708 1127 4764 Monachus
1152 4703 1372 4761 fornicationem
1387 4717 1521 4773 quaerens
1535 4705 1564 4754 el
1585 4716 1643 4755 non
1663 4699 1823 4768 inveniens,

64 4793 176 4844 artatrts
213 4790 325 4860 ferreis,
362 4791 498 4846 carcerali
535 4808 583 4846 sex
612 4793 758 4847 mensibus
786 4794 920 4866 angustia
974 4812 1083 4851 anulini
1106 4793 1258 4848 dimidium
1272 4791 1418 4862 poenileat.
1432 4790 1504 4844 ltem
1519 4788 1666 4843 Romanus
1679 4786 1823 4858 poeniten-

65 4883 239 4946 maceretur,
260 4864 288 4934 at
316 4879 412 4935 triduo
437 4896 488 4952 per
515 4880 707 4937 hebdomadas
730 4881 858 4954 singulas
885 4898 921 4937 ex
974 4883 1090 4938 tionalis
1114 4881 1198 4935 dicit:
1228 4879 1381 4934 nonachus
1394 4877 1610 4932 fornicationem
1626 4875 1733 4930 faciens
1757 4890 1822 4929 cum

66 4983 143 5039 pane
170 4968 327 5024 hordeaceo
351 4969 386 5024 sd
408 4983 556 5041 vesperam
583 4970 737 5025 reficiatur.
771 4973 838 5026 Post
859 4972 921 5026 haec
976 4971 1123 5026 meretrice
1147 4970 1190 5023 vel
1223 4968 1329 5038 puella,
1358 4972 1425 5033 tres,
1459 4966 1483 5020 si
1511 4980 1576 5019 cum
1600 4962 1812 5018 sanctimoniali

66 5055 131 5111 aliis
159 5073 209 5110 sex
228 5057 376 5113 mensibus
404 5058 457 5113 sub
481 5057 603 5113 senioris
630 5059 766 5130 spiritalis
791 5061 922 5115 custodia
975 5064 1085 5131 septem
1101 5073 1191 5112 annos
1206 5056 1355 5128 poeniteat.
1378 5057 1449 5110 ltem
1466 5053 1554 5108 laicus
1572 5053 1700 5123 privatus
1725 5068 1824 5107 macu-

66 5148 218 5214 segregala
248 5143 278 5200 in
305 5144 444 5200 curticula
471 5145 586 5217 degens,
619 5147 700 5217 operi
729 5163 869 5203 maranum
892 5152 922 5203 et
976 5149 1038 5202 lans
1063 5162 1182 5201 uxorem
1199 5144 1322 5218 proximi
1352 5144 1407 5211 sui,
1423 5147 1454 5197 ut
1475 5140 1660 5196 adulteritum
1675 5141 1822 5211 poeniteat.

66 5229 193 5287 orationi
211 5232 249 5286 sit
262 5232 401 5303 intentus,
416 5233 521 5305 vigiliis
536 5239 564 5289 et
586 5234 701 5289 fletibus
721 5236 874 5307 subjectus,
894 5242 922 5291 et
976 5236 1003 5292 st
1020 5252 1084 5291 com
1101 5234 1213 5306 virgine
1233 5232 1401 5305 peccaverit,
1429 5235 1549 5301 uterque
1563 5229 1701 5300 poeuiteat
1714 5245 1822 5284 annum

67 5318 122 5374 sub
136 5320 266 5376 custodia
280 5322 523 5392 semperdnornm
537 5322 657 5377 fratrum
671 5324 844 5394 spiritalium
859 5341 921 5379 arn·
977 5339 1077 5378 unum.
1093 5323 1123 5378 Si
1138 5338 1202 5376 cum
1213 5320 1316 5376 ancilia
1330 5319 1392 5387 Dei,
1412 5323 1536 5390 quatuor
1550 5333 1652 5386 annos,
1671 5317 1696 5372 si
1712 5333 1823 5388 ganne·

66 5404 159 5473 hulst,
175 5408 255 5462 nulla
268 5409 377 5480 privata
400 5408 556 5478 locutione,
583 5411 627 5466 vel
654 5411 773 5466 canutio
787 5411 923 5483 deinceps
976 5414 1014 5469 rit
1028 5429 1061 5467 ex
1084 5427 1128 5480 ea,
1145 5415 1255 5483 septem
1280 5424 1371 5464 anuos
1385 5407 1532 5480 paeniteat.
1554 5407 1624 5462 Item
1640 5407 1664 5462 si
1679 5407 1743 5479 quis
1756 5422 1822 5477 pec·

64 5493 222 5564 iuvenibus
235 5497 463 5571 conjungendos.
977 5499 1083 5555 caverit
1111 5498 1184 5554 sicot
1212 5497 1378 5564 Sodomita,
1413 5496 1534 5569 quidam
1558 5497 1581 5552 X
1608 5512 1697 5552 annos
1724 5496 1825 5552 dicunt
