3878 6112
486 277 724 341 DECRETORU!
743 283 837 341 ulum
855 285 912 343 XX.
927 314 962 327 -
982 285 1087 342 clasii
1103 284 1263 343 TERTIUS.
1696 291 1749 347 aas

78 403 135 476 ipis
171 402 386 459 ordinationum
420 402 512 458 initiis
554 404 692 461 hactenus
722 410 884 463 relustasil
903 409 968 465 Cir.
996 409 1115 465 CXXVll.
1144 437 1179 451 -
1207 410 1278 464 Item
1296 409 1329 464 dc
1356 410 1594 466 masuetudiuidur
1623 412 1747 467 molesio-

78 534 81 546 .
106 492 236 547 servavit.
264 492 297 546 Et
327 508 379 545 iios
407 491 524 563 quidem
549 492 630 563 juxta
657 495 761 548 seriem
776 496 846 549 rela-
1184 484 1261 536 ⁸⁸5⁶ss
1281 481 1465 536 Observandss·

78 599 81 633 i
122 585 228 636 nostrae
279 581 517 634 consuetudinem
569 581 730 650 laudamus,
780 599 845 654 qum
937 570 998 639 (Eu
1011 569 1093 624 dictis
1110 569 1750 640 tasiliacum,27.)l2cclesiasiiearnmiustitu-

77 685 91 723 a
127 674 227 723 contra
268 668 355 722 fidem
386 668 555 723 catholicam
592 669 666 724 nihii
707 686 846 742 usurpare
902 658 1400 729 tionumconsiietudiuesquasdam
1420 659 1584 729 scripturis,
1609 658 1749 728 quasdam

79 757 164 811 citur.
901 764 967 802 vero
978 747 1130 819 apostolica
1141 747 1296 801 traditione
1312 763 1365 818 per
1391 747 1581 800 successiones
1597 747 1627 800 iii
1642 752 1747 816 myste-

89 847 184 901 cxyv,
206 874 242 887 -
271 847 304 900 Ur
324 845 504 899 ecclesiastica
525 849 630 900 ,aarum
659 846 693 899 ap
716 849 845 916 apostoli,
901 836 944 890 rio
971 836 1153 890 oonlirmatas
1178 835 1349 906 accepimus.
1381 835 1486 904 quibus
1516 850 1568 905 par
1595 836 1696 900 virtus,
1720 839 1750 889 et

77 918 179 985 aliquis
201 917 345 985 magistris
373 917 498 971 Ecclcuae
524 917 629 972 tradita
656 921 763 986 autema
788 934 846 973 scr·
900 922 979 978 idem
1012 923 1141 995 utrisque
1170 923 1282 995 pietatis
1309 922 1426 978 allectus
1462 923 1534 994 quin
1561 923 1608 985 sil,
1642 927 1748 994 quotus

81 993 127 1041 Μ
901 1012 1023 1084 quisque
1051 1012 1094 1066 vel
1127 1012 1339 1082 aliquantulum
1366 1027 1510 1066 sacrarum
1530 1017 1665 1081 expertus
1685 1012 1746 1066 Sci·

76 1057 171 1155 ”decri
186 1059 440 1127 Inmmipapae’
456 1073 515 1127 αφ’
539 1058 578 1128 ¹¹)
594 1058 777 1157 &menum
791 1060 844 1114 De*
900 1106 1049 1171 pturarum
1068 1099 1262 1154 haesitaverit?
1285 1099 1314 1154 Si
1329 1101 1406 1154 enim
1425 1099 1659 1153 attentaverimus
1684 1115 1748 1154 rou·

76 1162 99 1213 ”
118 1161 252 1215 ep¹⁸⁰⁰p⁰
281 1144 414 1215 Eg⁰bm⁰’
429 1145 560 1200 salutm
578 1146 606 1201 5¹
620 1149 846 1202 msmumcclffi
899 1190 1067 1244 suetudiucs
1093 1188 1235 1254 Ecclesioe,
1253 1204 1312 1241 uon
1326 1204 1378 1259 per
1401 1189 1562 1258 Scripturas
1585 1204 1603 1241 a
1617 1188 1748 1242 Patribus

75 1248 115 1298 ω’
133 1239 276 1286 'nsum
294 1234 384 1331 ¹³⁰?sp
412 1235 547 1304 ap⁰⁵t⁰li³
581 1235 843 1336 tr⁸dit⁸’.i¹¹¹⁰.gr⁸¹
899 1277 1018 1333 traditas
1030 1276 1113 1332 nihili
1126 1277 1279 1342 aestimare,
1292 1283 1432 1348 quantum
1454 1277 1554 1347 religio
1583 1276 1748 1331 detrimenti

75 1326 100 1376 it
113 1337 226 1375 servare
252 1323 368 1375 Domini
397 1322 567 1391 sacerdotes,
586 1322 665 1377 nulla
684 1324 843 1392 diversitas,

86 1410 209 1464 varietas
225 1410 255 1463 iu
272 1409 343 1481 ipsis
366 1409 516 1465 ordinibus
533 1416 561 1466 et
582 1413 845 1468 consecrationibus

75 1504 158 1553 retur.
179 1498 235 1554 Sed
252 1498 320 1553 dum
332 1500 530 1571 uuusquisque
546 1516 605 1555 nou
620 1501 697 1572 quod
707 1502 844 1558 traditum

78 1586 113 1641 ed
127 1589 205 1658 quod
224 1587 279 1642 sibi
302 1588 392 1641 visum
417 1588 514 1654 luerit,
538 1588 593 1643 linc
618 1590 763 1645 existimat
784 1607 844 1645 essc

74 1674 161 1738 idum,
177 1675 243 1729 iude
258 1675 369 1729 diversa
382 1676 413 1729 iu
428 1677 548 1731 diversis
565 1677 633 1731 locis
652 1679 695 1732 rel
706 1679 840 1746 ecclesiis,
861 1692 880 1745 Β

74 1763 159 1829 anari,
190 1768 239 1817 aut
266 1763 404 1818 celebrari
429 1765 582 1820 videntur:
612 1782 645 1820 ac
671 1765 704 1820 lit
731 1768 845 1822 scauda-

73 1849 183 1921 populis
198 1850 259 1922 qui,
276 1851 345 1905 dum
360 1852 492 1906 nesciunt
516 1852 687 1907 traditiones
713 1856 845 1926 antiquas

73 1955 121 1993 ina
143 1940 367 2010 presumptione
394 1945 551 2010 correptas,
578 1946 682 2012 putant
709 1943 764 1999 sibi
792 1949 842 1999 aut

73 2027 128 2082 sias
143 2028 374 2095 uouconveuire,
396 2033 446 2083 aut
465 2029 499 2083 ab
521 2031 714 2100 apostolisrel
728 2038 844 2102 aposto·

73 2114 98 2170 is
125 2114 193 2169 viris
219 2117 454 2171 contrarietatem
481 2117 640 2173 inductam.
670 2120 739 2185 Quis
767 2122 844 2178 enim

73 2208 161 2259 eleut
180 2221 238 2259 nou
253 2205 383 2259 advertat
397 2205 424 2260 id
454 2207 530 2277 quod
547 2224 563 2261 a
580 2207 709 2279 principe
730 2215 844 2280 aposto·

72 2307 89 2346 u
119 2293 202 2347 Petro
234 2292 372 2347 Romanae
407 2294 539 2349 Ecclesiae
567 2297 704 2351 traditum
733 2304 785 2362 est,
813 2314 845 2353 ac

79 2395 170 2451 usque
195 2381 364 2447 custoditur,
381 2380 416 2435 ali
439 2382 572 2437 omuibus
597 2383 701 2439 debere
724 2387 842 2450 serrari,

72 2467 209 2538 operduoi
223 2475 273 2522 aut
288 2468 430 2523 introduci
445 2470 565 2541 aliquid,
588 2472 666 2543 quod
682 2479 731 2528 ant
745 2481 843 2528 aucto·

71 2569 105 2609 riu
135 2570 193 2609 nou
213 2555 326 2618 lrabeat,
344 2562 394 2610 aut
419 2557 535 2612 aliunde
561 2560 689 2631 accipere
713 2563 844 2616 videatur

71 2641 167 2713 iplom,
180 2645 338 2714 presertim
349 2660 413 2699 cum
430 2646 467 2700 sit
480 2647 665 2704 manifestum
680 2649 711 2704 iu
726 2666 842 2704 omnem

74 2747 111 2799 ni,
135 2732 248 2799 Gallias,
281 2734 441 2803 Hispanias,
466 2735 590 2789 Africam
612 2741 698 2807 atque
717 2738 842 2793 Siciliam

73 2835 159 2891 esque
185 2821 398 2892 interjacentes,
428 2823 540 2878 nullum
566 2824 724 2881 instituisse
752 2828 843 2882 Eccle-

74 2908 128 2962 uisi
147 2925 196 2962 eos
221 2925 294 2980 quos
311 2910 478 2965 venerabilis
503 2912 649 2981 apostolus
665 2916 777 2982 Petrus,
791 2920 841 2970 aut

82 3012 257 3051 successores
280 2998 492 3054 constituerunt
514 3001 701 3058 secerdotes?
723 3007 780 3059 Aut
800 3005 840 3058 le-

94 3084 119 3139 si
144 3086 175 3139 in
189 3085 234 3139 his
255 3086 409 3157 provinciis
424 3088 497 3142 alius
521 3092 718 3161 apostolorum
734 3092 841 3148 iuveni·

74 3177 106 3227 ut
133 3174 241 3244 legitur
263 3175 403 3231 docuisse.
429 3176 483 3241 Qui
508 3178 531 3231 si
565 3195 624 3232 non
648 3180 757 3251 legunt,
774 3183 842 3253 quia

69 3276 134 3315 uim
161 3261 320 3329 inueniunt,
357 3269 470 3335 oportet
496 3280 544 3319 eos
569 3264 624 3319 hoc
648 3269 730 3338 sequi
763 3270 841 3340 quod

69 3349 114 3404 aia
146 3332 289 3405 Roman?
315 3350 441 3406 custodit
466 3367 481 3405 a
505 3368 562 3422 qua
589 3369 638 3408 eos
665 3355 840 3427 principium

69 3436 132 3492 iisse
143 3455 202 3492 non
216 3439 338 3494 dubium
351 3444 402 3507 cst,
427 3455 474 3505 ne,
491 3440 560 3496 dum
574 3444 736 3514 peregrinis
749 3461 841 3500 asscr-

901 1367 992 1420 latura
1002 1365 1039 1419 sit
1054 1364 1277 1435 despicientibus
1291 1364 1401 1435 liquido
1416 1365 1567 1419 constabit.
1579 1366 1646 1429 Quae
1657 1365 1746 1433 enim,

900 1454 1013 1509 atinde
1028 1452 1188 1518 ordiamur,
1201 1452 1348 1524 Scriptura
1360 1453 1512 1506 salutiferae
1537 1453 1630 1507 crucis
1652 1453 1749 1523 sigoa-

899 1542 963 1596 culo
986 1541 1085 1597 lidel‘es
1107 1540 1204 1595 docuit
1230 1540 1470 1610 insiguirilssuae
1499 1539 1688 1595 multifariam
1703 1541 1747 1595 di·

900 1637 980 1700 gesta
999 1645 1202 1700 superponam
1231 1634 1260 1683 et
1284 1630 1399 1682 calicem
1420 1629 1539 1698 prolixae
1565 1628 1704 1683 orationis
1720 1632 1748 1682 et

899 1718 1122 1773 consecrationis
1146 1717 1233 1771 verba
1247 1716 1474 1771 commendarit?
1498 1717 1569 1770 Nam
1584 1731 1643 1770 uon
1662 1716 1747 1771 modo

899 1808 974 1879 quod
991 1807 1019 1862 in
1035 1806 1189 1876 Evangelio
1201 1806 1374 1873 continetur,
1392 1806 1436 1859 rel
1461 1805 1592 1875 apostolo
1606 1803 1636 1857 iii
1655 1818 1747 1858 secre-

899 1897 934 1950 tis
949 1894 1081 1961 dicimus,
1093 1895 1142 1949 sed
1161 1899 1189 1948 et
1204 1895 1260 1949 alia
1273 1910 1325 1964 per
1341 1895 1424 1964 plura
1437 1892 1596 1964 adjicimus,
1610 1906 1747 1973 pinguem

899 1984 980 2056 quasi
995 1984 1052 2038 vim
1070 1982 1303 2038 consummandis
1323 1982 1568 2037 accommodantia
1592 1979 1746 2052 mysteriis.

897 2072 966 2137 Quae
992 2072 1139 2128 Orientem
1168 2087 1265 2125 versus
1293 2087 1345 2125 nos
1373 2087 1454 2125 orare
1471 2071 1631 2125 litterarum
1655 2068 1748 2123 lorma

899 2159 1076 2231 praestituit?
1099 2158 1299 2216 benedicimus
1311 2159 1419 2214 iontem
1435 2157 1625 2230 baptismatis,
1650 2157 1747 2211 oleum

898 2248 1052 2303 unctionis.
1077 2249 1137 2303 lluc
1167 2248 1275 2303 accedit
1299 2248 1376 2318 quod
1391 2253 1434 2301 ter
1460 2246 1660 2315 immergimus
1674 2260 1749 2315 quos

899 2335 1087 2406 baptizamus,
1110 2335 1173 2388 oleo
1189 2333 1334 2404 ungimus,
1351 2333 1444 2388 uerbis
1469 2331 1671 2387 abrenuntiare
1694 2331 1747 2386 Sa·

898 2429 972 2479 tane
987 2430 1016 2479 et
1042 2424 1153 2495 angelis
1166 2425 1228 2494 ejus
1248 2423 1446 2477 informamus.
1465 2421 1543 2477 Unde
1567 2420 1628 2474 hacc
1643 2424 1671 2473 ct
1691 2420 1748 2474 alia

898 2511 927 2565 iu
943 2512 1020 2567 hunc
1039 2513 1158 2567 iiiodum
1179 2528 1237 2566 non
1258 2527 1357 2583 pauca.
1382 2510 1438 2564 nisi
1453 2509 1520 2582 quia
1536 2509 1620 2562 tacita
1634 2523 1666 2561 ac
1681 2523 1745 2579 my·

897 2601 966 2654 stica
987 2600 1175 2655 traditiones
1197 2599 1328 2654 Patribus
1356 2599 1545 2653 ecclesiastico
1562 2613 1642 2650 mare
1664 2611 1747 2649 reve·

898 2688 1017 2742 renliori
1031 2688 1180 2758 diligentia
1193 2695 1260 2742 sunt
1275 2688 1305 2741 iu
1325 2687 1469 2757 mysteriis
1494 2687 1643 2740 observata
1658 2684 1746 2739 silen-

897 2777 948 2843 tio,
964 2792 1051 2848 quam
1067 2777 1210 2847 publicata
1225 2776 1340 2843 scripto.

896 2881 962 2938 Cae.
990 2883 1123 2938 CXXVlll.
1149 2904 1186 2925 *-
1216 2883 1288 2948 Quid
1316 2883 1450 2949 aonidum
1482 2885 1519 2937 sit
1546 2885 1575 2935 iii
1601 2885 1690 2936 causis
1714 2881 1748 2936 dc

857 2965 878 3021 c
950 2954 1047 3023 picibus
1061 2961 1134 3008 ocrtc
1148 2953 1337 3008 lacunaribus
1352 2955 1527 3008 tripertiuntur
1538 2954 1655 3023 judicic.

932 3045 987 3110 (Ec
1002 3042 1256 3098 decr.1unuoccntii
1280 3057 1368 3111 pcpae,
1391 3057 1451 3110 cup.
1470 3044 1524 3108 ta.)
1540 3042 1579 3095 lle
1605 3040 1696 3096 causis
1711 3041 1746 3096 de

897 3131 1003 3201 quibus
1017 3132 1096 3186 nulla
1108 3131 1247 3197 solvendi,
1264 3131 1430 3201 ligandique
1444 3130 1597 3184 auctoritas
1611 3129 1641 3183 iu
1666 3129 1746 3185 libris

897 3219 1005 3274 Veteris
1035 3219 1220 3284 Testamenti,
1253 3221 1378 3290 quatuor
1414 3219 1644 3289 Evangeliurum,
1680 3233 1745 3271 cuin

897 3308 1009 3379 scriptis
1025 3308 1092 3363 totis
1114 3308 1312 3379 apostolorum
1340 3323 1397 3361 uon
1413 3312 1559 3378 appareat,
1587 3307 1623 3360 ad
1650 3306 1747 3361 divina

896 3397 1035 3452 recurrito
1050 3396 1155 3468 scripta
1170 3398 1276 3452 Graece.
1293 3397 1323 3451 Si
1347 3412 1401 3451 uec
1418 3396 1447 3450 in
1463 3396 1530 3462 illis,
1546 3396 1582 3450 ad
1599 3394 1746 3449 catholicae

897 3484 1172 3539 maiestatemne
1188 3485 1351 3550 catholicas,
1381 3503 1396 3538 a
1412 3485 1575 3539 doctoribus
1598 3481 1746 3538 catholicis

896 3573 1015 3641 scriptas
1030 3586 1148 3625 manum
1175 3571 1266 3627 mitte.
1282 3572 1311 3626 Si
1327 3572 1423 3626 necin
1440 3572 1506 3637 illis,
1536 3587 1746 3641 canouesapc-

896 3659 1003 3714 stolicoe
1031 3658 1106 3714 sedis
1140 3659 1263 3713 intuere.
1297 3659 1326 3715 Si
1354 3676 1407 3713 nco
1434 3660 1463 3712 in
1500 3659 1554 3719 liis.
1581 3664 1745 3713 sauctorum

895 3747 1027 3818 exempla
1052 3747 1254 3819 perspicaciter
1289 3748 1449 3802 recordare.
1480 3747 1560 3811 Quod
1590 3746 1614 3800 si
1649 3746 1679 3800 in
1701 3746 1745 3800 his

896 3835 1030 3890 omnibus
1059 3835 1194 3906 inspectis
1222 3834 1308 3905 liujus
1342 3835 1508 3906 questionis
1536 3835 1659 3906 qualitas
1685 3850 1745 3889 non

895 3923 989 3980 lucide
1001 3923 1201 3995 investigatur,
1222 3923 1349 3978 seniores
1364 3923 1517 3994 provinciae
1545 3939 1700 3994 congrega,
1716 3928 1745 3978 et

67 4054 101 4109 ‚ef
181 4056 200 4110 t.
335 4059 340 4069 .
607 4061 612 4071 .
778 4063 783 4074 ,
896 4027 944 4067 eos
964 4011 1119 4084 interroga.
1146 4012 1267 4066 Facilius
1293 4028 1417 4082 namque
1447 4011 1601 4078 invenitur,
1635 4011 1744 4083 quoda

99 4071 301 4123 ⁰m¹³¹⁰⁰⁰m¹
319 4074 343 4111 ³¹
367 4074 554 4129 prae⁰⁰⁵⁸⁰r⁰⁵
572 4066 625 4129 ω’
653 4064 730 4133 q⁰⁰d
747 4079 841 4119 mmm
895 4099 1027 4172 pluribus
1051 4101 1240 4156 sentientibus
1268 4101 1417 4172 quaeritur.
1434 4102 1521 4154 Verus
1549 4100 1628 4156 enim
1645 4115 1744 4170 repro·

69 4142 277 4284 21’⁸⁰t,⁸¹¹‚¹er
300 4150 448 4201 “mmmm
471 4152 539 4201 ³³t¹³
564 4152 674 4204 certum
705 4151 840 4250 hffhf'mm
896 4190 999 4244 missor
1015 4189 1151 4244 [lominus
1166 4190 1219 4246 ait:
1240 4188 1270 4245 Si
1284 4191 1340 4244 duo
1354 4205 1387 4243 ex
1409 4190 1497 4258 robis,
1512 4191 1556 4243 vel
1573 4196 1629 4243 tres
1640 4204 1743 4243 coure-

91 4245 108 4283 e
147 4230 291 4302 aliquibus
318 4234 508 4289 consulendos
542 4251 594 4290 nos
630 4252 690 4291 esse
710 4233 876 4294 dixissesli
919 4280 923 4289 -

66 4333 97 4371 us
125 4317 230 4373 idcirco
262 4321 472 4391 respondemus
503 4339 560 4378 nou
585 4325 662 4396 quod
684 4330 713 4381 te
743 4326 840 4399 aliqua
896 4282 979 4333 mant
1003 4294 1090 4349 super
1117 4283 1223 4376 ΜΨ
1243 4277 1273 4332 in
1303 4279 1418 4378 ”wine
1446 4294 1520 4344 Μεθ’
1547 4278 1582 4332 de
1614 4276 1694 4332 mni
1712 4292 1744 4331 m

66 4420 122 4461 m
143 4407 304 4477 credamus,
321 4409 370 4464 sed
395 4415 425 4464 ut
453 4411 562 4482 majore
590 4415 768 4482 auctoritate,
796 4417 839 4471 vel
895 4381 1098 4438 quamcunque
1109 4370 1254 4437 petierint,
1268 4367 1507 4421 lictillisaPatrc
1519 4383 1592 4420 meo.

65 4492 209 4565 instituas,
230 4497 275 4551 vel
294 4497 318 4550 si
343 4498 392 4569 qui
419 4500 587 4555 allemanie
610 4502 739 4557 Ecclesiae
754 4503 841 4558 iusti·
930 4473 995 4529 ω·
1012 4473 1118 4528 cmx·
1134 4502 1166 4513 “
1185 4474 1329 4529 mmm
1347 4489 1406 4542 ‘1¹⁴ae
1424 4475 1478 4528 ⁰²⁰
1497 4470 1659 4543 ‘'imm‘’

83 4582 89 4592 -
635 4590 640 4600 .
688 4591 692 4601 .
1149 4551 1304 4599 consecrato
1331 4545 1491 4599 iubeantur.

65 4583 265 4653 arbuserrant,
286 4591 542 4656 autcommoneas,
571 4591 761 4646 autiudicare
783 4607 840 4647 nou
931 4632 987 4703 (Ex
1015 4633 1100 4687 conci,
1137 4633 1271 4688 Aurelian
1302 4647 1353 4701 cap
1392 4634 1430 4700 7)
1465 4630 1568 4687 Omnia
1592 4647 1657 4702 qum
1687 4631 1743 4686 Deo

65 4686 114 4737 ras,
130 4679 163 4727 ut
174 4673 245 4728 scire
265 4676 410 4730 valeamus
438 4677 487 4748 qui
512 4678 579 4744 siut,
600 4679 839 4750 quinutuorita·
1102 4672 1109 4687 ⁹
1357 4672 1363 4684 ’
1413 4674 1419 4687 “

65 4759 182 4815 {ducum
220 4766 270 4817 aut
286 4763 403 4818 alterius
434 4766 494 4820 Em!
515 4767 534 4817 ς,
700 4769 722 4824 R
895 4720 1064 4785 ollcruutur,
1093 4724 1256 4774 consecrata
1281 4719 1432 4786 habentur,
1462 4719 1492 4773 in
1521 4718 1620 4786 vineis,
1650 4718 1742 4786 terris,

64 4848 67 4857 ,
183 4803 192 4824 ’
325 4853 329 4862 ,
497 4781 563 4821 ⁰⁴⁸³
588 4784 674 4837 quam
726 4785 838 4825 ⁰m⁸⁰ae
894 4809 991 4880 sylvis,
1008 4806 1191 4874 utensilibus,
1204 4807 1392 4875 vestimentis,
1408 4806 1570 4877 pecoribus,
1583 4810 1611 4860 et
1627 4805 1743 4876 reliquis

64 4854 151 4903 imant
162 4853 400 4906 consuetudinem
411 4869 471 4908 esse
480 4855 659 4910 seruandam.

91 4937 202 4993 (ῃρμιιΙ
229 4967 266 4980 -
293 4941 327 4995 U,
350 4942 552 4997 consuetudines
578 4943 762 5000 ecclesiam
786 4961 838 5015 9²¹⁰
894 4897 1132 4968 possessionibus,
1152 4900 1258 4967 etquie
1273 4895 1403 4950 Ecclesiis
1427 4896 1488 4950 siue
1510 4894 1598 4950 dubio
1620 4893 1742 4960 Christo,

279 5012 336 5077 repe
349 5015 405 5066 sym
422 5013 548 5067 mm
894 4985 944 5055 qui
959 5000 1081 5056 sponsus
1091 4999 1190 5038 earum
1207 4990 1259 5052 est,
1270 4984 1439 5039 olleruntur.

63 5081 203 5145 agustinus
226 5080 295 5135 dicit
312 5082 350 5136 cd
377 5084 542 5139 Cosulcuum
564 5085 777 5154 presbyterum.)
801 5087 834 5141 ln
1099 5089 1164 5144 Car.
1181 5089 1324 5145 CXXX·
1336 5093 1373 5145 lla
1388 5089 1482 5144 ecdem
1495 5103 1533 5143 ra.

63 5165 132 5220 inim
148 5165 234 5222 rebus
261 5168 296 5223 do
327 5169 430 5240 quibus
454 5170 527 5225 nihil
553 5173 624 5226 certi
648 5175 747 5228 statuit
761 5174 838 5230 Scri·
930 5177 1101 5249 (Eaccncrl.
1118 5179 1290 5245 Rationum,
1303 5194 1364 5248 cup.
1377 5177 1416 5248 3.)
1430 5176 1536 5232 Omnes
1549 5174 1668 5230 decimis
1683 5179 1741 5228 ter·

68 3526 118 3580 bus
145 3527 279 3582 studeant
317 3533 404 3598 eaput
438 3528 654 3585 institutionum
692 3532 842 3588 videantur

68 3628 131 3669 iere.
150 3614 230 3685 Saepe
245 3615 428 3670 dilectionem
445 3621 524 3670 tuam
540 3618 575 3673 ad
593 3618 695 3673 urbem
719 3620 840 3690 uenisse,

68 3701 190 3756 ibiscum
207 3703 236 3756 in
255 3703 373 3758 ecclesia
399 3705 566 3760 convenisse
580 3722 638 3761 non
663 3708 784 3763 dubium
800 3715 843 3764 est

68 3804 130 3844 uem
140 3806 261 3855 morem,
286 3792 331 3845 vel
356 3791 386 3845 iii
400 3794 601 3849 consecrandis
629 3797 783 3866 mysteriis,
798 3800 842 3853 rel

67 3878 154 3933 eteris
177 3879 294 3948 agendis
310 3881 420 3935 arcanis
439 3884 536 3937 teneat
564 3885 739 3954 cognovisse.
761 3886 841 3951 Quod

67 3980 120 4021 iero
133 3967 288 4023 arbitrarer
308 3969 344 4023 ad
371 3969 603 4026 informationem
619 3973 751 4029 ucciasioe
771 3977 839 4041 tuae,

63 5253 193 5322 idivine,
210 5271 270 5311 mos
298 5257 400 5329 populi
416 5260 475 5326 uei,
491 5260 534 5314 rel
549 5261 680 5316 instituta
696 5263 838 5333 maiorum
893 5281 944 5326 rae.
955 5265 1013 5320 sire
1029 5265 1063 5319 de
1078 5266 1219 5336 frugibus,
1235 5266 1293 5320 sire
1308 5265 1343 5320 de
1366 5265 1460 5337 pomis
1474 5264 1610 5319 arborum
1627 5262 1742 5317 Domini

64 5340 129 5414 loge
152 5346 277 5400 tenenda
301 5353 378 5414 suut,
406 5352 435 5401 ct
453 5348 527 5402 sicut
545 5351 778 5420 prevaricatores
796 5351 836 5405 le·
892 5358 970 5415 sunt,
981 5357 1010 5407 et
1023 5352 1066 5407 illi
1080 5353 1303 5409 sanctificantur.
1319 5355 1418 5421 liores,
1445 5358 1474 5407 et
1497 5368 1573 5420 ores,
1594 5358 1623 5406 et
1637 5367 1741 5422 caprae,

87 5430 262 5501 divinarum,
287 5433 327 5489 ita
352 5440 563 5506 contempturos
597 5440 838 5495 consuetudinum
892 5458 958 5512 quie
973 5441 1026 5497 sub
1042 5442 1162 5513 pastoris
1177 5444 1258 5514 virga
1271 5448 1431 5506 transeunt,
1443 5442 1582 5514 quidquid
1597 5441 1741 5496 decimum

62 5518 245 5579 siasticarum
259 5524 408 5580 coercendi
419 5529 495 5583 sunt.
893 5529 1014 5597 venerit,
1041 5530 1263 5586 sanctificabitur
1295 5531 1427 5587 Domino.
1449 5532 1512 5587 Non
1540 5531 1665 5605 eligetur
1689 5545 1744 5591 uec
