3878 6112
71 242 73 246 ’
156 254 201 307 sss
272 235 276 243 ’
804 249 832 301 s.
853 246 996 304 uranici
1016 247 1253 305 rurauarorus
1863 254 1908 303 sss

110 428 113 439 .
152 394 201 436 nos
227 381 300 449 ipsos
327 376 472 446 offmamas
494 375 659 444 pollicentes,
692 372 766 444 qaod
798 375 910 443 propter
945 372 1004 442 eins
1019 374 1042 427 Α
1060 371 1217 429 castitatem
1238 371 1317 428 omni
1344 370 1401 428 rita
1422 386 1473 426 sua
1499 375 1630 444 tempore
1657 376 1687 428 et
1707 372 1912 430 eminentiam

153 481 269 523 amorem
283 465 405 520 omnibus
424 463 518 518 diebus
531 465 586 518 vita
610 467 701 517 nostre
715 461 823 516 celibem
845 463 931 516 uitam
951 460 1002 514 da·
1056 477 1240 534 summopere
1256 460 1410 516 eludebant
1423 475 1600 515 conservare.

153 569 264 611 camus:
290 558 316 608 et
335 554 382 608 boc
417 552 468 607 tibi
489 551 618 622 polliceor
632 552 682 605 sub
701 551 851 604 testimonio
882 550 1001 614 christi,
1091 553 1118 605 2.
1135 551 1257 617 Qualiter
1270 552 1370 620 ceperit
1383 549 1547 606 claudicare.
1564 549 1593 605 Si
1609 550 1666 622 (bd)
1680 551 1745 622 quis
1759 566 1829 606 vero
1843 551 1913 606 scire

153 644 226 714 quod
246 648 271 698 te
291 648 320 698 nt
344 642 543 711 imperatricem
567 640 714 707 gloriosum
742 653 846 706 semper
868 638 1003 692 bmsorabo
1056 637 1207 703 desiderat,
1229 654 1319 710 quare
1345 637 1490 709 gloriosus
1510 636 1563 691 iste
1587 636 1747 708 imperator
1768 638 1912 705 claudica-

153 736 221 787 etut
242 733 384 802 proprium
407 743 503 799 corpus
525 728 631 795 amabo,
652 726 733 792 sedas
761 726 900 795 conjugale
916 729 1003 780 tecum
1055 728 1138 794 verit,
1155 744 1221 783 cum
1236 726 1364 798 primum
1378 730 1438 781 toto
1451 741 1572 797 corpore
1600 742 1687 780 sanus
1715 725 1817 794 luerit,
1840 727 1914 783 hanc

151 818 398 890 firmiterseroabo,
422 821 448 872 et
469 818 530 871 licet
559 830 649 870 amore
677 815 783 868 carnali
806 818 831 867 te
853 829 1002 882 numquam
1056 831 1170 870 causam
1185 831 1246 870 esse
1261 814 1381 869 noverit.
1398 814 1470 870 Cum
1499 817 1627 886 tempore
1641 814 1767 886 quodam
1789 813 1914 870 venisset

153 910 318 976 contingam,
334 906 419 961 nictit
433 911 522 961 tamen
550 908 594 958 tae
622 905 735 957 caritati
749 903 782 957 de
806 902 1001 971 umoreconja·
1055 903 1086 959 in
1107 903 1240 973 Apuliam
1273 918 1325 973 pro
1346 900 1532 972 disponendis
1555 900 1596 957 rei
1625 900 1739 972 publice
1773 901 1911 972 negociis,

153 998 212 1068 gaii
237 996 281 1052 vel
302 998 399 1050 basiare
418 1000 461 1049 tuo
489 994 602 1047 caritati
623 1006 739 1059 congruo
763 993 895 1057 minuam,
916 990 964 1045 sed
979 995 1003 1044 tc
1055 991 1228 1063 persenitin
1256 996 1385 1044 montem
1410 990 1585 1060 Garganum,
1611 989 1641 1044 in
1669 989 1751 1061 cujus
1764 991 1912 1063 crepidine

152 1084 390 1156 prcomnibus,at
401 1082 507 1151 justum
534 1084 583 1147 est,
610 1081 706 1134 amato
729 1079 932 1133 eticomnibus
955 1079 1002 1132 bo·
1056 1081 1109 1136 sits
1124 1077 1358 1135 estcivitasetiu
1383 1077 1472 1133 latine
1501 1077 1607 1133 montis
1635 1077 1667 1132 in
1696 1094 1767 1150 rupa
1788 1095 1912 1134 concava

152 1174 262 1228 sacrabo.
280 1171 460 1227 Cumhecet
482 1168 527 1223 his
542 1167 648 1222 similia
679 1168 756 1221 inter
780 1182 828 1221 eus
857 1166 1003 1237 perdulcia
1057 1167 1262 1224 extatbasilica
1276 1183 1336 1222 non
1352 1165 1566 1221 abdominibus
1586 1166 1734 1234 labricsta,
1749 1183 1846 1238 neque
1861 1184 1912 1239 per

153 1260 276 1315 vicissim
291 1260 466 1314 haberentur
492 1257 644 1329 colloquia,
674 1255 764 1311 iactus
788 1260 830 1309 est
855 1254 930 1326 iguis
953 1272 1002 1310 ex·
1057 1256 1355 1324 homiuemdedicata,
1370 1254 1709 1325 eeduparationedlvina
1736 1256 1784 1310 vel
1810 1256 1910 1312 virtute

153 1348 313 1404 estuansiu
333 1347 468 1402 cordibus
487 1361 588 1401 eorum
607 1345 739 1416 ipsorum
761 1349 862 1398 mutuo
877 1360 907 1399 se
921 1344 1004 1398 vehe—
1057 1346 1229 1401 mirabiliter
1251 1334 1389 1410 extructa,
1405 1342 1502 1398 divina
1530 1343 1617 1397 etiam
1640 1343 1844 1398 benedictione
1865 1361 1908 1399 ra·

154 1443 264 1492 menter
278 1435 456 1501 amantium3
473 1450 539 1488 nam
555 1449 629 1487 unus
644 1431 760 1504 spiritus
776 1439 804 1487 et
818 1431 895 1487 idem
910 1432 1004 1488 lassor
1058 1434 1222 1490 narabiliter
1248 1439 1422 1487 consecrata.
1440 1433 1529 1503 Hujus
1543 1431 1659 1486 basilice
1676 1436 1820 1502 patronus
1838 1437 1912 1488 extat

153 1523 278 1580 caritatis
306 1528 367 1578 erat
390 1523 420 1578 in
446 1521 494 1576 eis.
520 1521 671 1576 Enimvero
687 1520 863 1590 superlluurn
889 1518 1002 1586 estimo,
1057 1522 1175 1579 ilichael
1189 1521 1387 1593 archangelus.
1412 1520 1444 1575 ln
1470 1520 1623 1575 hacetiam
1652 1519 1774 1575 ecclesia
1789 1520 1913 1591 qualibet

153 1610 346 1667 descrihendis
361 1609 505 1682 regalibus
521 1609 628 1682 nuptiis
642 1609 692 1665 diu
704 1607 836 1675 detineri,
853 1607 1004 1679 presertim
1059 1610 1218 1667 ebdomada
1235 1614 1335 1664 cantus
1362 1608 1508 1679 angelicus
1532 1608 1568 1663 ab
1594 1607 1640 1663 his
1669 1607 1720 1680 qui
1750 1608 1913 1681 dignisunt

154 1717 220 1755 cum
248 1699 369 1773 quilibet
395 1699 477 1754 facile
499 1697 588 1771 possit
614 1697 756 1763 conicere,
790 1696 867 1769 quod
904 1696 1002 1752 eedem
1058 1699 1153 1755 audiri
1170 1698 1349 1771 perhibetur.
1373 1700 1452 1753 llauc
1475 1697 1572 1769 itaque
1595 1696 1743 1753 basilicam
1776 1696 1913 1751 orationis

155 1787 255 1859 nuptie
271 1804 336 1843 cum
356 1803 460 1858 magna
475 1786 654 1851 iiberalitate,
673 1789 760 1857 prout
779 1784 888 1856 regiam
907 1784 1004 1839 decuit
1057 1803 1141 1843 causa
1155 1803 1222 1842 cum
1235 1785 1336 1841 ceteris
1351 1785 1455 1841 Christi
1476 1784 1609 1841 tidelibus
1641 1785 1685 1839 air
1706 1786 1767 1840 Deo
1795 1785 1912 1840 devotus

156 1876 363 1943 excellentiam,
392 1881 459 1930 ennt
474 1875 674 1946 sollempniter
687 1873 837 1942 celebrate,
862 1872 1002 1945 episcopis
1057 1881 1100 1932 est
1115 1877 1271 1947 ingressus.
1288 1875 1417 1946 Cumque
1430 1875 1529 1930 laudes
1543 1874 1654 1928 divinas
1669 1873 1743 1928 inibi
1771 1873 1913 1929 celebrae·

155 1964 371 2020 honorabilibus
381 1969 410 2020 et
422 1964 509 2019 totius
533 1962 615 2034 regni
640 1962 819 2034 principibus
833 1977 898 2017 cum
913 1961 1004 2016 multa
1057 1973 1122 2020 sent
1135 1971 1162 2020 el
1187 1968 1251 2019 sota
1275 1979 1395 2035 precum
1418 1978 1536 2017 suarum
1563 1978 1629 2017 cum
1649 1962 1742 2016 mulla
1761 1962 1911 2017 devotione

155 2053 304 2109 devotione
318 2052 563 2115 concurrentibus,
589 2050 748 2106 innumeris
771 2052 857 2106 enam
875 2049 1004 2123 personis
1059 2056 1116 2109 Deo
1129 2051 1327 2114 reddidissent,
1359 2056 1472 2122 tempus
1492 2052 1553 2121 jam
1583 2051 1694 2114 aderat,
1717 2067 1778 2122 quo
1803 2050 1911 2105 celestis

155 2140 305 2212 utriusque
349 2156 432 2196 sexus
456 2146 485 2195 et
511 2139 622 2195 diverse
659 2138 807 2210 dignitatis
830 2139 867 2195 ad
892 2138 1004 2209 regales
1058 2142 1197 2198 exercitus
1211 2141 1247 2195 ad
1265 2140 1363 2195 laudee
1379 2140 1436 2195 Deo
1465 2139 1667 2211 persolvendas
1692 2139 1837 2211 templum
1863 2138 1909 2193 hoc

154 2228 269 2300 nuptias
297 2228 433 2283 invitatis.
461 2228 537 2283 hicet
562 2232 657 2283 autem
689 2227 821 2282 inlibris
845 2227 932 2283 sacris
947 2242 1005 2281 non
1058 2228 1478 2299 sacrumiueratingressurus.
1497 2229 1596 2299 ltaque
1624 2243 1690 2282 cum
1712 2243 1816 2283 omnes
1830 2243 1908 2298 egre-

155 2317 321 2387 lcgerimus,
341 2318 480 2372 audenter
501 2321 597 2371 tamen
628 2314 817 2383 affirmamus,
840 2317 916 2388 quud
930 2317 1005 2371 inter
1059 2319 1206 2387 darentur,
1221 2323 1250 2372 el
1263 2318 1287 2371 si
1302 2315 1352 2389 qui
1367 2333 1478 2371 moram
1501 2316 1636 2384 lacerent,
1659 2315 1737 2370 exire
1757 2316 1908 2387 compelle-

156 2411 265 2461 ceteros
280 2407 408 2477 hospites
421 2403 650 2460 honorabiliores
668 2403 802 2458 inritatos
811 2403 916 2475 hospes
931 2420 1005 2458 nnus
1059 2413 1170 2476 rentur,
1189 2407 1233 2460 vir
1260 2411 1374 2460 sanctus
1399 2404 1561 2476 postulabat
1587 2410 1620 2460 ut
1644 2404 1670 2459 ci
1695 2404 1819 2459 lacultas
1839 2405 1908 2458 iuius

155 2494 329 2566 prestantior
351 2493 485 2549 omuibus
511 2492 648 2548 invitatus
675 2491 721 2559 sit,
746 2492 852 2548 scilicet
882 2492 1006 2564 Virginis
1059 2495 1227 2551 remanendi
1253 2494 1467 2548 concederetur.
1494 2492 1586 2562 igilur
1619 2491 1756 2548 omnibus
1782 2491 1907 2563 egressis,

158 2583 253 2648 Filius,
271 2583 321 2656 qui
335 2582 468 2654 primitus
479 2583 514 2637 ad
530 2581 646 2653 nuptias
670 2597 743 2653 aque
759 2582 901 2653 liquorem
916 2582 946 2637 iu
964 2581 1004 2637 vi·
1059 2583 1220 2653 solusipse,
1235 2597 1353 2653 sperans
1369 2580 1398 2636 in
1414 2580 1610 2636 misericordia
1640 2580 1701 2647 ilci,
1727 2580 1801 2649 inibi
1823 2595 1909 2635 rema

155 2670 367 2743 nigatissimum
389 2676 568 2727 converterat
596 2684 737 2742 saporem.
765 2671 797 2724 Et
812 2669 930 2742 quidem
944 2670 1006 2741 ipsc
1060 2688 1129 2727 nere
1143 2669 1328 2742 presumpsit,
1352 2673 1380 2724 et
1408 2683 1507 2740 preces
1533 2667 1664 2739 precibus
1694 2668 1911 2723 continuavilst

156 2759 224 2816 licet
246 2758 395 2815 visibiliter
417 2759 581 2831 inproprie
618 2775 677 2814 uon
708 2757 790 2812 alluit
816 2774 947 2828 persona,
975 2758 1005 2813 in
1061 2776 1188 2832 genuum
1208 2758 1345 2813 llesiones
1365 2757 1489 2826 iteravit,
1501 2761 1529 2810 et
1557 2756 1642 2811 modo
1662 2756 1762 2811 multis
1789 2755 1911 2811 lacrimis

157 2847 284 2903 menbris
309 2853 406 2903 tamen
430 2848 488 2903 suis
513 2849 580 2903 licet
606 2847 714 2902 ultimis
741 2846 849 2901 eisdem
872 2846 1008 2901 intererat
1061 2849 1157 2905 divine
1172 2864 1203 2903 se
1225 2846 1370 2903 commisit
1392 2845 1555 2913 clementie,
1579 2844 1664 2900 modo
1682 2845 1810 2900 animam
1836 2861 1910 2900 susm

157 2934 275 3006 nuptiis,
290 2934 320 2989 iu
339 2934 444 3006 quibus
456 2934 542 2990 etiam
557 2933 674 3006 optimis
696 2932 818 3004 dapibus
841 2937 884 2987 est
898 2933 1040 3004 optimcC
1059 2937 1144 2991 beato
1159 2934 1289 2992 llichacli
1312 2935 1485 3005 archangelo
1507 2948 1574 2989 cum
1593 2934 1684 2988 multa
1704 2933 1911 3005 supplicatione

158 3022 288 3077 reiectus.
300 3022 363 3093 lpse
391 3021 468 3077 enim
495 3021 621 3077 dicturus
635 3024 678 3076 est
694 3036 701 3077 :
719 3020 797 3087 Quod
822 3022 872 3074 uni
891 3036 925 3074 cn
953 3022 1005 3075 mi·
1059 3022 1392 3079 studuitcommendarc.
1410 3023 1481 3078 Cum
1494 3038 1567 3094 pura
1580 3021 1621 3092 pii
1633 3022 1709 3092 regie
1735 3021 1830 3077 oraha
1844 3023 1911 3076 sicul

155 3112 315 3166 nimismeis
335 3112 439 3177 fecistis
455 3110 565 3180 (blattis.
583 3126 646 3175 xxv,
663 3109 708 3180 to)
732 3113 879 3164 etcetera.
910 3108 1005 3163 Enim·
1059 3114 1208 3168 incensum
1234 3111 1401 3166 ascenderet
1424 3125 1525 3165 coram
1554 3110 1686 3178 Domino,
1707 3111 1783 3165 Deus
1817 3110 1910 3177 lsrael,

156 3215 223 3254 vero
255 3199 412 3271 imperator
453 3198 595 3269 gloriosus
632 3198 760 3252 inclitam
792 3196 1006 3268 imperatricem
1060 3200 1156 3273 quiin
1171 3198 1690 3271 sanctissuissemperestmirabilie,
1714 3197 1911 3254 mirabilamei

156 3287 238 3359 regni
251 3287 295 3341 sui
314 3288 358 3343 vei
379 3286 500 3342 thalami
527 3291 689 3343 consortem
701 3286 732 3341 iu
747 3286 891 3353 omnibus,
913 3291 946 3341 ut
959 3286 1007 3340 de·
1060 3288 1251 3361 dignatusest
1266 3287 1415 3343 ostendere
1431 3286 1584 3343 visionem.
1600 3287 1677 3342 Vidit
1695 3287 1775 3343 enim
1799 3289 1912 3358 angelo·

156 3375 228 3442 buit,
242 3376 404 3444 honorarit,
426 3381 456 3432 et
468 3375 504 3431 ad
530 3374 620 3446 ipsine
634 3378 738 3429 nutum
764 3374 898 3429 anniversa
924 3374 1006 3445 regui
1061 3392 1126 3433 rum
1138 3376 1352 3432 multitudinem
1375 3375 1521 3447 copiosam
1541 3375 1576 3431 ad
1592 3375 1682 3430 instar
1696 3375 1765 3431 solis
1793 3375 1913 3447 splendi-

155 3462 380 3534 disponehaniur
407 3463 567 3531 molimina,
597 3467 625 3517 ct
644 3461 707 3533 ipsa
733 3461 926 3517 nobilissimus
954 3461 1007 3517 llos
1061 3466 1128 3522 dam
1142 3465 1283 3536 templum
1297 3470 1428 3520 sanctum
1450 3464 1671 3537 ingredientem,
1688 3479 1722 3519 ex
1736 3463 1913 3537 quibusdan

156 3558 352 3607 matronarum
363 3557 392 3607 et
406 3552 537 3607 omnium
565 3551 720 3606 mulierum
740 3550 888 3622 speculum
913 3551 1008 3605 claris·
1061 3553 1220 3626 principale
1243 3553 1443 3626 sollempniter
1473 3553 1654 3608 adornabant
1680 3554 1782 3610 altare.
1808 3552 1913 3609 Deinde

156 3640 263 3695 simum
288 3639 367 3695 varia
381 3639 484 3695 uirtute
510 3640 642 3695 decorata
664 3639 698 3693 ad
722 3637 813 3693 instar
838 3637 939 3693 sideris
962 3655 1007 3693 ra·
1062 3642 1133 3698 vidit
1148 3641 1217 3697 alias
1231 3643 1377 3696 celestium
1392 3642 1533 3698 virtutum
1552 3642 1688 3697 cohortes
1700 3643 1870 3698 innumeras
1885 3641 1914 3697 in

156 3726 260 3782 diabat.
294 3728 329 3782 Ut
361 3731 455 3781 autem
488 3725 564 3781 beati
590 3725 727 3796 conjuges
759 3723 806 3778 isti
840 3725 950 3780 facilius
978 3724 1008 3779 iu
1062 3729 1384 3800 similitudinclulguiis
1410 3730 1583 3785 coruscantis
1609 3729 1754 3801 fulgentes
1779 3737 1811 3785 et
1835 3729 1914 3804 qussi

155 3819 309 3887 conspectu
336 3815 487 3870 hominnm
514 3815 684 3869 simularent
715 3829 745 3868 se
776 3812 881 3868 habere
909 3815 1007 3884 couju-
1064 3819 1214 3889 primatem
1228 3833 1313 3873 suum
1329 3834 1394 3874 cum
1404 3818 1499 3892 gloria
1513 3818 1636 3873 maxime
1650 3817 1827 3873 deducentes
1842 3838 1850 3887 ;
1866 3834 1916 3873 nac

155 3904 247 3975 gium,
266 3906 424 3960 secundum
453 3919 563 3959 moram
590 3902 749 3958 carnalium
769 3902 872 3957 inuno
888 3918 1008 3973 pausare
1064 3906 1195 3968 dubium,
1220 3905 1297 3960 hunc
1324 3905 1412 3961 luisse
1442 3906 1647 3976 archangelum
1675 3907 1790 3961 celestis
1817 3905 1916 3962 militis

155 3994 283 4049 thalamo
297 3992 585 4051 solebantettameu
612 3991 867 4046 incontaminatam
894 4007 1009 4046 conser-
1064 3995 1242 4066 siguilerum.
1274 3993 1431 4049 Novissime
1469 4010 1535 4049 vero
1560 3994 1656 4050 sidere
1687 3994 1798 4049 meruit
1822 3995 1915 4066 ipsum

155 4080 486 4135 rabanicuntineutiam.
504 4081 557 4134 lies
581 4079 652 4133 mira
669 4082 699 4132 et
713 4079 817 4133 nostris
831 4079 1008 4150 temporibus
1064 4096 1160 4155 regem
1176 4082 1354 4153 angelorum,
1376 4083 1532 4137 liomiuum
1563 4083 1725 4137 seuientem
1752 4099 1822 4137 cum
1836 4088 1915 4153 potc-

157 4168 295 4223 inaudita.
310 4169 342 4223 Et
363 4167 482 4239 quidem
507 4182 594 4238 quam
618 4167 715 4237 plures
738 4167 768 4220 in
790 4170 914 4238 utroque
940 4184 1005 4222 seru
1022 4212 1043 4266 ὓ
1063 4175 1134 4226 state
1147 4186 1252 4241 magua
1266 4175 1294 4225 et
1306 4170 1427 4237 virtute;
1441 4171 1471 4225 in
1487 4171 1568 4242 cujus
1583 4170 1721 4242 obsequio
1736 4170 1792 4226 luit
1805 4170 1916 4226 mestis

158 4261 224 4312 sunt
253 4256 389 4327 virginee,
419 4254 468 4309 sed
492 4260 524 4310 ut
544 4255 670 4327 sigillum
703 4254 874 4325 virginitatis
894 4257 1008 4311 valeant
1063 4259 1202 4316 exercitus
1213 4258 1433 4313 innumerabilis
1450 4263 1477 4313 el
1493 4258 1630 4330 splendor
1644 4259 1707 4329 ejus
1734 4258 1915 4330 incompara-

157 4345 364 4399 intameratum
392 4358 514 4408 serrare,
545 4358 673 4398 seorsum
698 4359 791 4398 mares
826 4348 854 4399 et
879 4361 1006 4400 seorsum
1061 4347 1136 4414 bilis,
1152 4346 1333 4418 cujusetiam
1349 4351 1420 4401 nutu
1435 4350 1576 4417 reguntur
1600 4345 1699 4400 omnia
1727 4346 1846 4401 celestia
1860 4353 1914 4401 tar·

156 4432 279 4489 laminas
294 4431 409 4503 expedit
422 4431 729 4496 habitare.0uisenim
746 4431 845 4504 ignem
859 4433 1008 4489 abscondit
1061 4435 1173 4491 restria.
1192 4434 1319 4506 lienique
1334 4435 1438 4489 chorus
1467 4451 1540 4489 novo
1568 4435 1725 4490 ierusalem
1743 4433 1916 4509 improdicta

157 4519 339 4586 insinueuo,
359 4525 388 4575 at
414 4518 616 4574 vestimentum
638 4520 700 4592 ejus
722 4521 1009 4578 noncombureturi
1062 4525 1197 4579 collectus
1227 4523 1345 4577 basilica
1375 4522 1506 4578 divinum
1532 4522 1731 4593 sollempniter
1762 4523 1915 4579 celebrarit

157 4608 239 4678 Apud
255 4608 388 4663 homines
400 4607 576 4679 impossibile
591 4613 643 4674 est,
666 4609 785 4664 sednon
800 4612 877 4681 apud
907 4613 1007 4668 Deum.
1063 4612 1244 4684 obsequium.
1263 4612 1325 4677 Orio
1341 4611 1458 4667 tandem
1471 4611 1626 4682 completo,
1652 4626 1728 4666 unus
1747 4625 1785 4667 ex
1800 4626 1914 4684 preses.-

157 4697 237 4753 Unde
251 4696 309 4763 isti,
326 4696 362 4752 de
385 4696 490 4768 quibus
519 4696 676 4768 loquimur,
704 4697 733 4753 iu
759 4698 936 4770 protectione
960 4700 1009 4754 liei
1063 4701 1139 4755 tibus
1154 4701 1264 4771 angelis
1281 4716 1394 4755 sacrum
1407 4699 1553 4771 Evangelii
1566 4705 1674 4755 matum
1703 4715 1771 4755 cum
1794 4699 1914 4756 maxims

156 4786 209 4842 celi
226 4785 385 4857 preceterie
400 4784 568 4840 mortalibus
589 4786 760 4842 familiarius
788 4794 1007 4855 commorantes,
1063 4789 1221 4845 reverentia
1238 4788 1383 4843 [lominica
1395 4788 1498 4844 detulit
1508 4804 1642 4859 persone,
1655 4804 1712 4859 que
1731 4788 1783 4844 iilo
1801 4790 1914 4845 deoscu-

156 4876 300 4932 interdum
313 4873 542 4939 commanebant,
557 4879 586 4928 et
607 4880 705 4930 minen
734 4875 859 4947 virgines
878 4876 1008 4932 inconta-
1063 4879 1119 4932 lato
1137 4876 1913 4948 innuitangelo,utcumdemdeoeculandumdeferret

156 4964 257 5020 minati
270 4962 480 5035 permanebant
496 4981 504 5029 3
530 4966 559 5016 et
581 4978 647 5017 cum
662 4968 758 5034 preter
775 4964 923 5035 sanguinis
937 4965 1009 5020 eliu·
1063 4966 1229 5038 imperatori
1245 4967 1388 5036 insugula
1404 4965 1537 5020 latitanti.
1563 4966 1674 5036 Angelo
1687 4981 1755 5020 vero
1768 4967 1849 5036 jassa
1862 4963 1910 5020 sibi
1937 4994 1939 5032 3

157 5053 267 5108 sionem
291 5053 349 5109 duo
378 5052 437 5106 sint
450 5066 558 5121 genera
589 5051 750 5119 martirum,
776 5052 1010 5108 scilicetcasiitas
1063 5054 1235 5126 complente,
1257 5053 1410 5125 'predictus
1425 5054 1530 5110 Christi
1554 5054 1679 5108 famulus
1702 5053 1739 5108 ad
1770 5053 1909 5109 insolitem

157 5139 352 5208 injuventute
385 5143 413 5194 ct
433 5138 607 5194 abstinentia
627 5139 657 5194 in
681 5139 888 5211 habundantia,
911 5141 1009 5196 beatos
1064 5147 1142 5198 tante
1153 5141 1351 5213 majestatiset
1365 5142 1456 5213 glorie
1482 5141 1622 5197 visionem
1648 5141 1725 5212 cepit
1752 5143 1935 5219 animnpsg

158 5226 305 5298 conjuges,
330 5243 455 5299 quorum
482 5227 615 5299 preconia
645 5242 704 5282 non
733 5233 866 5291 tacemus,
895 5230 1010 5302 gemm
1063 5246 1176 5286 vescere
1195 5237 1223 5286 et
1237 5231 1371 5286 omnibus
1387 5230 1514 5286 menbris
1526 5231 1758 5299 conuemisccre,
1769 5236 1936 5304 tamquam.

158 5313 281 5369 martirii
309 5332 413 5371 corona
434 5321 583 5371 coronatos
616 5331 678 5370 esse
699 5315 880 5382 conlidimue,
908 5317 958 5389 qui
982 5323 1011 5373 et
1063 5319 1170 5374 diceret
1185 5335 1250 5373 cnm
1278 5320 1418 5391 propheta
1441 5318 1506 5391 (lor.
1534 5335 1613 5385 xxrrr,
1629 5319 1680 5391 til:
1709 5319 1910 5377 coutritasmesl
1937 5350 1939 5368 2

163 5409 425 5540 bfflgossgffl
435 5412 465 5468 in
481 5413 650 5486 apographo
662 5414 725 5469 cod.
743 5413 893 5485 Bamberg.
914 5416 989 5486 qnod
1007 5416 1108 5472 habuit
1123 5417 1237 5473 Gretser
1254 5425 1321 5488 poet
1334 5418 1403 5472 Vita
1418 5414 1442 5472 c'.
1457 5420 1492 5473 'tl
1507 5417 1648 5473 insertum
1662 5416 1726 5483 luit,
1742 5417 1839 5472 verbis
1851 5416 1909 5488 qui·
