3878 6112
64 325 125 378 eac
552 323 790 382 nncunrouuu
811 325 903 383 uam
922 327 978 383 xx.
995 355 1029 367 -
1050 309 1155 383 uinea
1167 324 1337 390 ausurus
1772 331 1824 386 no

66 451 133 502 tum
147 446 299 501 continuat
320 444 464 500 manerius
487 460 624 500 numerus
638 446 790 502 nominum
811 447 957 504 diuino-A
1207 448 1271 502 Car.
1289 449 1332 503 Vl.
1350 478 1384 488 —
1399 451 1539 505 Deeadem
1552 466 1590 505 re.

66 551 149 604 rum,
166 535 262 600 idest,
279 534 380 602 Patris,
397 540 426 588 et
442 534 515 602 Filii,
532 539 559 589 et
574 534 696 606 Spiritus
712 537 811 591 sancti.
1010 535 1065 607 (lic
1084 537 1178 592 concil.
1205 535 1281 605 apud
1296 537 1504 607 compendium,
1533 553 1593 608 cap.
1619 541 1659 610 3.)
1685 541 1720 596 Ut
1744 546 1821 595 extra

124 643 190 698 CM..
207 642 241 696 ῃ,
255 672 288 683 ,,
308 643 342 696 U,
354 644 454 711 prmo,
468 643 572 697 Pascha
587 647 612 697 e,
628 642 799 699 Pentecoste„
811 647 868 700 „535
975 626 1081 677 statuta
1095 628 1227 695 tempora
1249 640 1404 687 canonum,
1424 625 1452 679 id
1468 632 1511 680 est
1527 626 1558 680 in
1581 627 1689 683 Pascha
1703 632 1732 682 et
1754 630 1823 683 Pan-

185 718 270 768 morte
280 713 499 782 periclitantibus
515 714 666 783 baptismus
680 729 733 769 nou
746 717 804 784 ttat.
975 715 1090 780 tereste,
1113 712 1256 783 baptisma
1279 729 1338 767 non
1363 715 1543 770 celebretur:
1561 717 1630 788 quia
1644 718 1716 772 sacri
1740 733 1824 772 cauo-
1854 775 1863 791 ,

105 821 163 887 (g,t
177 821 256 888 epist,
279 820 540 889 geogpapmap·
559 818 710 890 ΜΠΜὃ
736 821 803 892 quia
826 821 919 875 mani,
973 816 1025 854 nas
1039 800 1095 855 hoc
1110 802 1202 856 modis
1224 802 1369 865 omnibus,
1392 801 1446 855 uisi
1462 803 1577 874 aliquod
1601 803 1761 875 periculum
1777 803 1822 857 in·
1858 795 1862 803 ’

66 907 224 962 tristissime
239 911 328 977 patet,
351 906 530 976 baptizandis
551 907 582 961 in
596 907 719 963 Ecclesia
741 906 838 964 electis
858 910 920 965 hnc
974 888 1086 955 stiiefih
1103 889 1164 944 [000
1186 890 1353 961 0ΓοοῙ000ον
1374 889 1404 943 00
1428 895 1538 944 lanium
1555 897 1587 944 00
1608 892 1694 946 00000
1709 908 1757 946 000
1773 891 1823 963 qui

68 996 128 1051 duo
151 999 293 1066 tempora,
324 995 350 1050 id
381 999 423 1048 est
446 995 553 1049 Pascha
580 1000 608 1050 et
632 997 828 1064 Pentecosten,
858 1014 919 1054 esse
974 977 1030 1031 alio
1054 982 1182 1049 tempore
1208 978 1398 1049 baptizantur,
1424 979 1599 1050 agredibus
1628 979 1823 1034 ecclesiasticis

68 1084 211 1155 legitima,
231 1083 413 1139 dilectionem
438 1088 562 1139 vestram
586 1100 746 1153 monemus,
772 1092 803 1142 ut
825 1089 919 1144 nullos
973 1066 1600 1132 005000000000000010000000010000000

67 1173 140 1228 alios
159 1172 220 1228 dies
243 1172 309 1227 huic
323 1173 510 1227 observantiae
533 1173 684 1228 misceatis.
711 1174 783 1238 Quia
806 1177 830 1247 si
853 1182 920 1231 scrut
1196 1171 1260 1226 Cae.
1279 1172 1335 1226 Vll.
1352 1201 1385 1213 -
1404 1173 1547 1227 Deeadem
1561 1188 1599 1226 rc.

67 1261 125 1315 alia
154 1277 268 1332 quoque
297 1260 370 1315 festa
397 1260 501 1330 quihus
530 1263 621 1316 multa
644 1262 673 1315 iu
703 1263 844 1317 honorem
868 1264 918 1318 liei
1009 1261 1065 1331 (Ee
1084 1261 1178 1314 coccii.
1207 1262 1352 1328 Wormac,
1384 1275 1446 1330 cap.
1473 1260 1527 1331 lb.)
1555 1260 1732 1315 Sacrosaucti
1755 1261 1823 1333 hap

68 1350 233 1403 reverentia
259 1349 407 1416 debeatur,
432 1347 599 1421 principalis
624 1356 721 1405 tamen
750 1357 779 1406 et
802 1352 918 1407 maximi
972 1345 1051 1402 tismi
1073 1354 1292 1415 sacramentum,
1316 1348 1445 1402 nonnisi
1470 1348 1498 1402 iu
1516 1349 1820 1416 Paschalilestiritate,

67 1436 241 1490 sacramenti
264 1436 450 1491 custodienda
474 1436 555 1492 nobis
579 1441 621 1491 est
646 1438 765 1510 mystica
788 1445 816 1494 et
837 1440 920 1495 ratio·
973 1440 1002 1490 et
1015 1436 1181 1490 Pentecoste
1197 1437 1396 1507 uuusquisque
1413 1436 1539 1491 fidelium
1553 1437 1664 1491 noverit
1678 1453 1738 1492 essa
1750 1453 1822 1508 pree·

65 1524 174 1579 nabilis
199 1524 382 1596 exemplatio,
411 1525 646 1581 nou·incerdicca
671 1527 785 1582 licentia
812 1528 918 1600 quain
972 1522 1100 1578 bendum
1119 1539 1126 1578 :
1143 1524 1267 1595 exceptis
1291 1524 1336 1579 his
1361 1524 1466 1595 quihus
1492 1525 1595 1578 mortis
1618 1525 1745 1596 periculo
1773 1540 1820 1578 ur-

64 1612 213 1684 baptismo
229 1613 380 1667 tribuenda
398 1614 528 1684 quolibet
543 1619 671 1685 tempore
691 1615 918 1685 periclitantibus
973 1618 1068 1684 gente,
1084 1628 1119 1666 ne
1135 1613 1165 1666 iu
1180 1618 1320 1667 aternum
1337 1619 1465 1683 pereant,
1481 1613 1586 1667 talibus
1601 1617 1715 1684 oportet
1728 1628 1820 1668 reme·

64 1701 247 1756 suhvcnitur.
267 1688 314 1756 'lta
336 1702 412 1756 euim
440 1703 475 1756 ad
489 1703 541 1757 has
566 1703 637 1758 duas
660 1704 826 1759 festivitates
849 1722 917 1760 cou-
934 1733 954 1786 Β
973 1700 1028 1756 diis
1044 1700 1208 1756 subvenire.

64 1804 159 1844 nexas
172 1789 287 1845 sibimet
313 1796 397 1862 atque
412 1796 560 1860 cognatas,
583 1791 773 1846 incolumium
799 1798 828 1848 et
840 1793 918 1863 pacis
974 1807 1038 1862 (Ἀρ,
1056 1808 1128 1862 vm,
1144 1837 1178 1849 ..
1195 1809 1229 1875 ω
1243 1809 1344 1873 „sumti
1366 1807 1424 1861 dees
1439 1812 1502 1862 ame
1521 1807 1686 1879 baptismum
1700 1806 1737 1862 aa
1758 1823 1824 1877 pur.

63 1878 221 1933 securitate
248 1878 413 1949 degentium
439 1878 529 1933 libera
553 1884 618 1934 vota
645 1880 812 1949 deferimus,
836 1884 867 1936 ut
888 1881 918 1936 iu
1085 1881 1220 1944 ontionem
1235 1880 1381 1933 exorcismi
1394 1879 1578 1933 catechumeni
1590 1881 1710 1933 ueniant.

63 1966 173 2021 mortis
194 1966 333 2037 periculo,
350 1966 379 2020 in
403 1966 559 2022 obsidionis
582 1967 759 2036 discrimine,
779 1969 809 2024 iu
824 1986 919 2040 perse·
1009 1967 1062 2036 (Ea
1077 1968 1170 2022 concil.
1192 1968 1342 2033 Braapar,
1357 1982 1416 2036 cap.
1432 1966 1470 2037 3.)
1493 1968 1550 2020 lloc
1565 1965 1739 2023 omnimodis
1754 1981 1823 2038 prte-

63 2055 194 2110 cutionis
212 2055 362 2125 angustiis,
384 2055 414 2109 in
439 2057 545 2110 timore
560 2056 712 2127 naulragii,
737 2057 817 2112 nullo
843 2062 917 2112 tem·
972 2054 1095 2126 cipimus
1123 2060 1151 2109 et
1182 2055 1295 2126 antiqui
1328 2069 1452 2109 canones
1484 2055 1663 2127 praecipiunt,
1697 2060 1730 2109 ut
1756 2059 1823 2110 ante

63 2158 142 2214 pore
157 2143 212 2198 hoc
226 2159 302 2198 veras
318 2144 419 2198 salutis
433 2144 578 2215 singulare
593 2145 761 2216 praesidium
783 2145 919 2218 cuiquam
973 2142 1150 2214 baptismum
1174 2143 1276 2214 viginti
1300 2143 1362 2198 dies
1385 2142 1420 2196 ad
1445 2143 1648 2214 purgationem
1670 2142 1822 2198 exorcismi

63 2229 257 2301 denegemus.
972 2231 1170 2286 catechumeni
1203 2230 1336 2300 veniant,
1370 2235 1399 2285 et
1428 2231 1460 2285 in
1492 2231 1549 2285 illis
1580 2231 1684 2299 viginti
1720 2230 1822 2286 diebus

62 2335 135 2391 eac.
153 2336 202 2391 lll.
218 2366 253 2377 -
276 2337 331 2403 Quo
355 2342 476 2407 tempore
497 2338 632 2408 baptisma
658 2339 850 2396 celebrandum
871 2343 916 2410 sit,
970 2319 1053 2391 juxta
1075 2319 1247 2375 canonicum
1271 2325 1457 2392 praeceptum,
1474 2323 1503 2374 et
1520 2319 1688 2374 erudiantur
1711 2323 1738 2374 et
1752 2334 1821 2374 con·
1855 2360 1865 2378 .

103 2409 246 2532 ctutmaui
262 2408 440 2477 baptizantur
455 2424 508 2463 uon
529 2409 649 2478 infideles
668 2410 716 2465 sed
731 2411 829 2480 fideles
847 2413 920 2468 inve·
971 2412 1129 2464 sectentur.

103 2492 173 2531 utcu
205 2494 228 2532 r.

973 2514 1037 2570 Cae.
1071 2516 1113 2569 lll.
1146 2515 1279 2580 -Quod
1308 2529 1397 2570 omnes
1427 2514 1464 2567 ad
1496 2515 1661 2583 baptismum
1687 2516 1821 2570 umientes

104 2584 161 2649 (Ea
175 2583 246 2638 decr.
266 2586 383 2641 Victoris
396 2601 486 2655 papae,
506 2585 643 2652 fratribus
655 2602 706 2656 per
719 2586 919 2642 Abacudriam
1009 2588 1106 2654 quinta
1126 2588 1198 2653 scria
1213 2588 1326 2654 majoris
1342 2585 1525 2652 hebdomade,
1541 2584 1623 2655 fldem
1637 2587 1760 2655 epssccpc
1781 2587 1826 2640 uel

62 2674 235 2741 constitutis,
270 2687 332 2742 cap.
366 2673 406 2744 t.)
437 2672 468 2726 ln
496 2673 625 2743 paschali
648 2690 714 2728 vero
742 2678 873 2745 tempore
892 2681 921 2730 et
1006 2656 1164 2726 0000000000
1179 2656 1293 2711 0000000
1307 2656 1430 2711 0000000·

63 2759 237 2814 Pentecoste
266 2760 410 2831 baptisma
438 2761 640 2816 celebrandum
668 2767 710 2817 est
734 2764 917 2830 catholicum,
1009 2747 1061 2815 (Ea
1076 2747 1170 2800 ⁰⁰⁷102'l·
1193 2745 1360 2812 000οῑ00000,
1376 2760 1437 2813 0οΡ·
1455 2743 1511 2814 40)
1527 2743 1606 2808 0000
1624 2748 1753 2815 000000οῑ
1772 2758 1821 2799 000

63 2847 118 2902 sed
142 2848 279 2902 tamensi
298 2864 413 2903 necesse
438 2848 535 2915 luerit,
561 2855 610 2904 aut
635 2850 735 2904 mortis
759 2851 919 2922 periculum
974 2833 1024 2903 000
1047 2833 1083 2888 00
1108 2833 1248 2904 baPtisma
1270 2832 1389 2887 00000οῑ
1414 2832 1500 2886 fidem
1525 2831 1644 2897 000000οι
1668 2835 1696 2886 00
1721 2831 1820 2903 quinta

66 2934 223 3006 ingruerit,
247 2936 369 3007 gentiles
382 2937 416 2991 ad
438 2935 525 2992 iidem
545 2937 693 2992 venientes
714 2954 830 3010 quoquo
843 2940 916 3005 loco,
972 2917 1045 2973 000Ῐο
1070 2918 1239 2990 0000000000
1267 2919 1383 2991 000300Ῐο
1411 2919 1546 2991 00000000
1573 2924 1624 2974 0οῑ
1647 2917 1821 2991 000007000ίο

65 3023 113 3076 rel
129 3026 287 3090 momento,
312 3024 477 3095 ubicunque
500 3025 636 3091 evenerit,
661 3024 720 3079 sive
734 3025 765 3080 in
786 3026 918 3093 llumine,
933 3013 954 3071 C
972 3007 1103 3063 0000000·

69 3108 129 3164 sive
155 3109 187 3164 in
209 3111 293 3178 mari,
318 3112 376 3165 sive
400 3111 431 3166 iu
459 3112 586 3166 lontibus
613 3117 725 3168 tautum
750 3115 919 3171 Christianae
973 3115 1037 3171 Car.
1064 3116 1095 3171 x.
1123 3143 1159 3158 -
1184 3117 1217 3171 Ut
1246 3130 1335 3171 omues
1354 3115 1516 3186 baptizandi
1537 3117 1616 3184 prius
1632 3115 1689 3169 siut
1717 3116 1820 3171 eacroi

69 3198 250 3254 confessione
272 3200 448 3255 credulitatis
471 3200 624 3256 clarificata
648 3202 838 3274 baptizantur.
861 3203 919 3274 lpsi
1351 3185 1444 3240 “md‘'-
1477 3211 1481 3220 '

71 3302 198 3358 quoque,
220 3288 299 3358 quod
323 3289 352 3342 in
375 3289 518 3360 baptismo
544 3290 665 3360 polliciti
687 3296 763 3359 sunt,
791 3308 919 3347 summo·
1009 3273 1063 3345 (Εο
1073 3273 1145 3328 000·
1162 3274 1269 3329 000000·
1285 3289 1352 3344 000·
1372 3274 1528 3328 Galliarum
1542 3275 1624 3343 010000·
1639 3274 1741 3341 missis,
1757 3289 1819 3344 ⁰⁰1³·

71 3390 140 3444 pm
162 3380 205 3429 g„
218 3376 432 3444 attengendum,
449 3393 485 3431 ne
501 3377 632 3432 infidele,
654 3381 702 3434 ,ed
724 3380 823 3434 fidele,
843 3381 919 3435 juve,
976 3363 1030 3432 lt.)
1055 3362 1124 3415 lllud
1141 3362 1235 3427 etiam,
1253 3363 1330 3434 quod
1351 3362 1424 3417 cirea
1440 3361 1627 3432 baptizandus
1641 3360 1672 3415 iu
1689 3361 1820 3416 universo

71 3463 199 3518 alantur.
214 3465 271 3534 lpsi
284 3481 352 3520 vero
375 3466 424 3536 qui
440 3465 618 3521 infidelitatis
633 3473 700 3522 nota
716 3475 917 3539 asperguntur,
973 3448 1081 3503 m⁰⁰d⁰
1098 3454 1196 3502 000000
1218 3450 1340 3504 000100Ῑο
1365 3449 1547 3504 000000000οΓ
1570 3448 1639 3520 abiis
1656 3465 1714 3503 000
1731 3449 1822 3505 00000

71 3549 193 3605 turmo,
214 3551 389 3616 efficiuntur,
414 3558 499 3625 atqu„
523 3555 600 3608 intes
623 3554 723 3610 fidele,
742 3556 861 3611 minime
876 3573 920 3611 re,
972 3535 1821 3609 contemplamurintuitu‚cumsiveparvuli,sive[adulti]ad

70 3644 219 3708 putantur,
972 3624 1198 3696 regenerationis
1213 3624 1333 3679 ueniunt
1349 3628 1570 3690 sacramentum,
1589 3640 1648 3678 uon
1662 3624 1743 3694 prius
1756 3624 1821 3679 lon·

134 3743 199 3800 CH·
215 3746 259 3800 lv·
275 3775 310 3788 -
322 3750 359 3805 De
370 3748 474 3803 duobus
491 3750 653 3819 temporibus
669 3750 852 3821 baptismam·
972 3715 1031 3766 tem
1046 3711 1112 3766 vitm
1127 3712 1240 3778 adeant,
1257 3727 1344 3783 quam
1358 3717 1386 3766 et
1402 3711 1636 3766 exufflationibus
1650 3711 1821 3765 clericorum

973 3801 1091 3872 spiritus
1117 3802 1151 3856 ah
1176 3802 1217 3855 eis
1244 3800 1413 3855 immundus
1437 3800 1579 3869 abigatur,
1606 3806 1639 3854 ut
1661 3804 1729 3855 tunc
1755 3815 1821 3854 rere

108 3851 246 3951 (lic-decr.
272 3853 375 3953 Getasa
393 3870 485 3925 pape,
511 3870 572 3924 tap-
591 3858 646 3923 ¹⁰·)
671 3855 839 3927 BaPtlzandi
864 3857 919 3914 Sibi
973 3894 1110 3960 appareat
1133 3888 1278 3961 quomodo
1303 3890 1436 3960 princeps
1458 3887 1667 3958 hujusmundi
1692 3889 1822 3944 mittatur

74 3953 215 4011 quispiam
230 3957 338 4012 passim
363 3958 535 4015 quocunque
550 3949 681 4015 tempore
696 3945 806 4002 nullam
821 3946 920 4002 credat
972 3977 1048 4032 som

75 4026 163 4084 inesse
182 4030 328 4097 fiduciam,
343 4037 449 4103 praeter
463 4032 598 4088 Paschale
613 4033 718 4089 testum
734 4039 762 4090 et
784 4036 919 4093 Penteco-
1052 4020 1058 4031 ⁵

77 4119 129 4169 stes
159 4119 322 4174 venerabile
356 4125 588 4189 sacramentum,
629 4127 744 4193 excepto
780 4123 920 4181 duntaxat

80 4205 231 4270 gramssimi
256 4208 403 4278 languoris
426 4208 555 4274 incursu,
576 4208 607 4264 in
630 4226 688 4281 quo
703 4211 859 4267 verendum
876 4218 920 4269 est
1006 4242 1063 4311 (Ex

81 4303 121 4356 ne,
135 4294 228 4350 morbi
241 4301 385 4351 crescente
409 4296 547 4367 periculo,
562 4297 624 4352 siue
646 4299 775 4354 remedio
798 4300 916 4356 salutari
933 4295 954 4350 D

79 4375 200 4437 fortassis
214 4389 357 4454 agrotans
373 4385 461 4440 exitio
475 4390 638 4456 preventus
650 4388 792 4443 abscedat.

973 4083 1037 4138 Car.
1054 4084 1097 4139 lll.
1119 4086 1153 4140 Ut
1175 4083 1337 4154 baptizandi
1361 4085 1469 4138 nomiae
1496 4082 1593 4138 dctoa
1616 4098 1696 4139 camec
1717 4086 1743 4137 ct
1757 4084 1821 4138 uiuo

1290 4169 1318 4210 se
1335 4154 1500 4210 abstineant.

1081 4245 1175 4298 emoti.
1202 4244 1345 4311 Carruca,
1367 4258 1428 4312 cap.
1445 4241 1501 4312 85.)
1526 4241 1691 4312 baptizandi
1714 4257 1821 4296 nomeu

972 4346 1058 4386 suum
1072 4331 1141 4386 dant
1157 4331 1209 4386 suh
1230 4331 1404 4386 abstinentia
1418 4331 1478 4384 vini
1496 4341 1524 4385 et
1545 4331 1685 4397 carnium,
1703 4347 1735 4385 ac
1757 4346 1821 4385 rua-

973 4434 1028 4473 uus
1040 4418 1223 4490 impositione
1236 4418 1337 4474 crehro
1352 4418 1516 4474 examinent
1528 4418 1714 4490 baptismum.

78 4479 137 4543 ω’
152 4490 181 4545 v·
201 4519 234 4532 ““
259 4491 329 4546 mm
353 4507 406 4562 qu⁰
421 4498 537 4562 ‘emm
561 4493 712 4563 mmm
731 4497 792 4565 fleri
813 4496 917 4552 debeat·
973 4525 1037 4581 Cae.
1054 4526 1109 4580 llll.
1125 4555 1160 4564 -
1176 4525 1253 4596 (tuod
1264 4525 1396 4595 neophyti
1419 4525 1615 4579 alautioribus
1627 4525 1695 4580 cibis
1709 4524 1822 4595 aliquod

103 4592 162 4658 (En
184 4595 257 4651 decr.
285 4598 377 4666 Syriai
400 4613 491 4668 papae,
507 4614 567 4670 cap.
592 4601 633 4668 2.)
662 4600 796 4672 Sequitur
811 4602 846 4656 de
872 4602 918 4658 di·
1062 4602 1176 4666 tempus,
1192 4602 1218 4652 et
1233 4612 1251 4651 a
1267 4597 1403 4665 conjugiis
1418 4609 1446 4649 se
1460 4595 1730 4651 abstineredebeout.
1815 4664 1824 4678 ι

68 4683 160 4736 tarsis
181 4682 429 4754 baptizandorum,
446 4692 532 4758 prout
547 4687 701 4760 unicuique
722 4689 837 4744 lihitum
853 4689 918 4745 fue-
1010 4686 1069 4753 (Eat
1083 4685 1183 4752 eodem,
1198 4700 1259 4755 cap.
1276 4682 1333 4753 87.)
1352 4683 1493 4754 Neophyti
1506 4683 1705 4755 aliquandiua
1721 4681 1821 4737 lautio-

62 4757 114 4831 fits
153 4771 352 4842 improbabilis
389 4779 417 4830 et
446 4776 627 4832 emendanda
654 4776 791 4842 contusio,
817 4794 919 4849 quaa
971 4774 1052 4830 rihus
1073 4773 1177 4846 epulis,
1205 4777 1233 4828 et
1261 4772 1438 4844 spectaculis,
1460 4772 1504 4828 rel
1528 4772 1700 4844 conjugibus
1728 4770 1820 4827 absti-

59 4857 177 4914 nostris
204 4864 466 4931 consacerdotibus,
506 4865 584 4936 quod
619 4866 755 4921 commoti
786 4865 916 4935 dicimus,
972 4867 1069 4919 heaut.

56 4943 129 5001 1¹011
143 4949 254 5005 ratione
267 4951 445 5006 auctoritatis
468 4953 601 5024 alicujus,
618 4954 666 5008 sed
682 4955 741 5007 sola
756 4955 917 5012 temeritate
972 4971 1035 5027 cg„
1053 4969 1121 5024 χιιι,
1144 4998 1179 5009 -
1197 4971 1231 5025 ω
1252 4969 1339 5023 omnes
1359 4967 1502 5038 presbyter
1518 4982 1567 5021 aas
1592 4964 1754 5037 papiam
1772 4966 1820 5020 Μ.

57 5032 263 5100 lemannum,
290 5045 322 5094 ut
344 5040 450 5111 passim
478 5056 511 5096 ac
531 5041 620 5096 libere
642 5041 779 5096 natalitiis
800 5041 916 5110 Christi,
1363 5039 1432 5094 beat.

58 5121 121 5176 ¹⁰11
134 5127 332 5197 apparitionis,
348 5144 460 5183 necnon
475 5135 504 5185 et
518 5131 728 5200 apostolorum,
744 5146 793 5184 scu
809 5135 917 5202 marty·
1008 5131 1061 5193 (iic
1077 5129 1161 5183 concil
1183 5127 1324 5195 bleldms,
1338 5142 1398 5197 cap.
1426 5126 1464 5198 7.)
1479 5125 1578 5183 Omnis
1600 5125 1749 5196 presbyter
1769 5125 1819 5197 qui

61 5213 134 5268 mm
163 5214 365 5271 festivitatibus
398 5217 571 5286 innumeras,
611 5223 643 5273 ut
670 5217 783 5285 asseris,
818 5217 917 5288 plebes
970 5217 1080 5272 iontem
1101 5215 1249 5284 lapideum
1271 5215 1377 5270 habere
1391 5213 1560 5283 nequiverit,
1577 5228 1626 5265 uas
1647 5213 1819 5268 conveniens

64 5285 203 5368 baptismi
229 5305 396 5374 mysterium
431 5310 654 5377 cousequantur,
688 5322 753 5360 cum
778 5307 833 5360 hoc
861 5305 917 5361 sihi
971 5307 1007 5360 ad
1022 5305 1075 5358 hoc
1087 5303 1269 5358 solummodo
1286 5301 1451 5373 baptizandi
1466 5301 1593 5355 cilicium
1608 5301 1721 5370 haheat,
1740 5304 1818 5374 quod

68 5386 251 5464 lriviteglum
276 5397 305 5447 et
324 5395 401 5465 apud
416 5411 478 5462 uos,
501 5402 530 5449 et
553 5395 628 5466 apud
652 5410 752 5449 omues
769 5395 914 5459 Ecclesias,
971 5400 1049 5449 extra
1065 5393 1212 5448 ecclesiam
1228 5408 1286 5447 non
1310 5392 1487 5461 deportetur.
1512 5389 1649 5445 Similiter
1662 5392 1697 5446 ad
1716 5407 1818 5463 corpo·

72 5463 251 5533 Dominicum
275 5481 438 5551 specialiter
455 5497 521 5537 cum
544 5483 712 5538 Pentecoste
734 5498 786 5538 suo
809 5483 917 5538 Pascha
970 5484 1028 5537 rale
1043 5480 1208 5545 lavandum,
1223 5485 1253 5534 at
1275 5479 1310 5533 ad
1332 5478 1422 5548 pallas
1436 5479 1534 5533 altaris
1548 5480 1665 5551 propria
1686 5495 1753 5534 iasa
1766 5479 1818 5534 ha-

75 5553 213 5622 balmam
969 5570 1101 5636 beantur,
1117 5568 1148 5623 iu
1162 5567 1268 5641 quihus
1282 5566 1355 5622 nihil
1369 5565 1446 5622 aliud
1462 5567 1521 5622 llat.
