3894 6120
88 275 142 332 tte
584 269 795 329 tribuebant
819 265 1037 327 censueram
1056 262 1351 321 uttbnsuettterts.
1801 266 1853 324 62⁰

90 397 253 471 impeditus,
285 397 321 453 ed
350 399 521 453 conventum
545 393 606 450 vice
636 412 691 451 sua
718 395 801 452 illum
830 391 983 456 dicerint
1002 390 1116 456 missus,
1142 388 1334 459 plurimorum
1362 386 1558 446 benivolentia
1583 405 1639 461 per
1663 387 1745 447 νίιιιι
1763 392 1856 462 gratia

91 487 197 544 addens
215 486 242 541 ci
266 487 376 542 socium
391 484 424 523 ¹⁸¹
451 485 668 556 Thanqmarum
684 483 728 552 ¹⁸⁸,
752 482 946 554 presbiterum
1001 477 1112 537 domiui
1125 477 1170 532 sui
1185 494 1262 545 usus,
1284 478 1491 550 imperatorem
1506 478 1536 534 in
1550 478 1711 551 spolitanis
1724 479 1857 551 partibus

91 581 120 631 et
142 575 309 630 monasterii
332 576 483 640 decanum,
507 572 557 645 qui
574 572 808 628 subcenturiatus
823 572 943 640 adesset,
1000 567 1170 640 repperit,a
1193 583 1250 639 quo
1264 568 1366 624 merito
1381 568 1481 623 domui
1495 568 1623 641 episcopi
1643 567 1856 640 benignissimo

90 664 198 735 siquid
219 663 291 718 lorte
318 662 431 718 adversi
459 678 492 716 ea
516 666 596 733 parte
623 659 835 731 archiepiscopi
852 674 945 714 emer·
1000 662 1161 729 susceptus,
1186 656 1333 727 apostolici
1358 657 1511 713 adrentum
1532 657 1769 729 prestolabatur.
1785 656 1854 721 Oui·

91 753 182 808 sisset.
199 752 231 806 lu
259 749 513 822 principioitaque
539 749 641 818 primae
656 744 693 785 ¹⁸⁹
718 746 945 802 actionisarchi·
1000 748 1054 803 bus
1076 745 1324 814 convenientibus,
1355 745 1530 818 legationem
1546 752 1575 802 et
1599 747 1709 817 scripta
1727 744 1855 813 tradidit,

93 841 241 914 episcopus
265 839 373 894 mitiori
398 838 640 893 relatulratribus
667 837 826 891 absentiam
847 836 945 891 domni
999 839 1175 908 imperatore
1207 837 1363 890 clementer
1393 835 1470 905 apud
1507 834 1700 907 apostolicum
1726 833 1857 906 episcopi

93 929 253 986 bernwardi
280 929 475 999 conqueritur,
507 927 650 998 justitiam
675 926 802 981 fraterno
825 925 944 998 judicie,
999 940 1115 981 causam
1143 930 1347 996 prosequente.
1379 925 1488 979 Deinde
1508 924 1627 995 jubetur
1652 923 1800 995 synodum
1814 939 1858 977 ex·

93 1019 117 1073 si
140 1018 259 1085 adesset,
287 1033 317 1072 sc
332 1016 374 1073 illi
402 1016 542 1072 iacturum
571 1016 682 1071 asserit.
698 1015 819 1070 Ecoutra
840 1020 946 1084 noutc·
998 1022 1124 1086 pectere,
1138 1030 1203 1086 quae
1229 1014 1306 1086 apud
1319 1012 1507 1068 'tudertinum
1521 1013 1666 1068 civitatem
1690 1011 1749 1082 (52)
1766 1011 1796 1065 iu
1811 1026 1857 1065 na·

92 1108 224 1163 maritate
239 1107 283 1162 vel
301 1104 509 1162 inobendientia
523 1107 620 1162 deesse
635 1102 786 1172 refellitur,
803 1102 946 1175 sedgrari
998 1104 1055 1159 talo
1083 1103 1197 1158 Domini
1221 1103 1319 1157 lutura
1341 1107 1413 1167 erat,
1442 1102 1526 1157 bouis
1552 1101 1690 1157 omuibus
1716 1116 1751 1154 ex
1778 1104 1857 1170 parte

92 1194 218 1266 corporis
243 1193 378 1249 molestia
415 1192 603 1263 impeditum:
639 1207 832 1263 quecumque
867 1206 945 1246 sacer
998 1191 1296 1264 utriusqueprincipis
1310 1190 1529 1262 opulentissime
1543 1195 1725 1246 sustentatus
1742 1186 1787 1242 ¹⁸¹.

92 1288 247 1340 cenventus
270 1282 368 1338 diriuu
395 1282 467 1336 llatu
483 1279 518 1318 ¹⁴⁰
536 1281 698 1336 illustratus
724 1279 873 1346 deliberet,
884 1284 943 1335 sta·
1034 1284 1078 1337 35.
1102 1280 1206 1336 Eodem
1221 1285 1352 1351 tempere
1369 1280 1539 1352 quibusdam
1549 1278 1636 1350 jussis
1647 1276 1853 1350 imperialibus

92 1376 164 1439 tuat,
189 1370 235 1426 rel
262 1370 396 1440 imperet,
426 1367 604 1423 oboedienter
626 1385 656 1423 se
679 1367 883 1422 obsecuturum
912 1384 945 1423 ac
998 1369 1205 1436 obnitentibus,
1217 1367 1322 1440 [irater
1343 1368 1506 1424 bernwardi
1519 1369 1636 1424 Tammo
1654 1380 1758 1421 comes
1769 1364 1854 1436 impe

92 1463 272 1514 servaturum
283 1459 327 1514 ¹⁸¹.
343 1456 390 1514 Sic
407 1471 523 1528 quoque
540 1460 641 1511 mutua
654 1455 855 1512 benedictione
866 1456 941 1523 data,
997 1458 1088 1514 ratori
1098 1462 1206 1531 gratus,
1221 1457 1266 1512 rir
1288 1461 1366 1513 certe
1394 1457 1475 1513 omui
1494 1473 1607 1512 merum
1620 1455 1772 1528 probitate
1784 1470 1853 1523 pre·

92 1546 156 1617 ipsa
169 1545 216 1601 die
236 1546 309 1600 actio
326 1544 409 1600 linita
423 1549 476 1601 est.
494 1544 631 1615 Sequenti
646 1544 692 1599 die
705 1543 942 1615 archiepiscopus,
998 1548 1100 1613 clarus,
1126 1547 1162 1602 ad
1185 1546 1262 1617 regis
1276 1545 1435 1619 imperium
1460 1548 1494 1583 ¹⁸⁸
1506 1548 1660 1601 Paternum
1672 1542 1747 1615 (53),
1762 1543 1852 1598 ιιιιιιιὶ·

93 1633 197 1702 quibus
216 1631 433 1703 impellentibus
444 1632 598 1700 incertum,
615 1631 776 1687 mordacior
790 1631 824 1671 ¹⁶¹
835 1632 869 1687 ad
881 1647 943 1686 ses·
998 1640 1060 1690 tum
1078 1635 1159 1690 ralde
1182 1634 1343 1700 castellum,
1370 1633 1489 1701 insedit;
1514 1634 1596 1704 cujus
1615 1630 1752 1688 sollertia
1773 1635 1852 1702 atqie

93 1720 204 1775 sionem
228 1720 424 1791 progreditur.
448 1720 546 1791 Aliqui
570 1735 696 1792 namque
722 1724 751 1774 et
773 1719 889 1791 quidam
906 1719 941 1773 de
996 1723 1139 1778 industria
1151 1722 1181 1777 in
1196 1721 1253 1776 illis
1266 1721 1337 1777 locis
1352 1721 1425 1777 bene
1435 1723 1570 1777 tuebatur
1582 1737 1628 1776 res
1640 1719 1771 1792 publica.

93 1808 234 1880 episcopis
261 1805 305 1876 ¹⁶⁸,
320 1808 417 1863 favore
441 1808 520 1862 illius
544 1807 672 1874 adducti,
700 1808 866 1880 episcopum
881 1810 942 1863 Ber·
1032 1814 1075 1868 36.
1092 1816 1175 1866 Αιιιιο
1199 1811 1356 1882 singularis
1369 1810 1523 1866 arbritatis
1545 1809 1662 1865 Domini
1677 1806 1774 1864 nostri
1792 1807 1850 1863 lesu

93 1898 240 1952 nuardum
255 1896 371 1968 publice
385 1897 414 1950 in
432 1897 539 1968 syuodo
557 1896 766 1969 requirendum
780 1897 943 1952 ειιιάειιι111
997 1900 1102 1956 Christi
1122 1899 1275 1955 millesime
1292 1902 1429 1969 secunde,
1439 1899 1596 1955 indictione
1621 1901 1668 1961 lb,
1680 1896 1850 1968 apostolicas

93 1986 292 2056 Thangmarus
325 1991 421 2040 autem
464 1985 606 2056 presbiter
644 1986 767 2041 domnos
795 1986 943 2058 episcopos
996 1988 1251 2060 cnmimperatore
1276 1987 1440 2043 Tudertinoe
1456 1987 1550 2042 natale
1579 1985 1700 2041 Domini
1729 1985 1849 2040 celebra·

93 2078 265 2139 commonet,
296 2079 330 2129 ut
357 2074 633 2145 archiepiscopuma
650 2074 788 2144 pertinaci
805 2073 944 2129 animosi·
997 2078 1050 2145 rit3
1075 2076 1126 2132 ubi
1150 2076 1180 2131 in
1205 2075 1359 2131 festivitate
1388 2075 1480 2130 sancti
1514 2074 1632 2130 toauuis
1669 2073 1848 2145 evangelista

91 2166 148 2216 tate
167 2168 359 2232 compescant.
391 2161 520 2234 lienique
547 2163 596 2217 nei
611 2163 718 2233 pietate
733 2163 832 2218 mitior
846 2162 942 2218 archi·
997 2164 1078 2237 (Dec.
1115 2164 1162 2236 27)
1188 2163 1344 2218 concilium
1370 2162 1548 2218 coadunatur
1570 2161 1779 2234 episcoporum
1803 2175 1849 2232 per

92 2251 198 2321 presul
223 2250 360 2318 sllicitum
387 2249 558 2305 instantibus
577 2255 676 2306 tamen
695 2252 817 2320 cunetis,
847 2255 942 2307 utre·
998 2251 1167 2308 Romaniam
1190 2252 1219 2306 e't
1233 2251 1400 2323 aliquorum
1424 2251 1459 2307 de
1484 2250 1585 2307 Tuscia
1605 2254 1636 2304 et
1648 2251 1686 2286 ¹⁸⁴
1706 2248 1847 2303 italiana

93 2338 225 2393 alituram
258 2337 564 2395 Gaudenesheimeusis
598 2339 721 2394 coenobii
757 2339 943 2395 bernwardus
997 2339 1104 2395 uostris
1132 2355 1248 2412 quoque
1277 2339 1469 2395 consederunt
1493 2339 1636 2409 tietgerus
1661 2335 1845 2404 Leedicensis,

92 2426 196 2498 praesul
219 2427 389 2498 possideret,
418 2425 498 2479 nullo
523 2425 608 2480 mede
624 2426 775 2498 episcopus
789 2427 942 2494 consensit,
997 2428 1118 2484 Sitridus
1143 2427 1344 2499 Augustensis,
1371 2427 1453 2498 linge
1481 2425 1638 2482 Citiceusis.
1655 2425 1738 2480 lnter
1754 2423 1846 2479 muse·

93 2511 236 2570 aedut¹⁴⁸
258 2520 362 2571 neuter
376 2514 503 2581 illorum,
521 2530 612 2586 usque
636 2519 749 2569 octavas
763 2520 943 2586 pentecostes
997 2532 1062 2571 rum
1079 2514 1176 2586 itaqua
1192 2512 1227 2552 ¹⁸³
1246 2515 1420 2587 sollempnia
1444 2513 1660 2570 considentibus
1676 2512 1715 2568 ad
1734 2512 1847 2584 triginta
1881 2504 1888 2517 ’

94 2601 245 2658 Fridislare
276 2601 311 2641 ¹¹¹³
339 2602 374 2658 ad
404 2602 542 2673 palatium
563 2603 789 2669 convenientes
807 2606 840 2641 ¹⁴⁷
856 2603 944 2660 intre
998 2605 1138 2676 patribus,
1160 2602 1387 2674 presidentibus
1413 2619 1528 2676 queque
1543 2602 1661 2658 demnis
1672 2600 1847 2674 principibus

93 2691 198 2747 mittat.
213 2690 316 2764 Sicque
331 2689 484 2746 concilium
497 2690 547 2745 nei
561 2691 786 2763 gratiaselutum
810 2694 863 2746 est.
999 2693 1083 2749 Urbis
1105 2691 1140 2729 ¹⁸⁶
1163 2708 1238 2763 papa
1261 2697 1348 2764 atque
1374 2693 1554 2766 imperatore,
1579 2695 1649 2762 post
1670 2691 1706 2728 ¹⁸¹
1730 2704 1847 2760 evange·

129 2783 174 2838 st.
200 2782 357 2854 Episcopus
390 2781 510 2853 perinde
535 2781 660 2836 domnus
688 2782 873 2838 bernwardus
892 2798 942 2854 ge·
997 2781 1070 2838 lium
1093 2780 1218 2836 recitatis
1239 2797 1274 2837 ex
1302 2781 1424 2837 decretis
1440 2784 1600 2837 sauctorum
1614 2777 1845 2849 Patrumaliqui·

93 2871 174 2926 mina
200 2871 289 2939 gratio
314 2869 427 2925 ltaliam
456 2869 574 2924 ardebat
602 2869 691 2936 adire,
711 2870 944 2941 praecepteride·
998 2870 1051 2926 bus
1070 2867 1215 2940 capitulis,
1256 2869 1293 2925 ad
1316 2870 1500 2942 presentiam
1528 2868 1628 2942 synodi
1652 2883 1708 2938 per
1732 2866 1845 2923 oblatio·

94 2959 159 3012 licet
174 2958 322 3028 apostotici
352 2955 389 2993 ¹¹⁸
411 2957 582 3024 satisfacere,
607 2962 634 3012 et
663 2957 842 3012 carissimum
862 2957 943 3013 dem·
960 2962 981 3018 C
1000 2958 1113 3014 uarium
1142 2958 1253 3028 legatus
1279 2959 1451 3014 venerabilis
1477 2956 1511 2995 ¹¹⁸
1531 2957 1695 3012 bernwardi
1724 2953 1846 3029 episcopi

94 3063 165 3101 uum
190 3061 286 3115 regem
312 3043 348 3086 ¹⁸⁹
374 3044 480 3110 ridere,
496 3061 583 3116 quem
599 3045 655 3099 vita
678 3046 881 3116 preciosiorem
900 3062 945 3101 ce-
998 3052 1121 3102 statutns
1136 3043 1170 3084 ¹⁸⁹
1184 3051 1237 3101 est.
1262 3047 1304 3102 ad
1320 3063 1407 3118 quem
1426 3045 1461 3085 ¹⁸⁰
1476 3047 1648 3117 apostolicus
1659 3044 1749 3103 dixit:
1763 3067 1774 3094 ι
1789 3044 1845 3111 ltic,

96 3135 183 3190 letat.
201 3131 237 3176 ¹⁵⁰
253 3135 360 3190 Direxit
386 3137 481 3188 autem
505 3134 720 3205 Thaugmarum
748 3137 779 3174 ¹⁸¹
803 3135 942 3207 presbite·
996 3153 1053 3209 qua
1080 3151 1166 3190 causa
1189 3134 1224 3190 ad
1248 3140 1377 3190 nostram
1398 3135 1582 3208 praesentiam
1610 3131 1844 3202 veneris¹⁸¹,rel

94 3239 160 3279 rum
175 3221 235 3276 uice
262 3238 323 3289 sua,
347 3222 397 3293 qui
422 3226 450 3276 et
474 3221 563 3292 priori
578 3239 653 3278 auno
667 3238 763 3303 cemes
777 3223 941 3296 peregriua.
996 3225 1066 3298 quid
1093 3224 1129 3279 ed
1152 3223 1294 3295 synodum
1315 3223 1456 3278 habeus.»
1488 3223 1548 3278 idox
1571 3223 1686 3293 legatus
1708 3221 1845 3293 presbiter

92 3311 180 3368 tionis
195 3310 256 3381 ejus
269 3311 346 3382 apud
361 3309 566 3380 imperatorem
589 3311 691 3376 inerat,
707 3311 758 3384 qui
778 3314 942 3383 aprimaera
993 3314 1191 3384 'thangmarus
1209 3317 1272 3368 tote
1286 3328 1405 3383 corpore
1421 3312 1457 3368 ad
1473 3317 1577 3367 terram
1597 3315 1772 3382 prostratus,
1787 3324 1845 3365 ers·

91 3400 242 3471 juventute
259 3396 402 3469 usquead
418 3397 557 3453 caniciem
571 3398 673 3453 scolari
692 3398 787 3453 studio
802 3399 939 3468 intentus,
995 3406 1115 3472 ctusque
1127 3400 1285 3455 faventium
1302 3401 1445 3470 manibus,
1460 3400 1581 3473 pedibus
1597 3398 1753 3471 utriusque
1768 3397 1843 3471 prin·

93 3485 254 3542 nutriendis
265 3486 364 3556 pueris
389 3485 621 3557 operamdabat.
650 3485 940 3556 llicadpraeseutiam
995 3489 1066 3560 cipis
1102 3488 1297 3561 provolvitur;
1332 3504 1568 3561 consurgensque
1594 3487 1635 3543 ita
1664 3485 1703 3524 ¹⁸¹
1733 3486 1842 3557 incipit:

92 3590 176 3647 papae
192 3577 220 3630 et
247 3573 433 3645 imperatoris
454 3589 520 3630 cum
550 3574 679 3646 epistolis
701 3589 734 3629 ec
760 3575 942 3631 mandaticiis
996 3598 1010 3626 a
1036 3578 1175 3633 Dominus
1212 3593 1294 3631 mens
1315 3577 1494 3649 apostolatus
1521 3575 1606 3631 sesni
1634 3574 1847 3642 auctoritatem

797 3725 914 3781 VAlllAE
936 3725 1133 3784 LECTIONES.

136 3826 340 3884 187ιιοῑαιὶιιιιι
367 3830 393 3883 3.
424 3824 460 3863 ¹⁸⁸
483 3828 515 3882 T.
552 3829 579 3882 2.
609 3824 645 3864 ¹⁸⁹
671 3843 772 3899 pronae
802 3831 829 3882 1.
859 3825 896 3864 ¹⁴⁰
920 3833 996 3884 statu
1029 3834 1051 3885 1.
1090 3830 1162 3885 flatu
1196 3832 1223 3884 2.
1255 3825 1290 3866 ¹⁶¹
1319 3833 1510 3884 servaturum.
1537 3826 1696 3882 Acerbiora
1724 3841 1842 3899 namque

92 3900 243 3970 utrobique
271 3899 401 3970 asperius
424 3903 505 3970 gesta
520 3897 685 3953 afratribus
711 3906 779 3953 ante
802 3899 1014 3968 processionem
1029 3900 1248 3956 consedentibus
1262 3904 1330 3954 sunt
1355 3900 1469 3970 publice
1483 3897 1645 3968 explanata,
1666 3914 1735 3970 quae
1750 3899 1782 3954 in
1807 3897 1842 3952 si·

90 3973 168 4025 nodo
195 3971 316 4026 reticere
339 3970 494 4039 imperant,
524 3984 560 4022 ne
582 3968 654 4024 lerte
679 3970 757 4024 litem
785 3975 933 4039 generent.
958 3971 1003 4026 Sic
1026 3974 1053 4027 2.
1079 3971 1116 4010 ¹⁶¹
1144 3973 1163 4026 i.
1192 3987 1220 4042 q.
1249 3969 1269 4024 i.
1293 3971 1381 4041 paulo
1405 3985 1445 4024 m.
1473 3973 1500 4023 2.
1520 3966 1553 4005 ¹⁴⁸
1581 3985 1607 4023 e.
1624 3976 1758 4023 metune
1785 3967 1804 4024 i.
1817 3970 1840 4022 2.

92 4039 128 4076 “¹
156 4041 285 4096 suadent.
317 4040 443 4094 Directos
466 4054 583 4111 quoque
602 4038 637 4093 ab
661 4054 705 4104 eo,
731 4044 759 4093 et
788 4041 929 4111 praecipue
954 4043 1166 4113 presbyterum,
1196 4045 1390 4107 commouent,
1418 4043 1596 4094 sacramento
1623 4043 1656 4093 ut
1680 4041 1840 4111 episcopum

91 4117 213 4165 excuset.
231 4112 280 4165 llle
305 4110 340 4164 de
356 4125 386 4162 se
411 4109 452 4163 nil
477 4124 665 4181 presumens,
690 4125 755 4164 curn
784 4111 1045 4182 tamense-pissime
1071 4110 1207 4168 sinodicis
1228 4111 1394 4166 interfuerit
1416 4110 1553 4173 conciliis,
1579 4124 1645 4164 cum
1673 4106 1841 4180 eaeterisqui

91 4180 173 4235 illum
199 4181 333 4236 iacebant
347 4179 626 4251 archiepiscoporum
641 4186 869 4251 caeterorumque
892 4181 1018 4251 clericos,
1035 4185 1085 4254 qui
1101 4185 1130 4239 iu
1145 4181 1249 4238 divinis
1272 4181 1442 4252 peritissimi
1465 4181 1593 4247 aderaut,
1608 4181 1766 4251 negocium
1780 4194 1839 4250 per-

90 4252 217 4320 pendere
235 4257 314 4316 erat3
341 4257 564 4313 sacramentum,
580 4249 656 4320 qued
684 4250 739 4306 sibi
764 4250 925 4318 intendant,
942 4269 1092 4325 nunquam
1121 4254 1336 4308 uisicauonum
1360 4251 1529 4307 auctoritate
1551 4250 1671 4317 subeat3
1702 4258 1838 4322 pestremo

91 4325 264 4375 conventum
285 4319 365 4374 nulla
390 4321 559 4375 auctoritate
579 4320 744 4390 subnixum,
760 4337 847 4391 quern
873 4338 960 4392 super
986 4326 1173 4394 apostolicam
1200 4323 1333 4377 sinodum
1353 4322 1544 4387 conciveriut;
1568 4320 1724 4376 humiliter
1738 4335 1838 4391 sesop-

90 4391 197 4460 plicare
212 4396 240 4445 et
254 4392 413 4457 obsecrare,
429 4396 461 4446 nt
476 4391 610 4446 domines
629 4391 666 4461 (a)
683 4392 831 4464 episcopos
854 4401 1067 4456 commoneant,
1085 4401 1117 4449 ut
1140 4393 1386 4463 archiepiscopum
1401 4409 1417 4447 a
1431 4391 1588 4464 pertinacia
1611 4398 1641 4446 et
1665 4392 1839 4447 animositate

90 4464 282 4531 compescant.
326 4461 397 4516 Crrm
433 4467 499 4533 post
526 4461 581 4515 hec
619 4461 668 4515 nei
698 4463 803 4533 pietate
831 4462 930 4518 mitior
956 4466 1033 4520 archi
1058 4465 1139 4519 raesul
1167 4464 1290 4519 eflicitur
1318 4466 1346 4519 2.
1375 4460 1409 4507 ¹⁴⁸
1440 4463 1512 4517 deest
1542 4465 1566 4516 1.
1592 4462 1627 4498 ¹⁴⁰
1653 4461 1794 4517 fridisleri
1816 4461 1838 4514 2.

92 4532 126 4612 *fi
154 4530 226 4586 deest
257 4537 282 4586 1.
312 4529 347 4568 ¹⁶⁸
370 4531 462 4600 aplico
489 4534 516 4586 2,
546 4527 582 4568 ¹⁴⁹
607 4531 679 4587 deest
710 4531 807 4593 2.,’1ο
834 4534 953 4590 colebat.
993 4482 1055 4591 Serri1
1077 4534 1220 4606 frequenti
1245 4534 1324 4588 iebre
1352 4534 1487 4588 laborans
1520 4536 1633 4611 tanturn
1667 4533 1725 4587 iter
1753 4530 1857 4610 subirt‘

90 4602 222 4656 timebat.
251 4602 358 4657 Direrit
384 4606 411 4656 2.
433 4601 470 4637 ¹⁸¹
497 4603 713 4674 Thougmarum
739 4605 754 4655 2
783 4607 891 4673 septaes.
927 4602 963 4641 ¹⁸¹
986 4610 1172 4661 sustentatus.
1211 4603 1334 4659 Romani
1361 4619 1429 4658 uero
1456 4602 1655 4673 imperialibus
1672 4602 1838 4673 jussisebtr-

91 4675 200 4734 nentes,
214 4674 314 4727 crebra
329 4672 494 4727 incursione
505 4673 672 4745 fatigantur.
691 4672 787 4744 Copiae
800 4674 981 4743 imperatoris
995 4677 1150 4732 Paternum
1175 4675 1319 4730 munitum
1346 4674 1428 4729 valde
1452 4673 1600 4728 castellnm
1613 4672 1786 4740 insidentes,
1802 4672 1856 4726 in·.

90 4749 233 4799 cessanter
248 4743 408 4815 irruptione
423 4754 451 4798 et
463 4744 677 4813 depraedatione
692 4749 721 4798 et
748 4745 905 4799 multorum
920 4761 986 4817 sepe
1001 4747 1198 4803 internecione
1218 4745 1345 4816 graviter
1368 4744 1433 4799 illos
1446 4744 1593 4799 vexabant.
1621 4742 1724 4799 Frater
1737 4744 1837 4816 quippe

90 4814 253 4872 bernwardi
283 4813 410 4885 episcopi
440 4815 560 4869 'lemme
588 4831 693 4876 comes.
717 4815 886 4884 imperatori
914 4822 1022 4886 gratus,
1051 4834 1118 4873 cum
1146 4817 1293 4887 aliquibus
1323 4815 1423 4881 vassis,
1473 4831 1525 4869 uos
1543 4812 1841 4886 praetatusepiscopus

89 4887 216 4942 inerma
237 4884 401 4954 imperialia
427 4883 630 4951 destinauerat,
656 4886 823 4957 presidium
852 4887 1015 4953 servabant,
1041 4893 1068 4942 et
1091 4889 1128 4944 ad
1154 4887 1272 4941 illerum
1299 4892 1404 4941 nutum
1425 4830 1546 4941 beilum
1572 4889 1731 4956 apparatus
1746 4885 1842 4954 ageba·

89 4962 146 5012 tur.
177 4957 359 5028 apostolicus
388 4955 508 5027 perinde
537 4956 693 5012 Tudertine
717 4957 892 5027 singularem
917 4957 1019 5012 Christi
1046 4958 1225 5014 nativitatem
1252 4957 1415 5011 celebravit.
1441 4958 1468 5011 2.
1494 4958 1531 5022 cs.
1554 4970 1616 5024 cup.
1648 4950 1749 5010 35.¹⁸⁸
1771 4955 1793 5010 1.
1814 4953 1843 5008 de

88 5027 383 5096 Summerschenburg
407 5032 561 5094 paternum
576 5028 606 5081 in
634 5028 689 5082 leco
714 5041 777 5082 rese
800 5031 827 5093 3;
858 5030 986 5083 correctio
1013 5030 1170 5098 insipientis
1195 5028 1318 5094 librarii,
1349 5029 1398 5097 qai
1430 5027 1575 5090 Peterrmm
1603 5027 1634 5079 in
1663 5026 1751 5080 ltalia
1773 5027 1843 5092 ique

89 5114 166 5164 runs,
196 5099 240 5152 tu'c
264 5099 297 5152 de
321 5098 431 5153 castello
460 5099 616 5153 Tummonis
642 5102 756 5166 poteram
785 5097 858 5167 quod
886 5098 1157 5168 Summerselenberq
1192 5100 1280 5167 (ause
1310 5097 1439 5161 eredidit,
1462 5110 1609 5151 remearem
1632 5109 1690 5150 esse
1716 5089 1843 5166 putabat!

91 5165 128 5204 ¹⁵·
156 5167 199 5222 vel
222 5171 251 5223 2.
285 5166 321 5205 ¹³³
339 5184 464 5239 namque
490 5170 516 5222 2.
543 5163 578 5205 ¹¹⁸
605 5167 681 5222 orbis
700 5170 728 5223 2.
757 5166 791 5204 ¹⁸⁷
817 5176 884 5224 ante
908 5172 938 5225 2.
964 5165 1001 5204 ¹³⁸
1025 5169 1182 5226 venerandi
1210 5172 1238 5225 2.
1265 5165 1302 5205 ¹⁸⁹
1328 5169 1463 5223 statuitur
1484 5168 1512 5221 2.
1536 5164 1572 5204 ¹⁸⁰
1599 5182 1632 5237 q.
1659 5165 1843 5223 demanant·

91 5234 127 5275 ¹⁸¹
142 5238 255 5292 venires
265 5241 293 5294 2.
308 5238 649 5311 ⁴⁸¹Cousurgensitaque
667 5239 694 5293 2.
910 5308 1012 5366 Now

127 5397 180 5464 (52)
195 5393 273 5449 Tudi.
397 5481 400 5487 Ι
1030 5398 1204 5471 (a)diminos
1219 5401 1246 5453 2.

125 5497 182 5569 (53)
197 5495 329 5552 Paterno.
