3878 6112
91 277 142 332 ns
742 274 770 330 s.
792 241 935 329 ueneror
955 237 1196 329 reeensrorus
1798 275 1849 328 sio

87 396 273 459 serenitatem
289 394 424 451 culminis
445 394 546 461 nostri,
571 395 729 467 deprecans
744 398 776 450 ut
790 410 835 448 res
858 395 934 465 ejrrs·
949 398 973 450 Α
991 395 1083 450 nostri
1104 411 1162 450 une
1183 410 1248 450 cum
1277 394 1353 449 clero
1375 398 1404 450 et
1430 393 1581 450 monachis
1602 394 1658 450 sibi
1685 395 1851 450 commissis

86 487 152 541 dem
179 483 346 539 monasterii
369 499 436 539 curn
458 484 625 538 bominibus
640 484 695 538 sibi
718 482 854 555 subjectis
881 483 933 537 sub
993 484 1108 539 Domini
1123 483 1295 538 immensam
1310 482 1491 539 clementiam
1500 483 1610 555 jugiter
1627 499 1759 539 exorare.
1777 485 1851 540 Etnt

87 573 270 629 immunitate
299 576 405 628 nostrae
440 572 614 627 detensionis
645 571 810 637 consistere,
841 579 870 626 et
901 572 936 625 eb
992 573 1336 628 hecauctoritasnosna
1354 572 1459 627 futuris
1482 573 1662 642 temporibus
1691 572 1849 628 inviolabi-

87 661 461 732 omnipublrcaluuclione,
488 668 517 716 et
536 660 691 732 judiciarie
721 660 937 715 exactioneim·
991 663 1149 733 temetque
1175 662 1374 716 inconvulsam
1395 660 1523 715 obtineat
1549 660 1727 730 tlrmitatem,
1760 678 1848 717 manu

89 767 177 807 mune
192 752 374 822 liberumque
384 749 619 816 reddidissemus,
640 750 722 820 cuius
737 749 884 819 petitione,
900 749 936 802 ob
991 748 1424 821 propriasubterfirmavimus,
1445 755 1475 802 et
1488 748 1589 803 annuli
1603 748 1697 805 nostri
1718 749 1840 820 impres·

90 856 218 895 amorem
260 840 338 903 dicti,
374 845 403 895 et
430 839 620 894 reverentiam
645 840 674 894 B.
707 838 783 893 Petri
805 836 937 908 apostoli,
992 839 1071 894 sione
1084 837 1217 910 insigniri
1228 838 1376 909 jussimus.
1393 838 1485 904 Quem
1504 837 1529 892 si
1542 837 1607 910 quis
1630 837 1740 893 violare
1768 855 1845 909 prae-

90 927 236 986 Leurentii
264 932 293 982 el
307 927 486 993 columbani,
504 927 626 981 libenter
651 942 799 980 assensum
813 926 938 997 prebui·
992 925 1155 996 sumpserit,
1171 925 1284 980 scietas
1306 924 1532 995 compositorum
1556 925 1619 980 aori
1629 926 1735 995 optimi
1760 926 1848 982 libres

89 1034 163 1084 mus,
179 1032 212 1070 ac
234 1031 286 1086 per
309 1016 382 1069 benc
403 1022 508 1069 nostrie
535 1015 712 1069 auctoritatis
738 1016 874 1085 paginam
894 1029 939 1067 se·
989 1020 1114 1080 centum,
1138 1013 1323 1069 medietatem
1343 1013 1478 1084 predicto
1504 1014 1689 1083 monasterio,
1714 1016 1762 1069 cui
1787 1015 1844 1070 vio·

89 1104 372 1174 cuodumpraecdpta
387 1104 629 1173 praedecessorum
646 1111 810 1157 nostrorum
836 1118 938 1171 regum
990 1103 1107 1158 lentiam
1124 1102 1230 1167 intulit,
1248 1108 1277 1156 et
1298 1102 1481 1157 medietatem
1504 1119 1628 1157 camerae
1653 1109 1775 1170 nostrae,
1792 1105 1844 1160 bac

88 1191 221 1246 videlicet
248 1197 277 1246 et
302 1193 521 1261 imperatorum,
550 1192 578 1246 id
602 1201 645 1245 est
668 1191 771 1255 Caroli,
790 1191 934 1257 Ludovici,
992 1190 1633 1261 nostreinscriptioneinconvulsamanente.

89 1279 225 1346 Lotharii,
256 1281 363 1351 Ugouis
383 1286 412 1334 et
427 1280 515 1334 trium
539 1279 730 1346 othonorum,
753 1279 938 1333 deceruimus
1028 1280 1283 1362 Signumldonqiui
1297 1281 1422 1336 Heinrici
1435 1282 1600 1336 serenissimi
1618 1286 1645 1336 et
1670 1277 1846 1336 invictissimi

91 1370 122 1420 ut
134 1380 234 1419 omnes
257 1382 302 1419 ros
318 1366 427 1436 prelati
443 1365 619 1430 monasterii,
633 1381 698 1420 cum
718 1365 837 1431 cellulis,
850 1369 878 1420 et
889 1365 939 1418 ho·
992 1370 1058 1437 imp.
1074 1369 1205 1435 Augusti.

91 1454 216 1508 minibus
226 1453 281 1508 sibi
300 1454 443 1525 subjectis,
463 1454 516 1509 sub
536 1460 642 1509 nostre
657 1452 830 1508 detensionis
846 1452 939 1507 muni·
1027 1454 1164 1510 Henricus
1183 1453 1370 1509 cancellarius
1401 1453 1461 1510 vice
1491 1454 1622 1510 Luilardi
1653 1455 1787 1527 episcopi
1819 1462 1846 1512 ct

91 1543 169 1598 mine
181 1542 272 1596 modis
302 1543 436 1597 omnibus
459 1542 625 1597 consistant.
641 1542 769 1613 Denique
789 1542 939 1596 contirma·
993 1543 1418 1615 archicancellariirecognovit.

92 1646 157 1685 mus
184 1634 213 1684 el
230 1631 447 1685 corroboramus
458 1632 518 1700 jam
541 1631 616 1685 dicto
640 1630 815 1685 monasterio
839 1646 975 1730 omncsB
1029 1633 1131 1687 Datum
1146 1632 1241 1686 Nonas
1261 1632 1335 1695 teeti,
1353 1647 1428 1687 anno
1453 1631 1610 1686 Dominicae
1638 1631 1847 1688 incarnationis

92 1735 147 1785 res,
164 1718 284 1789 chortes,
302 1720 394 1786 villos,
419 1720 562 1788 ecclesias,
592 1720 689 1786 cellas,
709 1718 894 1785 massaritios,
911 1722 940 1772 et
997 1724 1076 1790 10¹4,
1092 1721 1190 1777 indict.
1220 1737 1271 1788 xu,
1298 1737 1375 1775 anno
1404 1736 1471 1774 vero
1494 1720 1607 1776 domiui
1635 1720 1754 1777 Haurici
1778 1722 1844 1793 imp.

91 1807 213 1863 familias
224 1809 372 1880 utriusque
391 1825 486 1879 sexus,
510 1825 562 1864 nec
585 1825 644 1863 non
668 1808 810 1879 primitias
840 1812 868 1863 et
891 1807 941 1863 de·
994 1809 1116 1881 Augusti
1130 1809 1278 1882 regnantis
1293 1826 1341 1872 xu,
1353 1808 1467 1880 imperii
1490 1815 1584 1864 autem
1605 1809 1668 1880 ejrrs
1685 1826 1704 1864 r.

91 1897 258 1953 cimationes
272 1904 440 1953 cunctorum
465 1898 617 1953 hominum
643 1903 749 1953 torrem
780 1897 869 1968 ipsius
888 1896 941 1951 eb·
1029 1902 1131 1953 Actum
1147 1898 1242 1969 Papius
1257 1897 1289 1953 in
1302 1897 1410 1970 palatio
1422 1896 1573 1953 Ticinense
1588 1897 1720 1968 feliciter,
1750 1896 1779 1952 in
1800 1896 1843 1952 liei

91 1985 177 2042 batiae
193 1986 395 2052 laborantium,
410 1986 484 2041 sicut
502 2002 556 2057 per
574 1985 723 2058 privilegia
747 1987 940 2041 Romanorum
994 1986 1121 2042 nomine.
1134 1990 1234 2042 Amen.

91 2073 270 2144 pontificum,
289 2090 399 2147 senper
411 2080 553 2146 precepta
564 2089 664 2144 regum
688 2077 716 2128 et
734 2073 941 2143 imperatorum
1372 2074 1467 2130 Lxxx.

92 2162 198 2218 ibidem
216 2178 348 2217 concesse
366 2168 395 2218 et
413 2163 581 2218 confirmata
605 2167 682 2232 sunt,
712 2179 771 2217 nna
785 2178 851 2216 cum
866 2166 943 2216 terra
994 2166 1023 2222 S.
1051 2165 1173 2220 Heinrici
1185 2167 1350 2234 preceptum
1375 2179 1424 2233 per
1447 2163 1521 2232 quod
1552 2164 1775 2219 wormatiensem
1796 2166 1837 2219 Bc·

92 2266 178 2323 quam
194 2251 473 2305 trabetincomitatu
496 2240 651 2306 Mutinensi
666 2251 696 2305 in
725 2252 786 2305 loco
810 2250 942 2305 ettundo
1030 2237 1149 2321 tifilam,
1168 2235 1299 2290 “tiverius
1327 2236 1440 2304 imiimi
1477 2236 1604 2288 mnium
1632 2235 1835 2304 Pfflvimissil'lll

92 2339 466 2412 quirocaturPlagasseno,
491 2356 556 2395 cnm
583 2339 691 2411 capelle
717 2340 744 2394 S.
773 2338 943 2395 columbani
1030 2311 1212 2377 'mmmmm
1227 2310 1326 2360 mem·

91 2428 164 2485 inibi
177 2434 349 2498 constructa,
366 2446 416 2484 seu
439 2436 467 2483 et
479 2430 674 2485 emolumenta
695 2428 790 2493 habel,
806 2433 892 2500 atque
906 2426 943 2498 lin
1127 2476 1128 2479 ,
1320 2391 1417 2461 (ᾸοΠο
1436 2392 1522 2462 Μ’)

94 2516 209 2571 salsina.
223 2518 294 2573 Etin
320 2518 458 2573 comitutu
485 2518 633 2572 Parmensi
660 2517 723 2572 loco
749 2516 799 2588 qui
825 2522 944 2570 vocator
1104 2497 1271 2573 [seminis
1282 2501 1460 2569 Episcopatus
1472 2499 1615 2563 mimi-2
1633 2499 1670 2566 ¹¹,
1686 2497 1744 2568 4⁰]

95 2605 209 2672 Ceselte,
224 2611 254 2660 et
267 2606 296 2660 in
308 2606 455 2673 beneseto,
470 2609 499 2661 et
512 2606 542 2661 in
560 2605 696 2676 Farigari,
722 2609 751 2660 el
775 2605 941 2671 Gelemouo,
1032 2606 1065 2659 In
1081 2606 1200 2660 nomine
1220 2610 1325 2660 sancte
1352 2609 1381 2660 cl
1402 2603 1561 2660 individue
1588 2603 1747 2671 Trinitatis,
1769 2602 1836 2658 lius·

93 2697 179 2764 etque
194 2693 399 2766 inSolignano.
416 2697 448 2751 ln
473 2695 609 2750 comitutu
625 2709 741 2765 quoquo
756 2692 941 2759 voloterensi,
996 2708 1083 2760 nicus,
1109 2692 1207 2749 divina
1233 2693 1448 2765 preordinante
1492 2692 1656 2760 clementia,
1691 2691 1836 2763 imperator

94 2782 290 2839 chorticellam
310 2799 399 2838 unam
422 2799 488 2854 que
508 2788 626 2838 vocetur
649 2781 849 2854 Frigesimnm,
877 2797 943 2837 cum
996 2785 1150 2853 Augustus.

95 2870 231 2925 omuibus
245 2871 303 2925 suis
313 2871 494 2942 pertinentiis
509 2871 569 2926 sive
586 2871 614 2924 in
623 2870 687 2924 aliis
713 2870 943 2941 quibuscumque
1032 2870 1062 2926 Si
1077 2869 1263 2942 petitionibus
1285 2869 1465 2927 secerdotum
1484 2869 1633 2942 Dei,qood
1662 2869 1697 2925 ed
1719 2872 1837 2924 nostram

94 2958 421 3021 comitalibusvellocis‚
444 2960 530 3015 simul
559 2975 623 3013 cum
645 2958 727 3025 casis,
743 2957 941 3024 sediminibus,
958 2955 979 3011 C
996 2961 1130 3016 notitiam
1167 2960 1202 3015 de
1236 2959 1452 3014 nscessitatibus
1488 2957 1740 3014 &stauarumsibi
1772 2973 1840 3013 cotn-

94 3046 212 3117 campis,
234 3047 336 3116 vineis,
360 3047 460 3119 pratis,
484 3047 609 3119 pascuis,
633 3047 710 3101 silvis
738 3063 771 3100 ac
795 3046 941 3113 stallariis,
997 3049 1150 3104 missarum
1166 3048 1346 3120 pertulerint,
1359 3048 1396 3104 ed
1411 3046 1545 3104 effectum
1573 3045 1771 3118 perducimus,
1791 3047 1840 3101 hoc

95 3135 187 3205 aquis,
207 3152 405 3208 aquarumque
429 3136 606 3201 decursibus,
638 3135 822 3201 molendinis,
851 3135 943 3205 pisce·
997 3137 1081 3192 nobis
1107 3138 1360 3204 incunctanter,et
1380 3136 1417 3192 ed
1442 3135 1609 3208 temporalis
1627 3136 1713 3208 regni
1727 3141 1838 3202 statum,

94 3223 229 3288 tionibus,
245 3225 457 3292 venationibus,
483 3225 642 3292 montibus,
663 3223 794 3288 vallibus,
819 3223 942 3294 alpibus,
998 3229 1027 3281 et
1051 3227 1087 3280 ed
1113 3231 1230 3281 aeternae
1249 3224 1437 3281 beatitudinis
1462 3224 1675 3280 incrementum
1708 3222 1841 3296 prolicere

95 3312 278 3383 planitiebus,
290 3313 381 3384 rupis,
400 3312 520 3385 rupinis,
550 3313 637 3367 serris
656 3317 684 3367 et
708 3313 829 3379 ancillis,
857 3311 945 3367 aldio·
998 3313 1179 3369 conlidimus.
1196 3313 1320 3384 Ideoque
1334 3311 1464 3367 omnium
1477 3312 1528 3367 Dei
1543 3311 1693 3382 nostrique
1707 3311 1843 3378 fidolium,
1884 3362 1886 3367 .

96 3401 191 3465 nibus,
208 3401 340 3466 aldianis,
357 3403 498 3466 mercatis,
515 3401 647 3470 teloneis,
672 3400 838 3471 cunctisque
859 3400 945 3454 rebus
998 3403 1186 3474 praesentium
1196 3401 1303 3457 scilicet
1325 3405 1354 3457 et
1371 3401 1548 3464 futurorum,
1577 3400 1688 3455 noverit
1710 3398 1846 3455 industris
1884 3402 1886 3445 ἶ

96 3489 132 3543 ad
154 3489 303 3561 prefatam
332 3491 477 3545 abbatiam
507 3489 720 3560 pertinentibus
740 3495 800 3544 tam
822 3505 855 3543 ee
879 3505 945 3560 que
999 3492 1144 3565 quomodo
1166 3489 1337 3545 venerabilis
1358 3490 1401 3544 vir
1428 3488 1619 3558 borchardus,
1639 3493 1746 3544 sancte
1769 3489 1844 3544 Wor·
1884 3534 1886 3579 i

98 3593 174 3633 nunc
187 3579 293 3635 habere
310 3579 426 3634 videtur
439 3595 584 3650 quamque
601 3595 634 3633 ea
657 3594 722 3649 quse
749 3577 884 3648 deinceps
904 3577 945 3632 di·
999 3578 1147 3636 mutiensis
1159 3577 1290 3633 Ecclesia!
1305 3577 1467 3648 episcopus,
1479 3576 1625 3632 communi
1642 3575 1843 3633 lamentatione
1883 3624 1886 3649 ,

97 3667 163 3722 vine
190 3668 284 3739 pietas
311 3668 436 3724 voluerit
461 3667 567 3722 addere
597 3667 640 3721 rel
663 3665 848 3737 amplificare,
873 3666 946 3720 sicut
1000 3668 1169 3740 pontificum
1183 3673 1213 3723 ot
1229 3667 1367 3722 abbatum
1395 3667 1524 3738 ejusdem
1544 3665 1712 3740 provinciae,
1739 3664 1844 3721 celsitu
1884 3682 1886 3735 ;

97 3757 322 3827 praedecessores
336 3755 427 3811 nostri
441 3757 495 3811 hoc
510 3757 586 3811 idem
611 3755 817 3810 monasterium
832 3769 947 3824 semper
1000 3758 1099 3813 dinem
1115 3760 1243 3811 nostram
1264 3755 1337 3811 adiit
1357 3771 1418 3810 sese
1444 3753 1628 3811 reclamando
1650 3755 1689 3810 ob
1717 3755 1843 3828 frequen

98 3851 274 3912 tutaverunt,
288 3847 365 3901 itaet
379 3851 479 3902 nostre
499 3862 553 3900 nos
578 3845 723 3917 imperiali
751 3843 872 3898 tuitione
897 3844 946 3898 de·
1000 3844 1211 3915 teminjuriem
1238 3860 1271 3898 ac
1293 3845 1385 3915 legem
1407 3844 1593 3916 injustam,e
1623 3843 1778 3900 comitibus
1799 3859 1843 3897 no·
1884 3866 1886 3873 ·

97 3935 210 3991 sensum
229 3939 314 4005 etque
337 3934 483 3989 munitum
507 3934 542 3988 ab
563 3934 696 3988 omnibus
709 3932 833 3987 inimicis
860 3936 889 3986 et
905 3931 948 3986 in·
1001 3935 1077 4001 stris,
1092 3933 1209 3989 lamiliae
1225 3949 1284 3988 suae
1306 3933 1438 3988 Ecclesiae
1457 3933 1521 4003 toti,
1546 3932 1775 4006 presumptione
1795 3931 1843 3987 im·
1882 3920 1886 3953 ⁸

98 4022 245 4079 rasoribus
266 4023 423 4077 alienatum
460 4037 521 4076 esse
561 4021 752 4091 praecipimus.
786 4020 947 4075 statuentes
1001 4023 1177 4096 positam,ut
1191 4020 1320 4093 quisquis
1339 4038 1372 4075 ex
1393 4022 1493 4077 eadem
1518 4020 1628 4076 familie
1652 4020 1684 4075 in
1701 4020 1787 4088 lutto,
1806 4017 1841 4074 rel

99 4111 314 4183 ergojubemus
329 4117 415 4182 alque
436 4109 620 4181 praecipimus
634 4113 667 4163 ut
680 4110 775 4163 nullus
788 4109 878 4162 ludex
893 4125 947 4179 pu·
1001 4126 1108 4183 pugna,
1124 4108 1441 4180 autaliquacriminali
1468 4125 1553 4164 cansa
1572 4108 1726 4180 culpabilis
1756 4108 1843 4164 insen·
1884 4176 1886 4183 Ι

99 4198 202 4262 blicus,
226 4204 277 4253 eut
303 4199 427 4270 quilibet
464 4197 620 4267 superioris
643 4196 752 4252 ordinis
780 4197 948 4267 reipublice.
1001 4198 1234 4264 tosfuisset,seu
1249 4197 1410 4269 magnevol
1430 4212 1520 4269 parva
1535 4201 1681 4262 resesset,
1702 4197 1843 4253 lltlsolidos

99 4286 429 4358 procuratoredcausas
451 4285 604 4356 judiciario
629 4301 709 4340 moro
741 4285 898 4341 audiendos
916 4287 986 4354 inp
1005 4286 1102 4342 comiti
1134 4301 1247 4357 semper
1278 4302 1452 4356 componere
1489 4285 1661 4353 debuisset,
1693 4285 1769 4341 inter
1790 4284 1840 4341 bec

100 4374 408 4441 ecclesiasautvillas,
434 4389 484 4429 seu
503 4373 630 4444 reliquas
657 4374 862 4443 possessiones,
878 4392 950 4447 ques
1004 4375 1090 4430 etiem
1106 4379 1249 4446 precepta
1274 4374 1477 4443 immunitatis,
1506 4390 1572 4445 quse
1594 4373 1842 4430 christianissimus

100 4462 380 4533 modernotempore
399 4463 429 4517 in
452 4462 627 4534 quibuslibet
650 4462 802 4533 provinciis
818 4468 868 4518 aut
896 4470 951 4519 ter·
1006 4466 1179 4520 Francorum
1192 4478 1242 4517 rex
1258 4463 1505 4533 DagobertusDeo
1524 4462 1688 4534 sanctisque
1703 4463 1840 4534 sumapos·
1883 4510 1886 4519 .

101 4551 209 4607 ritoriis
237 4551 351 4623 imperii
376 4551 466 4607 nostri
492 4551 569 4623 juste
595 4556 623 4606 et
638 4551 769 4622 legaliter
798 4556 886 4618 tenet,
908 4553 952 4606 in·
1004 4552 1170 4608 tolisPetro
1186 4550 1460 4622 ctPauloprimitos
1476 4551 1660 4616 condonarit,
1682 4549 1840 4606 sisibusne·
1882 4536 1886 4579 ‘³

101 4641 182 4713 gredi
206 4645 372 4713 praesumat,
401 4656 454 4695 nec
477 4640 562 4695 leode
581 4656 633 4695 nec
663 4639 779 4710 tribute,
797 4646 847 4696 aut
869 4656 949 4696 men·
1005 4641 1070 4697 stris
1085 4639 1240 4712 relegenda
1261 4639 1455 4711 presentavit,
1471 4639 1502 4695 in
1522 4639 1627 4710 quibus
1652 4639 1791 4710 scriptum
1809 4636 1840 4691 est

99 4731 203 4801 siones,
240 4735 290 4785 aot
326 4729 483 4798 teloneum,
529 4737 579 4784 eut
621 4729 805 4799 tideJ'ossores
842 4730 950 4791 tollere,
1005 4729 1151 4801 quomodo
1174 4727 1235 4799 ipse
1263 4727 1440 4799 [lagobertus
1474 4727 1624 4784 constituit
1646 4732 1681 4782 ut
1700 4727 1838 4782 nullnsss

101 4825 151 4877 eut
171 4818 305 4874 homines
333 4822 392 4873 tam
429 4818 572 4890 ingenuos
614 4833 702 4889 quam
738 4833 833 4872 servos
866 4833 952 4889 super
1005 4833 1066 4873 mes
1080 4816 1207 4888 aliquem
1223 4815 1253 4871 in
1268 4816 1360 4871 causis
1373 4816 1763 4888 audiendissnpereemdem
1775 4808 1839 4869 tent·

101 4913 210 4964 terram
225 4908 316 4979 ipsius
328 4906 496 4961 monasterii
523 4911 737 4962 commanentes
767 4906 951 4979 distringere,
1006 4904 1076 4959 liam
1102 4907 1278 4974 potestatem
1303 4904 1445 4971 haberet;
1479 4904 1597 4976 insuper
1625 4901 1839 4959 confirmationes

102 4998 237 5053 neculles
255 4996 385 5068 publicas
415 4995 577 5052 functiones
599 5001 650 5050 aut
671 4995 879 5051 redhibitiones
907 4996 952 5051 vel
1006 5010 1200 5051 successorum
1215 4994 1316 5049 illius:
1339 4994 1472 5049 videlicet
1487 4993 1612 5064 Pippini,
1634 4992 1741 5058 Caroli,
1769 4989 1840 5048 todo·

102 5085 216 5141 illicitas
237 5084 400 5141 occasiones
424 5084 572 5155 inquirere
611 5084 733 5151 audeet;
755 5084 816 5150 sed,
841 5090 954 5140 remote
1006 5084 1071 5151 rici,
1096 5082 1215 5151 arnolfi,
1243 5083 1370 5149 Henrioi,
1396 5085 1486 5137 trium
1510 5083 1662 5148 Ottonum,
1686 5079 1841 5136 clarissime·

104 5173 234 5228 omnium
249 5173 401 5228 bominum
430 5171 655 5228 contradictione
686 5177 715 5228 el
741 5172 951 5245 inquietudine,
1008 5187 1072 5227 rum
1101 5187 1204 5243 regom
1230 5171 1274 5226 rel
1307 5170 1527 5241 imperatorum,
1560 5174 1775 5225 antecessorum
1799 5181 1844 5222 no·

104 5259 187 5315 liceat
215 5266 374 5316 memorato
408 5260 503 5315 abbati
531 5259 647 5330 suisque
669 5260 881 5317 successoribus
908 5276 954 5315 res
1008 5265 1143 5326 strorom,
1164 5259 1246 5314 nobis
1261 5259 1426 5330 nostrisque
1438 5257 1573 5314 fidelibus
1590 5253 1847 5320 demonstrantis

103 5347 235 5420 predicti
250 5348 428 5416 monasterii,
441 5353 469 5405 et
488 5347 653 5403 hominibus
668 5347 703 5402 ad
732 5364 761 5403 se
787 5347 955 5419 pertinenti·
1009 5349 1114 5420 quibus
1129 5347 1290 5419 reperimus
1305 5347 1384 5420 quod
1402 5347 1459 5418 ipsi
1474 5344 1712 5401 constitutionem
1731 5339 1850 5417 predict

105 5437 160 5492 bus
182 5435 236 5491 sub
258 5436 390 5492 tuitionis
418 5442 525 5493 nostrae
549 5436 715 5492 detonsione
730 5437 828 5508 quieto
851 5437 953 5493 ordine
1009 5437 1085 5508 regis
1111 5436 1264 5508 Dagoberti
1279 5437 1338 5492 suis
1370 5433 1648 5508 preceptionibusa
1671 5449 1746 5489 noso
1759 5430 1853 5490 confir·

106 5523 956 5600 possidere,autproincolumitetenostra,seustatuimperii
1009 5531 1171 5592 mererent,
1186 5530 1215 5580 et
1226 5540 1261 5580 ne
1276 5526 1338 5581 baec
1353 5525 1397 5580 lex
1416 5523 1523 5595 injuste
1540 5520 1660 5576 ulteriru
1682 5520 1854 5594 procederet,
