3878 6112
645 263 729 328 vita
748 270 777 328 S·
797 270 1022 332 uunuwattut.
1641 284 1713 343 Μ

72 387 138 446 ilem
152 403 269 462 qnoque
296 389 475 461 majestatem
502 389 654 463 magnilica
679 397 808 464 gratatus
823 400 843 452 Α
862 396 919 451 cias
935 397 969 434 ¹²¹
988 412 995 453 :
1011 401 1182 455 cumatilem
1194 398 1363 457 nullomodo
1377 401 1440 458 lieri
1454 410 1551 475 posset
1565 410 1596 461 ut
1609 423 1711 465 conve·

72 477 810 552 praeunctisinquibusclementerprosuaacclesia
865 484 971 553 nirent,
1010 487 1153 559 presbiter
1166 485 1203 523 ¹²¹
1232 489 1421 560 Tangmarus,
1446 497 1477 547 ut
1505 493 1711 565 absolveretur,

73 566 121 623 tis.
143 566 218 632 Quid
231 572 330 622 amem
346 567 382 605 Μ
395 569 510 640 legatus
529 575 625 625 vester
647 571 810 640 proiecerit,
863 575 943 629 omui
959 574 1024 630 uisu
1037 576 1143 633 institit
1161 576 1208 632 ¹¹¹.
1235 578 1333 633 Tereia
1361 578 1460 651 itaque
1484 581 1560 636 Ydus
1580 583 1710 638 ianuarii

72 655 88 712 d
111 654 139 710 ei
161 655 193 710 in
211 670 263 709 sua
283 654 428 726 legatione
443 656 611 722 occurrerit,
643 657 715 728 ipse,
742 658 811 730 quia
864 670 918 729 (un.
933 665 1010 719 1⁰02.
1029 667 1100 720 dun.
1118 669 1174 737 ta),
1192 664 1352 738 imperator
1365 669 1475 726 dimisit
1497 689 1513 725 e
1532 687 1562 725 se
1582 673 1710 744 legatum

72 747 152 810 sest,
168 743 271 798 melius
289 749 422 815 exponet.
448 746 515 799 Post
528 744 684 800 discessum
712 751 808 802 autem
863 751 921 807 cari
935 752 1067 825 magistri
1092 753 1136 808 sui
1161 754 1324 812 bernwardi
1347 757 1486 831 spneopi,
1509 776 1586 832 sepe
1604 760 1712 817 dictum

71 832 188 905 piscopi,
204 832 426 888 dolenteslitem
449 838 478 888 et
495 834 721 889 controversiam
746 833 808 890 diu·
863 840 1056 911 presbiterum
1088 841 1250 914 largissime
1300 851 1530 904 remuneratum.
1574 849 1713 922 Episcopo

71 922 175 985 acheri,
214 927 388 976 conventum
416 921 643 977 Francunavordi
668 927 807 978 statuunt.
864 929 972 1000 quippe
991 946 1111 984 munera
1121 931 1266 1004 precipua
1280 932 1402 1000 direxit;
1426 935 1502 991 inter
1523 937 1581 991 alia
1606 938 1715 994 onichi-

71 1024 105 1065 im
119 1026 184 1063 cum
197 1025 278 1063 mens
294 1009 502 1065 seniorrenire
529 1025 587 1066 nou
611 1016 719 1081 posset,
746 1027 809 1066 cur·
863 1032 996 1072 numius
1010 1019 1108 1090 magni
1123 1020 1231 1090 praecii,
1254 1021 1363 1092 species
1382 1039 1498 1096 quoque
1527 1025 1713 1083 medicinales

71 1098 136 1153 ravi
149 1097 315 1153 infirmitate
328 1098 495 1169 impeditus,
513 1098 574 1153 vice
588 1099 667 1154 illius
691 1115 737 1154 me
763 1100 809 1155 di·
863 1104 999 1176 diversas,
1009 1106 1158 1178 pigmenta
1168 1109 1254 1163 etiam
1265 1109 1388 1165 diversa.

71 1186 185 1242 faudem
199 1186 231 1240 in
249 1201 402 1241 commuue
429 1187 580 1242 reverendi
607 1188 811 1258 patresdccre·
899 1195 944 1249 31.
972 1193 1036 1249 lam
1060 1211 1128 1249 uero
1151 1195 1182 1250 in
1207 1196 1338 1268 proximo
1357 1197 1527 1256 imminebat
1541 1200 1713 1258 miserabilis

71 1279 124 1339 ,nt
142 1291 237 1346 neque
254 1273 489 1346 archiepiscopus
503 1291 555 1330 nec
572 1291 653 1330 meus
668 1274 765 1330 senior
780 1275 810 1329 in
863 1280 935 1347 dies,
950 1281 1045 1337 obitus
1066 1283 1197 1338 videlicet
1212 1284 1358 1341 mitissimi
1377 1286 1569 1357 imperatoris.
1592 1289 1708 1346 Confes-

70 1361 259 1418 resheimense
279 1361 443 1418 coenobium
460 1363 687 1431 seintrcmittat,
717 1378 809 1434 usque
863 1385 912 1424 sus
935 1373 978 1425 est
996 1386 1122 1442 namque
1143 1372 1315 1442 presbitero,
1325 1375 1439 1429 cumah
1454 1376 1505 1431 illo
1521 1376 1711 1450 interrogare·

71 1455 153 1507 daras
163 1456 352 1522 pentecostes,
368 1458 397 1506 et
414 1455 483 1507 tunc
497 1451 654 1507 l‘rideslare
674 1452 709 1507 ad
728 1468 810 1524 syuo·
863 1461 920 1525 tur,
946 1457 1081 1513 leniterse
1095 1458 1263 1515 febricitari.
1279 1462 1496 1533 ingravescente
1511 1480 1579 1537 ergo
1595 1466 1712 1522 cottidie

71 1539 235 1612 robacipsa
247 1556 333 1594 causa
352 1541 532 1596 conveniant.
551 1542 584 1596 Et
606 1540 674 1613 quia
688 1541 750 1596 bac
773 1542 807 1596 ad
864 1546 977 1613 inorbo,
993 1548 1151 1603 astantibus
1172 1548 1313 1621 episcopis
1328 1551 1522 1606 communitus
1532 1559 1710 1609 sacramento

71 1633 138 1683 atus
172 1628 260 1682 uestri
291 1628 388 1683 sedem
428 1629 532 1696 delata,
562 1628 665 1684 restris
696 1628 808 1700 scriptis
826 1672 846 1727 B
865 1633 992 1707 corporis
1002 1640 1031 1690 et
1045 1635 1193 1707 sanguinis
1210 1637 1333 1706 Domini,
1358 1637 1628 1712 interverbapnroe
1646 1656 1712 1696 con·

71 1717 132 1771 iens
147 1721 189 1771 est
219 1715 424 1781 ¹⁰⁵annullata‚
454 1723 580 1772 restrum
609 1719 716 1788 expetit
732 1717 809 1790 judi·
865 1721 1008 1788 lcssionis,
1026 1725 1059 1779 so
1080 1723 1220 1778 Kalendas
1250 1725 1397 1780 Februarii
1426 1728 1484 1796 (5³)
1514 1730 1584 1793 (tan.
1599 1731 1645 1800 23)
1660 1729 1713 1783 mi·

71 1809 98 1860 ut
110 1811 206 1861 restra
227 1806 380 1861 auctoritas
405 1806 515 1875 jubeat,
533 1805 564 1860 in
591 1823 649 1877 quo
682 1805 745 1860 iuro
764 1805 808 1860 vel
865 1810 993 1865 tissimus
1006 1826 1038 1865 ac
1051 1811 1231 1867 humillimus
1246 1812 1403 1884 imperator
1415 1830 1479 1870 cum
1495 1814 1605 1888 ingenti
1614 1817 1711 1872 dolore

71 1893 294 1964 ibusjudicibus
321 1908 436 1948 causam
452 1895 608 1949 terminare
631 1894 742 1950 debeat.
766 1893 809 1949 Ad
864 1898 1149 1955 omniumbonorum
1163 1900 1299 1971 spiritum
1315 1901 1432 1957 eillanit.
1461 1901 1531 1968 Quis
1554 1906 1711 1960 ralelstilo

71 1981 146 2037 ,ham
169 1981 376 2037 nichilominus
391 1983 478 2053 hujus
498 1982 669 2037 sanctissimi
687 1997 809 2037 couven·
864 1987 1025 2058 exprimere
1040 1989 1082 2042 rel
1100 1989 1186 2044 lando
1201 1988 1341 2044 disserere
1357 1990 1605 2046 inremediabilem
1628 1993 1712 2049 dolo·

71 2068 137 2124 utin
148 2068 240 2124 mncti
254 2069 376 2141 Spiritus
390 2070 437 2124 bic
451 2086 505 2142 per
519 2087 569 2125 vos
600 2068 809 2142 aggregatim,
864 2091 925 2130 rem
955 2075 1084 2147 undique
1108 2077 1143 2131 ad
1168 2078 1304 2148 exequias
1327 2078 1556 2134 confluentium?
1584 2081 1711 2136 Funerea

71 2160 131 2214 mm
160 2173 256 2214 meam
293 2157 457 2226 destinarit,
498 2164 531 2214 nt
564 2160 659 2214 omnis
693 2165 809 2215 senatus
863 2163 1158 2234 itaqueTheutonnm
1174 2163 1259 2235 legio,
1276 2165 1446 2236 praeparatis
1470 2167 1630 2223 cunctisad
1655 2169 1712 2223 iter

72 2245 125 2301 icae
140 2246 275 2301 aecclesia
287 2247 402 2317 publice
427 2256 589 2319 cognoscat,
613 2248 696 2303 illum
720 2248 808 2303 devo·
864 2251 991 2323 indiguis
1019 2267 1123 2323 corpus
1141 2251 1264 2323 piissimi
1287 2251 1398 2307 domini
1422 2253 1512 2324 Aquis
1543 2255 1710 2325 portabant;

70 2333 190 2390 affectu
217 2335 322 2390 domno
353 2336 511 2407 apostolico
538 2341 567 2391 el
588 2337 724 2391 Romanae
748 2336 809 2391 sedi
864 2344 1085 2414 susceptumque
1100 2346 1143 2395 est
1161 2345 1258 2396 sancta
1272 2339 1320 2396 die
1345 2341 1510 2412 palmarum
1541 2344 1635 2409 (liert.
1664 2347 1711 2414 aa)

70 2439 91 2478 *a
106 2427 135 2478 et
153 2424 326 2492 consentire,
346 2430 376 2478 et
399 2429 491 2479 restro
517 2425 625 2495 judicio
657 2425 809 2480 adinventa
863 2426 965 2482 festivo
979 2427 1118 2499 obsequio
1135 2427 1224 2482 totius
1239 2427 1333 2499 regui,
1349 2429 1517 2501 cunctisque
1534 2430 1712 2503 principibus

70 2516 135 2566 ueta
157 2527 275 2583 poscere
291 2511 327 2549 ¹⁸¹
352 2516 455 2584 cipro
483 2529 566 2584 posse
595 2519 808 2585 perpetuoser·
863 2512 1011 2585 precipuo
1036 2512 1138 2567 ellectu
1167 2513 1201 2568 ad
1229 2513 1366 2585 exequias
1379 2514 1596 2585 famulantibus,
1612 2517 1709 2589 sepul·

70 2600 220 2655 ›Adhiec
249 2600 374 2655 domnus
410 2601 582 2672 apostolicus
604 2601 807 2657 oboedientiam
863 2606 968 2672 tueque
982 2606 1026 2656 est
1039 2601 1070 2656 iu
1089 2602 1185 2657 medio
1196 2601 1293 2656 choro.

73 2689 202 2760 episcopi
219 2693 248 2744 et
261 2688 442 2744 devotionem
458 2706 491 2744 ac
518 2690 644 2744 studium
658 2689 809 2762 magnilica
899 2692 944 2747 38.
967 2689 1079 2745 interea
1102 2695 1168 2744 rota
1183 2689 1345 2763 principum
1360 2691 1391 2746 iu
1414 2691 1528 2748 diversa
1546 2693 1709 2765 rapiuntur,

73 2779 113 2844 at,
136 2776 321 2848 prosequitur
346 2793 461 2848 quoque
481 2777 809 2832 venerabilisilavenna-
863 2777 1009 2850 plerisque
1024 2778 1107 2849 regni
1122 2777 1268 2851 fastigium
1296 2779 1358 2834 sine
1386 2783 1516 2851 respectu
1537 2780 1648 2836 timoris
1660 2782 1710 2837 liei

70 2865 148 2920 lesioe
170 2866 407 2936 metropolitanus
431 2865 589 2921 Fridericns
614 2865 660 2933 ¹⁸⁸,
695 2871 723 2921 et
743 2882 808 2936 quas
864 2882 1003 2935 usurpare
1027 2866 1194 2922 nitentibus.
1213 2867 1293 2923 Unde
1321 2868 1453 2939 princeps
1476 2869 1592 2940 quidam
1613 2872 1709 2927 Bruuo

81 2952 126 3008 illi
146 2957 232 3025 atque
260 2953 291 3008 iu
310 2958 370 3008 tota
389 2955 533 3026 legatione
553 2971 605 3010 sua
632 2953 842 3011 occurrerintC
861 2954 991 3021 nomine,
1006 2955 1097 3009 sciens
1112 2955 1308 3011 venerabilem
1326 2956 1528 3012 Bernwardum
1542 2958 1709 3029 episcopum

70 3040 117 3108 rit,
145 3041 355 3113 archiepiscopi
383 3042 629 3111 inobendientiam,
658 3042 806 3116 injuriam,
861 3043 967 3098 domno
981 3043 1114 3100 Heinrico
1139 3043 1205 3099 duci
1216 3035 1448 3100 reuerentissimo
1462 3062 1523 3100 esse
1538 3045 1710 3103 fidissimum

70 3133 158 3201 iptum
177 3129 264 3184 etiam
279 3131 416 3185 Romana
445 3131 529 3185 sedis.
558 3132 682 3186 Econlra
708 3131 808 3186 domni
860 3131 964 3185 timeus
975 3146 1011 3185 ne
1024 3130 1125 3203 coeptis
1139 3132 1202 3201 ejus
1216 3131 1416 3188 adversaretur
1430 3133 1455 3187 si
1470 3132 1541 3204 quid
1556 3132 1709 3206 inciperet,

70 3217 121 3273 nui
147 3218 365 3289 benignitatem,
394 3219 543 3275 caritatem
573 3216 609 3254 ¹⁶⁹
637 3220 765 3290 exponit,
780 3226 809 3274 et
861 3231 1056 3289 quoscumque
1072 3217 1102 3270 in
1115 3217 1328 3273 exiciumillius
1342 3219 1387 3274 rel
1398 3219 1428 3275 in
1441 3219 1599 3290 dampnum
1614 3221 1712 3278 Hilde-

70 3305 140 3361 sillo
156 3307 301 3378 precipuo
311 3308 422 3363 honore
435 3309 472 3363 sit
485 3307 601 3363 habitus
616 3312 646 3362 et
656 3308 806 3363 affluentia
861 3304 1069 3360 nesheimensis
1083 3304 1219 3360 aecclesias
1233 3321 1347 3361 armare
1371 3313 1496 3380 poterat,
1519 3324 1572 3380 pro
1602 3309 1711 3365 viribus

70 3409 90 3450 n
106 3394 250 3450 honorum
274 3397 494 3466 opulentissime
526 3396 657 3451 refertus.
689 3396 732 3451 Ad
748 3397 809 3452 brec
862 3392 975 3458 institit,
1002 3392 1188 3464 hincpraedis
1215 3398 1244 3448 et
1269 3394 1377 3465 rapinis
1399 3396 1507 3467 passim
1529 3398 1666 3453 bachatus
1680 3400 1711 3454 in

70 3482 125 3538 itas
148 3484 356 3556 archiepiscopi
377 3485 473 3555 palam
495 3484 532 3540 ab
560 3484 694 3540 omnibus
707 3484 809 3540 itoma-
860 3481 924 3536 loca
938 3487 967 3534 et
982 3481 1114 3536 homines
1128 3482 1262 3552 episcopi.
1275 3482 1330 3538 Sed
1345 3483 1393 3538 ille
1408 3500 1489 3539 more
1504 3501 1555 3540 suu
1568 3503 1711 3558 nusquam

69 3571 159 3643 scupis
173 3571 336 3643 improbata
351 3571 398 3640 ¹⁷⁰,
409 3573 556 3627 temeritas
572 3572 808 3643 presumptionis
863 3585 879 3623 a
907 3568 965 3623 lide
992 3569 1160 3633 desciverat,
1174 3569 1306 3641 quamvis
1324 3571 1424 3626 multis
1448 3589 1524 3644 soepe
1548 3575 1710 3631 lascessitus

69 3659 233 3730 rrpitur.ln
261 3660 809 3716 communctamencuuctideliberant
861 3656 986 3728 injuriis.
1011 3657 1087 3712 ttore
1127 3662 1223 3711 autem
1248 3658 1451 3729 sapientissimi
1473 3661 1622 3717 architecti
1641 3680 1711 3734 prn-

69 3763 159 3803 susem
189 3748 423 3822 archipresulem
445 3755 620 3820 caeterosque
648 3748 806 3819 episcopos,
861 3745 1048 3800 dentissimus
1065 3746 1170 3816 praesul
1202 3745 1374 3801 fundamina
1402 3747 1568 3820 noviregni
1591 3766 1710 3820 precum

69 3838 152 3892 nime
167 3839 281 3893 venturi
308 3844 400 3904 erant,
422 3838 630 3909 expectandos;
652 3838 809 3893 mittuntur
860 3832 955 3889 iniciis
968 3831 1121 3887 inchoarit.
1139 3832 1243 3888 Omnes
1257 3849 1384 3905 namque
1397 3835 1517 3890 fratrum
1532 3853 1565 3890 ac
1579 3853 1710 3894 sororum

69 3925 175 3994 nuncii,
205 3927 256 3998 qui
279 3927 307 3981 in
320 3926 476 3998 epiphania
502 3926 617 3981 Domini
630 3925 666 3980 ad
685 3941 808 3997 praesen·
854 3927 1067 4002 putemusque
1090 3920 1195 3975 diuinis
1221 3921 1341 3993 sceptris
1355 3923 1408 3977 sub
1423 3923 1485 3994 ejus
1500 3924 1608 3978 vexillis
1631 3926 1711 3980 mili-

69 4013 193 4084 riusque
219 4014 359 4085 principis
387 4015 453 4069 illos
478 4015 575 4069 venire
586 4014 718 4085 jubeant.
754 4013 808 4068 Sed
861 4011 968 4077 tabant,
985 4009 1096 4064 intenta
1110 4009 1321 4081 supplicatione
1339 4010 1461 4067 intanta
1476 4027 1574 4068 rerum
1587 4015 1710 4069 necessi-

69 4099 171 4157 riuimc
203 4102 345 4170 venirent,
374 4107 562 4174 expectantur
589 4103 625 4157 nd
650 4107 707 4157 tres
726 4101 807 4156 indu·
851 4104 917 4155 tate
941 4097 1096 4169 advigilare
1122 4098 1267 4154 monebat
1297 4099 1359 4172 lpse
1382 4115 1499 4172 quoque
1514 4102 1592 4172 quod
1611 4106 1709 4159 tamen

667 4257 787 4315 VARIAE
810 4256 1002 4313 Lectiones

69 4390 215 4443 nutura.
255 4388 465 4444 ¹⁸⁸a.vell.t.
506 4390 664 4443 ¹⁸⁵suntt.
704 4386 1008 4459 ¹⁸⁶p.congregali2.
1048 4384 1082 4422 ¹⁸⁷
1096 4403 1125 4457 p.
1142 4386 1215 4442 scire
1229 4391 1258 4442 et
1273 4404 1302 4458 p.
1316 4390 1343 4442 t.
1383 4389 1522 4445 ¹‘⁸l·'rith.
1547 4392 1575 4444 t.
1615 4389 1711 4447 ¹⁸⁹ca-

69 4472 132 4529 ique
155 4461 182 4512 2.
222 4457 258 4495 ¹⁷⁰
283 4459 463 4531 improbatur
485 4462 512 4514 2.
552 4460 584 4495 ¹¹¹
610 4461 630 4514 l.
646 4460 718 4513 Nam
741 4475 792 4530 per
815 4474 916 4512 omnes
931 4457 1063 4538 regiones
1077 4456 1232 4513 comitatus
1249 4464 1278 4512 et
1292 4474 1401 4512 marcas
1429 4461 1549 4532 dispersi
1560 4462 1710 4533 sedebant,

69 4527 216 4584 recesseris
229 4529 357 4585 invenire
374 4535 516 4600 poterant.
533 4531 604 4585 Cum
630 4532 656 4583 2.
698 4531 732 4565 ¹⁷¹
756 4528 870 4583 deurit.
910 4530 944 4564 ¹⁷⁸
968 4528 1082 4582 institit.
1114 4528 1258 4583 immensa
1285 4544 1410 4599 namque
1431 4532 1552 4601 penuria
1577 4533 1708 4588 omnium

69 4614 127 4654 ium
142 4599 345 4655 miserabiliter
363 4600 545 4669 laborabant;
560 4607 589 4655 el
605 4599 707 4671 jamin
723 4600 852 4671 proximo
869 4598 1041 4653 imminebat
1062 4598 1233 4652 miserabilis
1252 4597 1324 4662 dies,
1350 4600 1443 4653 obitus
1458 4600 1591 4658 videlicet
1617 4603 1708 4657 mitis·

69 4670 225 4741 nperatoris
240 4671 341 4739 nostri,
352 4687 418 4726 curn
433 4679 529 4726 tamen
545 4671 719 4725 validissime
734 4687 764 4724 se
775 4670 903 4734 baberet,
919 4684 972 4723 nec
987 4669 1102 4749 signum
1113 4669 1230 4738 aliquod
1244 4668 1421 4723 iulirmitatis
1446 4672 1523 4725 uitus
1550 4673 1581 4725 in
1595 4689 1629 4727 eu
1644 4690 1710 4727 sen·

69 4740 149 4794 arcia
164 4741 230 4795 idus
249 4742 389 4809 ianuarii,
420 4742 529 4797 dimisit
543 4759 559 4796 a
582 4758 611 4795 se
636 4742 749 4811 legatus
764 4741 822 4794 cari
837 4739 1026 4807 magistriani
1045 4739 1207 4793 Bernwardi
1236 4739 1364 4809 episcopi
1379 4756 1445 4810 sepe
1469 4742 1577 4796 dictum
1592 4743 1708 4814 presby-

69 4808 102 4866 T.
117 4811 278 4881 largissime
309 4819 535 4867 remuneratum.
554 4812 692 4882 Episcopo
716 4810 825 4882 quippe
840 4825 962 4864 muliera
991 4808 1270 4881 praecipuadirexit;
1302 4810 1377 4863 inter
1401 4811 1458 4864 alia
1479 4811 1710 4867 onichniumvas

68 4879 195 4952 iprecii,
219 4882 327 4952 species
353 4899 468 4954 quoque
497 4883 680 4937 medicinales
704 4882 840 4948 diversas,
869 4882 1015 4952 pigmenta
1048 4882 1142 4933 etiam.
1172 4880 1324 4934 confessus
1342 4896 1457 4952 nanque
1471 4885 1638 4952 presbytero
1667 4887 1710 4937 est

69 4966 99 5006 uc
113 4952 150 5006 ab
173 4952 224 5007 illo
237 4953 438 5025 interrogaret,
464 4953 563 5008 leviter
589 4969 619 5007 se
642 4952 807 5007 febricitari.
828 4953 880 5006 Sed
902 4951 1118 5021 ingravescente
1133 4951 1236 5006 cotidie
1249 4950 1360 5017 morbo,
1383 4952 1570 5006 astantibuse
1593 4954 1709 5024 iscopis,

69 5022 260 5078 initusetiam
280 5023 600 5095 sacramentocorpuris
624 5029 653 5077 et
676 5022 824 5093 sanguinis
852 5021 977 5089 Domini,
999 5020 1075 5074 inter
1102 5021 1190 5074 teriia
1217 5021 1546 5091 puroeconlessionislb
1584 5025 1621 5078 al.
1659 5025 1709 5079 rs-

69 5092 250 5148 ,mitissimus
275 5109 308 5149 ac
324 5095 502 5149 humillimus
526 5096 683 5164 imperator
702 5109 768 5147 cum
794 5093 905 5163 ingenti
920 5091 1019 5147 dolore
1039 5091 1171 5145 omniurn
1199 5091 1229 5145 in
1252 5092 1415 5162 vespertino
1435 5095 1602 5164 crepusculo
1622 5097 1710 5166 spiri-

68 5162 166 5218 lsssvit.
188 5165 255 5218 Post
270 5164 352 5236 cujus
369 5166 536 5232 discessum,
552 5167 658 5219 domno
677 5163 809 5218 lleinrico
837 5162 982 5232 regalibus
1004 5161 1124 5232 sceptris
1136 5161 1183 5216 dei
1207 5162 1300 5233 gratia
1315 5163 1415 5233 potito,
1433 5178 1492 5217 non
1506 5164 1601 5218 minor
1616 5164 1711 5221 fuerat

68 5233 289 5360 ndtlissemionis
310 5236 479 5308 deceptatio.
505 5237 581 5307 Rege
597 5249 722 5306 namque
742 5233 996 5288 patherbrunnem
1022 5231 1112 5286 sancti
1142 5232 1289 5288 Laurentii
1304 5232 1398 5287 natale
1412 5232 1588 5306 celebrante,
1603 5236 1709 5292 domna

68 5319 93 5359 tn
115 5306 218 5372 a(ete.,
229 5321 256 5361 u.
272 5308 351 5374 intio
369 5322 429 5376 cup.
446 5307 502 5376 aa).

780 5408 892 5464 NOTffl.

72 5516 115 5573 lla
125 5519 154 5572 el
167 5519 242 5572 dnn.
255 5516 382 5573 Hildesh.
395 5520 424 5573 et
443 5516 558 5572 Einsidl.
574 5544 607 5556 —-
619 5517 634 5569 9
652 5514 695 5571 lii.
709 5512 789 5570 Febr.
805 5517 880 5570 Anu.
892 5512 993 5579 Quedl.
1009 5511 1111 5569 Tielm.
1123 5515 1153 5567 et
1163 5511 1246 5568 Neci.
1258 5511 1339 5568 Fuld.
