3878 6112
88 247 136 300 llll
595 240 832 299 BURCHARDUS
851 238 1118 298 WOllllAClENSlS
1136 239 1333 298 anscerus.
1790 241 1842 293 5¹2

86 366 195 433 bilitos,
224 380 333 436 ponam
361 363 405 418 ori
437 363 572 436 digitum,
601 369 634 419 ut
660 380 719 419 nou
747 363 882 435 loquatur
901 366 968 421 osh
987 364 1135 434 ordinatis,
1151 365 1260 438 praedia
1281 368 1310 420 et
1336 363 1481 435 mancipia
1494 363 1596 433 multe,
1625 379 1693 437 quae
1719 363 1766 419 vel
1787 370 1845 418 tra-

88 470 185 509 maum
200 469 288 524 opera
312 453 475 508 hominum.
493 452 567 524 Ergo
587 452 766 507 adulantium
781 451 839 506 sive
854 452 934 506 oblo-
991 453 1101 509 ditione
1115 460 1268 525 pareutum
1279 453 1323 508 vel
1347 453 1482 509 donativo
1497 452 1578 525 regio
1600 453 1777 526 acquisierat
1790 455 1844 524 (8),

90 542 243 616 quentium
270 541 410 596 invidiam
440 556 498 595 uon
518 540 670 606 timentes,
692 540 728 595 de
757 539 844 611 huius
864 539 936 611 justi
990 541 1243 599 hnieecclesiaein
1271 541 1423 613 proprium
1453 543 1621 597 contulerat.
1648 541 1755 614 sicque
1786 541 1845 614 piis

89 631 209 697 actibus,
238 628 503 699 diviuaadjuvante
528 627 732 694 misericordia,
758 628 856 699 aliqua
879 629 934 683 sal·
995 630 1048 685 viri
1066 631 1152 702 hujus
1179 629 1324 685 laboribus
1366 630 1463 685 laudas
1490 634 1518 684 et
1540 630 1699 701 gratiarum
1715 630 1846 685 actiones

71 728 147 776 tem
186 733 320 773 enarrare
341 717 552 787 aggrediamur.
575 719 709 771 Attamen
731 716 756 770 si
783 732 827 786 ea,
870 733 935 789 quas
990 717 1083 774 officio
1092 718 1236 774 cotidiano
1262 718 1293 774 iu
1320 719 1383 772 loco
1396 717 1533 790 praedicto
1555 719 1611 774 Deo
1636 720 1738 774 nostro
1779 734 1846 790 per·

89 808 215 863 vidimus
242 810 271 862 et
296 821 361 878 quae
388 805 532 876 religiosis
561 804 833 861 viriareierontihus
860 805 937 861 bona
989 809 1148 864 solvuntur.
1166 806 1277 880 Ergo²⁰
1303 808 1707 881 religiosissimusWilligisus
1735 810 1842 863 ”san-

81 900 126 964 ‚de
136 900 185 954 illo
195 898 356 964 didicimus,
367 912 501 952 enarrare
512 896 742 964 dehemus,diem
754 901 837 950 antea
849 912 935 968 quam
990 901 1064 952 ctam
1093 897 1217 951 hominis
1248 896 1299 953 Dei
1326 896 1492 967 intelligens
1527 895 1758 964 meditationem,
1787 896 1845 951 sibi

91 984 628 1042 sententiuminclinatamvidehimus.
658 983 766 1039 idcirco
791 1001 809 1038 a
833 984 934 1038 nativi·
989 983 1284 1042 familiarissimum¹⁸
1311 984 1399 1055 elegit
1412 990 1442 1039 at
1456 1000 1516 1040 suae
1529 1000 1650 1040 camerae
1669 985 1844 1056 magistrum

91 1079 148 1131 tate
171 1075 232 1144 ejus
261 1072 455 1129 summitatem
485 1073 525 1127 rei
554 1072 710 1143 tangendo,
739 1088 805 1127 cum
831 1072 936 1128 auxilio
990 1092 1023 1131 ac
1037 1074 1158 1130 civitatis
1174 1074 1327 1145 primatem
1340 1073 1499 1129 coustituit.
1526 1074 1630 1146 luquo
1655 1072 1754 1129 oitlcio
1785 1088 1844 1128 nou

92 1163 187 1219 divino
213 1162 395 1233 incipiamus,
421 1166 449 1215 et
472 1161 512 1215 ita
533 1161 657 1215 breviter
682 1161 744 1231 ejus
772 1165 852 1233 gesta
872 1156 949 1217 nar?
991 1163 1328 1233 solumapndhomiuas,
1355 1161 1404 1216 sed
1431 1161 1518 1217 etiam
1547 1163 1623 1232 apud
1650 1163 1744 1217 Deum
1767 1177 1842 1234 prae·

91 1252 182 1307 raudo
196 1252 231 1305 ad
242 1250 331 1305 linem
346 1265 436 1321 usque
451 1248 600 1322 pervenire
614 1249 780 1320 prohemus.
991 1251 1049 1306 mia
1066 1248 1091 1286 ¹⁹
1105 1252 1231 1305 lucratus
1241 1254 1284 1304 est
1299 1249 1485 1320 sempiterna,
1499 1247 1568 1320 quia
1593 1264 1688 1320 neque
1711 1251 1842 1304 muneri·

130 1343 152 1396 1.
170 1341 237 1394 Erat
250 1338 338 1410 igitur
360 1337 539 1393 Burchardus
566 1338 577 1372 ⁷
607 1336 637 1391 in
665 1336 814 1407 provincia
838 1337 937 1394 Hassis
991 1340 1043 1395 bus
1056 1355 1149 1410 neque
1159 1338 1242 1393 donis
1258 1354 1310 1393 uec
1322 1336 1347 1373 ³⁰
1361 1337 1482 1410 alicujus
1505 1352 1636 1410 personae
1664 1338 1843 1408 respectione

92 1427 204 1497 genitus
228 1427 395 1498 parentibus
409 1427 566 1482 secuudum
581 1426 668 1481 seculi
683 1426 852 1497 dignitatem
879 1443 937 1482 uon
991 1445 1009 1482 a
1033 1426 1211 1482 rectitudinis
1234 1427 1304 1481 calle
1330 1426 1439 1481 reflecti
1467 1425 1570 1498 potuit,
1609 1425 1684 1481 sicut
1713 1425 1843 1498 quidam,

92 1514 209 1571 infimis.
221 1517 272 1571 llic
284 1533 389 1588 nempe
403 1514 415 1551 ⁸
429 1532 501 1586 puer
513 1515 762 1570 commendatione
785 1520 937 1585 pareutum
992 1531 1064 1586 quos
1075 1514 1160 1568 modo
1180 1515 1350 1584 plerumque
1373 1519 1424 1567 aut
1436 1513 1458 1547 ³¹
1485 1511 1611 1567 amicitia
1626 1517 1675 1566 eut
1699 1511 1809 1567 invidia
1828 1529 1845 1566 a

93 1604 169 1675 apud
202 1604 411 1660 Confluentiam
440 1603 575 1658 canonice
612 1601 739 1673 primum
763 1602 886 1657 nutritus
912 1601 936 1668 ⁹,
954 1642 973 1696 B
989 1600 1099 1673 judicio
1114 1605 1190 1656 recto
1205 1601 1287 1655 facila
1300 1600 1359 1656 labi
1373 1599 1578 1671 conspicimus.
1601 1601 1637 1655 Er
1662 1600 1710 1654 his
1724 1600 1843 1673 aliisque

93 1691 195 1746 deinde
206 1708 257 1762 per
271 1692 332 1747 loca
347 1691 458 1746 diversa
468 1707 555 1745 causa
566 1690 652 1745 studii
666 1688 823 1744 directus¹⁰
834 1694 877 1744 est
891 1691 936 1760 (7).
992 1689 1126 1760 plurimis
1148 1688 1264 1761 pietatis
1291 1688 1394 1743 stadiis
1416 1695 1561 1745 crescente
1576 1688 1652 1743 lama
1675 1689 1758 1743 beati
1780 1689 1841 1756 viri,

94 1780 194 1834 Postea
225 1796 291 1834 vero
324 1778 463 1850 Willigiso
495 1780 517 1817 ¹¹
550 1778 776 1848 Moguntineusis
798 1776 823 1813 ¹¹
862 1778 940 1833 sedis
992 1777 1316 1848 adauresimperatoris
1344 1777 1456 1833 Ottouis
1478 1776 1554 1832 tertii
1569 1776 1673 1832 notitia
1703 1779 1768 1849 ejus
1783 1792 1842 1849 per·

92 1867 249 1923 venerahili
276 1867 489 1938 archiepiscopo
512 1882 541 1921 se
564 1865 705 1936 adJunxit,
734 1866 868 1936 illiusque
891 1882 938 1921 aa·
993 1867 1085 1937 venit3
1101 1866 1152 1937 qui
1168 1866 1202 1934 ⁸²,
1217 1871 1324 1921 uteret
1344 1865 1510 1937 piiissimus,
1526 1866 1609 1920 valde
1636 1866 1721 1921 illum
1748 1865 1842 1922 dilexit

93 1955 180 2010 lutari
192 1954 331 2026 sapientia
346 1955 483 2026 repletus,
496 1958 525 2008 et
552 1953 709 2009 secundum
738 1970 804 2009 suos
829 1954 939 2008 nobiles
993 1958 1022 2008 et
1033 1969 1108 2025 saepe
1122 1954 1201 2010 adse
1224 1954 1249 1989 ³⁸
1262 1953 1427 2009 venientem
1455 1955 1611 2008 clementer
1639 1954 1776 2025 suscepit.
1814 1969 1843 2007 ac

93 2043 340 2111 moreaimhutns,
357 2058 532 2114 quamquam
557 2046 625 2097 atas
652 2042 816 2113 denegaret,
837 2041 939 2096 vitiosa
992 2041 1110 2097 diversis
1126 2041 1209 2097 donis
1236 2046 1372 2098 onustum
1391 2040 1549 2098 honorilice
1573 2042 1696 2111 remisit,
1724 2041 1841 2115 gratiam

93 2131 165 2186 iacta
177 2130 314 2203 fugiendo
340 2130 458 2197 vitabat,
484 2129 561 2185 etad
576 2129 697 2184 meliora
720 2129 861 2200 paulatim
873 2128 939 2184 ani·
993 2130 1047 2185 sihi
1055 2131 1232 2201 promittens
1246 2146 1307 2185 assa
1329 2130 1465 2187 futuram.

94 2235 174 2274 mum
201 2219 362 2290 torquebat⁴
388 2219 459 2273 Nam
496 2223 558 2290 post
582 2218 751 2290 primaevum
778 2217 939 2290 juventutis
1029 2221 1054 2274 3.
1080 2214 1190 2273 luteres
1210 2219 1340 2290 contigit,
1360 2222 1401 2274 'ut
1430 2217 1595 2275 Hildabalus
1621 2217 1841 2273 wormaciensis

92 2307 192 2363 florem
203 2306 283 2360 omui
298 2306 425 2361 bonitate
440 2306 552 2361 refulsit
566 2307 731 2377 praeclarus,
757 2306 788 2360 in
816 2307 839 2341 ¹⁸
860 2307 938 2378 justo
993 2307 1120 2361 ecclesiae
1133 2306 1159 2343 ⁸⁸
1179 2308 1328 2380 episcopus
1354 2307 1431 2363 diem
1452 2308 1598 2362 clauderet
1619 2308 1757 2363 ultimum
1790 2308 1840 2377 (uu.

93 2395 214 2462 stabilis,
240 2394 270 2449 iu
290 2395 445 2449 commisso
464 2394 568 2460 tidelia,
586 2393 616 2448 iu
646 2393 765 2448 consilio
792 2393 938 2465 providus,
994 2397 1056 2463 998,
1073 2396 1146 2462 Aua.
1167 2396 1207 2464 l).
1224 2399 1253 2450 et
1265 2394 1326 2450 vice
1352 2395 1430 2450 illius
1449 2396 1569 2462 Franco,
1584 2394 1620 2462 ³¹,
1646 2394 1781 2467 praedicti
1793 2394 1840 2450 do·

93 2482 124 2537 in
140 2483 285 2554 prosperis
312 2498 373 2537 nou
391 2483 494 2548 elatus,
517 2481 548 2536 in
563 2481 689 2536 adversis
714 2497 774 2536 uon
797 2482 938 2549 turbatus,
994 2482 1066 2536 ruini
1105 2483 1258 2538 Burchardi
1293 2483 1391 2552 irater,
1419 2483 1642 2538 constitueretur
1684 2484 1838 2554 episcopas.

94 2570 309 2626 sublimioribus
323 2570 469 2638 obediens,
486 2570 585 2641 egenis
612 2569 799 2640 compatiens,
827 2569 940 2624 miseris
996 2573 1082 2627 hiulta
1094 2572 1195 2627 dehoc
1209 2571 1270 2627 viro
1285 2570 1311 2608 θ’
1329 2572 1473 2627 narranda
1497 2572 1672 2637 sufficerent,
1697 2572 1724 2627 si
1737 2572 1840 2644 ingenii

94 2659 226 2726 affabilis,
258 2658 421 2713 misericors
446 2658 577 2725 subditis,
602 2659 725 2712 muttum
752 2658 861 2729 largus,
877 2674 940 2712 mo·
994 2658 1135 2732 exiguitas
1162 2676 1221 2715 non
1243 2660 1408 2730 impediret.
1433 2659 1488 2716 Sed
1512 2658 1536 2695 ⁸⁷
1551 2661 1619 2732 qnia
1650 2661 1763 2716 mentio
1785 2662 1839 2733 ejus

94 2746 173 2800 ribus
199 2745 428 2812 honestissimus,
466 2751 553 2817 atque
575 2745 610 2799 'in
639 2745 718 2800 omui
740 2761 827 2816 opere
855 2745 940 2800 heiu
994 2747 1198 2804 uostrirationi
1211 2747 1377 2816 intervenit,
1405 2747 1429 2802 si
1455 2764 1513 2802 nou
1533 2764 1686 2819 possumus
1714 2749 1839 2820 deltactis

83 2839 238 2889 strenuus.
253 2832 464 2901 Patientiamiu
483 2850 516 2888 eo
538 2832 656 2888 laudare
670 2848 785 2888 necesse
809 2848 867 2888 nou
886 2838 939 2895 est,
994 2837 1072 2892 illins
1086 2836 1245 2907 majoribus
1266 2841 1363 2891 tamen
1391 2835 1489 2907 aliqua
1522 2836 1650 2891 dicamus
1678 2837 1714 2892 de
1728 2837 1839 2893 minori·

94 2937 159 2976 cum
181 2920 235 2975 sihi
259 2921 458 2989 servientibus,
483 2937 660 2993 quamquam
687 2923 710 2958 ¹⁸
737 2936 813 2991 sepe
840 2927 940 2977 contra
956 2914 977 2970 C
994 2925 1058 2980 bus.
1089 2929 1212 2994 Accepto
1241 2922 1266 2960 ³⁸
1296 2924 1385 2996 igitur
1423 2923 1598 2995 episcopatu,
1625 2925 1795 2996 aliquandiu
1817 2927 1839 2979 in

95 3010 178 3064 illum
204 3008 449 3080 delinquentibus,
468 3025 519 3063 uec
549 3011 571 3046 ¹⁸
594 3010 684 3064 ullum
719 3009 940 3065 contradicendo
994 3011 1162 3067 Wormsciae
1187 3011 1296 3068 linibus
1321 3012 1505 3079 morabatur,
1532 3012 1679 3067 deiude⁸⁹
1695 3013 1782 3068 rebus
1801 3029 1838 3069 ec·

95 3097 251 3171 aliquando
266 3097 403 3169 objiceret
415 3097 585 3152 verbulum,
995 3097 1147 3153 clesiaticis
1170 3090 1544 3160 rationabiliterordiuatis
1566 3095 1601 3163 tl,
1625 3097 1656 3151 in
1686 3097 1839 3167 expeditio·

130 3188 157 3241 ἲ.
174 3184 355 3256 latisquippe
372 3181 395 3219 ¹⁷
424 3183 527 3255 hisque
543 3182 686 3238 similibus
715 3184 828 3254 pollens
850 3183 940 3240 virtu·
995 3203 1063 3243 nem
1077 3186 1204 3241 italicam
1219 3201 1284 3241 cnm
1298 3184 1473 3256 imperatore
1499 3186 1520 3223 ⁴¹
1549 3184 1769 3255 protectusest3
1792 3186 1838 3240 ihi·

96 3272 183 3338 tihus,
208 3287 260 3342 per
285 3271 415 3342 singulas
438 3270 561 3340 gradum
581 3270 742 3325 scansiones
767 3270 790 3306 ¹⁸
820 3272 854 3327 ad
881 3273 941 3328 dia·
996 3291 1052 3347 que
1079 3273 1103 3312 ‘¹
1128 3275 1192 3344 plus
1217 3289 1303 3345 quum
1329 3273 1496 3328 uuiusanui
1517 3273 1612 3345 spacio
1628 3271 1654 3309 ⁸⁸
1670 3274 1702 3329 in
1732 3274 1839 3328 servitio

96 3363 215 3415 conatus
229 3359 360 3414 ordinem
375 3359 410 3414 ab
431 3358 644 3430 archiepiscopo
675 3357 700 3394 ¹⁹
723 3359 895 3415 sublimatus
917 3359 943 3394 ¹⁰
996 3362 1179 3433 imperatoris
1203 3361 1334 3431 vigilanti
1361 3361 1459 3416 animo
1484 3361 1625 3425 studebat,
1651 3361 1776 3433 ejusque
1801 3377 1838 3416 se·

98 3453 149 3516 ast,
170 3449 270 3503 etloco
299 3445 414 3519 cuidam
442 3447 628 3518 pauperrimo
657 3447 825 3519 prepositus
854 3443 940 3504 est¹¹.
996 3450 1169 3520 cretissaepa
1185 3449 1368 3517 “intererat
1384 3453 1414 3504 et
1438 3449 1554 3522 qnando
1579 3446 1603 3486 ⁴⁸
1618 3450 1653 3505 de
1678 3450 1768 3505 rebus
1785 3466 1839 3505 ma·

98 3539 177 3593 lluuc
192 3552 261 3606 ergo
286 3536 392 3602 locum,
417 3535 632 3607 archiepiscopo
652 3536 813 3607 adjuvaute,
829 3552 942 3591 summo
994 3538 1106 3609 juribus
1116 3537 1297 3593 tractandum
1325 3536 1433 3609 aliquid
1451 3542 1523 3604 erut,
1551 3541 1631 3593 tanta
1653 3537 1838 3594 familiaritate

97 3625 161 3680 uisu
191 3624 286 3679 stetim
311 3623 429 3679 adauxit
458 3623 585 3695 totisque
610 3623 720 3679 viribus
741 3625 886 3681 decoravit
907 3624 941 3679 ²¹.
998 3631 1026 3681 et
1050 3625 1228 3693 auctoritate,
1263 3625 1394 3697 quamvis
1415 3624 1529 3697 juvenis
1555 3629 1638 3689 esset,
1664 3626 1700 3681 ad
1722 3627 1836 3696 impera·

98 3713 169 3767 Nam
193 3712 342 3783 egregium
378 3711 583 3766 monasterium
611 3711 697 3767 simul
724 3716 753 3767 at
787 3713 943 3767 claustrum
997 3721 1089 3770 torem
1105 3712 1274 3783 habebatur,
1292 3717 1325 3768 ut
1348 3713 1409 3768 siue
1424 3713 1513 3785 ipsius
1527 3712 1835 3786 consilioraroaliquid

96 3800 301 3856 canonicorum
327 3800 358 3854 iu
384 3800 494 3855 honore
528 3800 619 3855 sancti
645 3800 763 3856 Victoria
790 3800 897 3856 ibidem
920 3802 944 3839 ¹⁸
998 3806 1182 3858 statueretur.
1211 3801 1325 3858 Cunctis
1350 3801 1471 3857 affabilis
1495 3806 1557 3857 erat
1571 3799 1606 3870 ⁴⁸,
1633 3803 1747 3858 cunctis
1768 3801 1834 3859 beni·

97 3889 255 3944 construxit
282 3892 314 3943 ²⁶.
341 3888 485 3961 Positique
511 3885 535 3922 ¹⁸
562 3889 598 3944 ad
627 3889 798 3944 electionem
823 3889 944 3945 fratrum
999 3906 1074 3962 gnus
1088 3890 1194 3957 extitit,
1209 3894 1238 3945 et
1253 3889 1521 3961 plurimadonaudo
1536 3889 1660 3963 gloriam
1682 3906 1744 3946 non
1757 3888 1833 3946 modi·

98 3977 215 4033 claustri
235 3976 417 4049 primatibus,
444 3993 562 4033 cursum
597 3976 682 4032 certis
708 3976 888 4049 temporibus
917 3984 946 4034 et
999 3979 1151 4050 camepnd
1170 3977 1459 4050 cunctosacquisirit.
1479 3979 1558 4033 Unde
1585 3982 1614 4033 et
1635 3994 1739 4034 omues
1758 3977 1831 4035 mari·

98 4065 188 4137 signis
214 4064 359 4121 decantari
382 4063 546 4135 servarique
570 4064 715 4136 praecepit.
743 4066 777 4120 ct
800 4065 840 4120 ita
861 4066 946 4122 rebus
1000 4083 1047 4123 mo
1070 4067 1177 4122 honore
1200 4083 1232 4121 ac
1255 4065 1409 4122 dilectione
1434 4066 1517 4121 illum
1538 4064 1695 4136 habebant,
1711 4075 1743 4123 et
1768 4063 1831 4139 quasi

99 4152 296 4208 ecclesiasticis
327 4153 485 4208 secundum
533 4152 664 4224 regulam
691 4153 860 4208 canonicam
891 4154 945 4209 rite
999 4161 1131 4210 sanctum
1144 4155 1205 4226 jam
1220 4155 1389 4211 divinabant
1402 4156 1434 4208 ⁴⁷.
1452 4154 1606 4210 Etidcirco
1623 4155 1659 4210 ab
1675 4156 1830 4227 imperaturo

801 4278 918 4333 VARlAE
943 4277 1144 4334 Lectiones.

135 4382 146 4416 ⁷
175 4382 241 4436 Erat
269 4397 396 4453 namque
424 4381 602 4437 borchardus
638 4380 735 4452 incipit
763 4385 790 4437 2.
828 4380 974 4454 ⁸quippe
1002 4387 1029 4438 2.
1067 4381 1080 4418 ⁹
1118 4382 1247 4437 eruditus
1274 4386 1301 4438 ἓ.
1339 4381 1363 4420 ¹⁰
1403 4382 1527 4454 dejectus
1562 4385 1590 4436 t.
1636 4383 1657 4420 ¹¹
1693 4380 1827 4451 vuilligoso
1879 4384 1881 4389 “

104 4452 129 4505 t.
153 4466 268 4576 semper,
305 4452 330 4487 ⁸2
362 4453 440 4507 arch.
469 4468 508 4507 m.
548 4469 573 4507 s.
609 4467 638 4506 se
669 4452 766 4523 junxit
791 4457 818 4507 2.
859 4451 881 4488 ¹³
906 4453 980 4509 ini.
1010 4454 1144 4509 sdceuut
1170 4457 1198 4508 ἓ.
1237 4451 1260 4492 ¹⁸
1286 4452 1360 4509 deest
1389 4457 1413 4508 l.
1454 4454 1476 4490 ¹¹
1523 4452 1634 4506 uamvis
1672 4454 1699 4508 ἢ.
1737 4451 1760 4489 ⁴⁰
1790 4461 1827 4504 nrt
1877 4462 1881 4563 p

100 4550 135 4560 -
158 4524 308 4577 verutum
336 4521 433 4578 desunt
456 4525 483 4578 2.
520 4520 543 4560 ¹²
571 4522 690 4593 istisque
730 4539 758 4593 p.
788 4539 812 4575 v.
830 4528 859 4578 et
885 4523 1027 4580 similibus
1053 4528 1080 4579 2.
1119 4522 1142 4559 ¹⁸
1170 4522 1307 4579 stationes
1332 4526 1359 4579 2.
1400 4521 1423 4558 ¹⁹
1449 4539 1476 4578 a.
1526 4523 1638 4592 illegiso
1678 4525 1704 4579 t.
1742 4517 1828 4574 ¹⁰sul

101 4591 175 4646 latus
199 4595 223 4646 t.
262 4591 285 4627 '¹
319 4594 392 4648 deest
434 4596 460 4648 2.
496 4590 688 4648 ”decrescit
720 4595 750 4647 2.
791 4597 814 4630 ²⁸
843 4597 921 4649 extra
956 4611 1053 4650 muros
1087 4593 1260 4666 ldoguntinae
1290 4593 1453 4648 civitatist.
1491 4593 1516 4628 ¹⁶
1545 4593 1594 4647 Est
1623 4596 1720 4648 autam
1752 4592 1828 4669 Victor
1879 4584 1881 4625 Ψ

100 4662 153 4717 iste
181 4661 275 4717 socius
296 4664 387 4718 sancti
424 4663 560 4720 Gereonis
588 4663 618 4718 in
644 4664 761 4719 Colonia
791 4663 972 4735 quiescentis,
1002 4665 1051 4736 qui
1080 4680 1138 4719 uno
1162 4665 1208 4720 die
1230 4665 1308 4735 passi
1329 4670 1405 4730 erint,
1435 4664 1483 4719 aed
1517 4663 1612 4718 Victor
1639 4679 1705 4719 cnm
1745 4662 1784 4718 ani
1806 4670 1829 4712 ru

99 4733 231 4798 xantum,
261 4741 289 4788 et
311 4735 423 4790 Gereon
451 4750 515 4789 cum
539 4734 598 4788 suis
626 4734 657 4789 in
684 4734 811 4790 Colonia.
827 4735 893 4789 odd.
922 4738 949 4790 2.
969 4736 1053 4790 ves-oa
1081 4737 1282 4804 Kirsporteust's
1309 4735 1446 4791 monachi.
1487 4732 1511 4768 ²⁸
1540 4733 1641 4789 Positis
1665 4750 1732 4804 ergo
1754 4732 1790 4788 ibi
1808 4729 1827 4782 l.

101 4801 125 4841 ¹⁶
153 4805 214 4859 Rei.
239 4811 336 4859 sutem
366 4808 395 4860 ’2.
439 4802 462 4841 ¹⁷
488 4804 641 4876 willegisus
661 4805 892 4876 archiepiscopus
917 4809 944 4860 t.
983 4804 1139 4861 ”titium
1171 4807 1199 4861 2.
1239 4804 1263 4840 ¹⁹
1284 4823 1350 4878 ps.
1369 4809 1593 4860 estcunsecutna
1615 4806 1642 4860 2.
1680 4802 1705 4840 ⁸⁰
1731 4801 1830 4859 denti.

99 4875 121 4909 ³¹
143 4880 172 4929 et
186 4891 212 4930 a.
229 4877 273 4931 vel
294 4875 313 4931 i.
330 4880 359 4930 et
373 4875 392 4931 i.
410 4879 436 4931 2.
475 4876 499 4913 ³¹
535 4876 628 4930 uia‘t.
669 4875 828 4931 ⁸³illum2.
866 4876 1018 4931 ⁸‘deerit
1056 4875 1260 4931 ³llranckot.
1299 4875 1711 4946 ”daquosiromuttauz
1750 4866 1832 4928 ”Sol

100 4946 310 5001 -minoribus
329 4946 465 5002 desuutt.
504 4893 591 5002 allllic
604 4961 673 5016 ergo
688 4948 795 5002 Franco
818 4952 932 5017 accepto
948 4964 993 5018 ep.
1023 4951 1049 5003 2.
1087 4945 1113 4982 ⁸⁹
1141 4948 1258 5002 demum
1286 4950 1311 5001 2.
1350 4944 1374 4983 ⁴⁰
1397 4945 1535 5016 expeditis
1550 4949 1577 4999 2.
1615 4943 1638 4983 ⁸¹
1654 4944 1772 5000 ottone
1788 4948 1834 5024 ter-

99 5016 181 5142 ll‘ob
209 5016 234 5054 ‘'
246 5016 345 5089 ibique
359 5033 474 5090 quoque
489 5020 518 5073 2.
560 5018 583 5054 ⁸³
607 5017 773 5087 spatiuma.
796 5020 823 5073 2.
861 5022 884 5056 ⁴⁶
906 5017 1037 5089 spissime
1050 5021 1077 5074 t.
1116 5016 1139 5054 ⁴⁵
1159 5033 1224 5072 cum
1251 5020 1277 5072 2.
1316 5016 1340 5054 ¹⁶
1362 5033 1387 5071 e.
1403 5033 1430 5083 a,
1446 5021 1475 5072 et
1499 5016 1642 5086 benignus
1663 5023 1692 5072 et
1703 5019 1732 5072 2.
1769 5012 1837 5069 ‘liu-

120 5102 163 5141 ica
183 5091 274 5143 ant2.

138 5259 174 5330 (Ἰ)
185 5261 343 5317 canonicus
360 5262 522 5319 leodiensis
538 5261 568 5317 iu
587 5268 662 5317 cont.
689 5263 764 5318 Gest.
786 5264 869 5318 ahha.
899 5264 952 5319 Lo·
1006 5261 1199 5318 claricoboua
1228 5263 1360 5333 quasdam
1382 5262 1461 5318 dedit
1485 5263 1516 5318 iu
1538 5277 1613 5333 pago
1642 5261 1848 5317 Haaeioeinco·

102 5330 256 5396 hiensium,
273 5334 422 5390 nescioau
439 5337 524 5403 recte,
553 5333 730 5400 nominatur,
754 5334 882 5405 Dachery
905 5334 950 5389 ed.
1006 5333 1294 5390 mitat.uThaucmari
1313 5334 1378 5399 sita,
1399 5349 1464 5414 quae
1486 5336 1668 5390 hermannus
1697 5349 1795 5389 comes
1823 5334 1850 5388 in

106 5404 132 5466 2,
152 5401 187 5468 ll,
203 5418 235 5471 p.
251 5402 313 5458 rit.
1005 5404 1145 5460 beneficio
1162 5405 1310 5474 habuerat,
1341 5403 1435 5461 edidit
1447 5405 1591 5461 Schaunat
1604 5403 1675 5459 llist
1692 5404 1802 5460 Worm.
1819 5405 1852 5469 ll,

138 5474 175 5542 (8)
203 5473 315 5528 Ottonis
343 5474 378 5528 lll
408 5474 535 5529 diomata
559 5476 628 5542 duo,
658 5474 761 5546 quibus
788 5473 952 5530 burchardo
1006 5492 1034 5546 p.
1053 5478 1096 5543 32,
1115 5478 1157 5530 33.
