3878 6112
58 236 114 288 tan
891 238 989 293 ACTA·
1763 247 1821 300 *tttu

93 357 143 412 te.
163 379 174 406 ι
191 357 302 412 luteres
315 355 454 428 temporis
478 370 591 410 summa
616 360 646 411 et
672 354 757 411 unice
771 355 833 428 ejus
847 361 951 412 curae
972 358 1103 431 plur-ibus
1118 358 1230 431 paginis
1239 359 1414 432 exsequitur.
1440 362 1561 418 Demnm
1576 365 1736 420 concludit:
1747 366 1820 422 Can·

52 445 163 500 luitse
186 451 351 501 sanctornm
381 446 571 500 Patronorum
598 445 753 512 consortio,
783 445 818 501 ad
837 446 916 518 quod
968 446 1033 503 dide
1049 449 1152 513 lateor,
1171 453 1200 503 et
1213 448 1290 521 quod
1304 465 1351 504 res
1365 456 1419 516 est,
1441 450 1531 506 edico.
1548 452 1692 520 Plurimis,
1708 454 1758 526 qui
1773 455 1822 525 pia

55 535 96 587 ab
117 533 252 604 ipsismet
278 533 486 604 gratiosissima
506 532 644 588 inritatus
668 533 771 598 luerat,
793 533 915 606 dignm
968 535 1123 590 admodum
1138 549 1171 589 ex
1195 535 1248 590 bac
1271 535 1329 590 vita
1347 539 1489 607 emigrare
1518 540 1716 609 credebantur,
1743 541 1821 597 adfui

54 622 193 676 reddere.
231 622 386 679 Restabant
415 627 483 676 tune
518 621 655 694 temporie
681 623 792 694 aliquot
820 623 915 678 adbuc
968 622 998 677 in
1013 624 1235 678 extremiszsed
1254 625 1401 680 neminem
1422 626 1516 681 adbuc
1536 628 1594 682 vidi
1608 628 1639 683 iu
1651 629 1820 686 hodiernam

55 710 180 781 oppida,
230 719 262 765 nt
306 710 540 775 llocbstadieuse,
590 712 913 782 llertzogeuaoraceuse,
968 711 1056 778 diem,
1074 711 1131 766 imo
1147 717 1175 766 et
1198 712 1244 767 vix
1258 713 1353 768 audivi
1367 714 1492 770 similem
1507 717 1633 771 hominis
1645 719 1705 786 jam
1731 719 1822 774 mori·

56 798 386 864 Obserscbeinteldense,
397 799 675 855 Burcknnstadienee
688 809 752 854 cum
767 799 914 854 nonnullis
968 800 1025 853 turi
1041 800 1188 871 pietatem,
1208 816 1266 872 qua
1280 801 1328 856 ille
1345 801 1422 856 diem
1436 820 1520 858 suum
1534 806 1636 860 clausit
1648 811 1819 863 extremum.

56 888 153 958 pagis,
168 889 198 941 in
212 887 316 960 quibus
331 887 497 943 reformatio
510 887 641 960 quidem,
667 887 914 943 eterrantiumad
966 887 1088 942 Tacitum
1116 888 1254 943 momenti
1279 890 1456 946 etellieaciae
1477 893 1513 946 ad
1544 894 1617 948 bene
1637 895 1820 951 moriendum

59 976 192 1031 ecclcsiae
217 975 356 1030 unitatem
382 975 512 1030 reductio
538 976 599 1046 jam
629 976 772 1041 inchoata,
790 976 913 1031 necdum
951 975 1271 1047 ,babuitpatrorinium
1296 977 1341 1032 SS.
1372 978 1496 1033 lleinrici
1524 981 1765 1052 etCunegnndis,
1792 989 1821 1039 et

58 1070 159 1119 tamen
177 1065 358 1135 adoptatum
381 1065 470 1120 linem
499 1065 636 1134 perducta
665 1071 735 1119 erat.
753 1065 913 1119 arbitratus
967 1064 1139 1118 eorumdem
1154 1064 1281 1134 gratiosa
1293 1067 1448 1136 apparitio,
1460 1067 1595 1123 devotum
1615 1069 1670 1124 sibi
1684 1070 1820 1126 clientem

58 1152 308 1223 igitursesauctia
328 1153 536 1208 fundatoribus
555 1154 785 1224 acceptissimum
809 1160 912 1208 vento·
967 1151 1128 1206 adbeatam
1153 1153 1344 1207 eternitatem
1367 1153 1560 1212 invitantium.
1592 1157 1710 1213 Videtur
1733 1159 1820 1215 etiam

59 1257 138 1306 rum,
161 1241 187 1296 si
211 1241 359 1296 ecclesiam
385 1241 420 1296 ab
443 1242 513 1311 ipsis
535 1241 695 1306 fundatam,
725 1242 913 1297 sinemacula
966 1240 1020 1295 boc
1039 1241 1098 1294 loon
1117 1242 1370 1296 commemoranda
1387 1244 1443 1297 alin
1459 1244 1531 1300 visio
1553 1246 1820 1302 Praesnlibuioali·

60 1329 179 1383 haeresis
203 1335 378 1399 presentare
403 1329 521 1385 illorum
540 1331 705 1400 conspectui
721 1334 827 1401 posset,
851 1335 912 1384 tota
966 1334 1116 1398 quotante
1139 1336 1262 1385 mortem
1286 1330 1366 1385 boris
1395 1332 1501 1402 oblata,
1525 1349 1582 1406 qua
1609 1335 1712 1390 certior
1729 1335 1819 1391 factus

59 1420 154 1472 sirum
177 1416 364 1472 contentione
391 1417 421 1472 in
446 1416 475 1472 id
496 1418 701 1490 perficiendum
717 1417 868 1473 incubuit:
884 1422 913 1471 et
965 1415 1020 1471 fuit
1035 1416 1182 1472 defuturo
1201 1417 1349 1489 quondam
1379 1435 1542 1475 successore
1556 1437 1619 1488 sno,
1633 1422 1684 1493 qui
1706 1438 1740 1477 ea
1754 1439 1820 1494 qooe

59 1506 269 1576 quodinvotis
296 1505 429 1574 babebat,
458 1511 501 1560 est
520 1512 676 1574 assecutus,
703 1507 825 1563 Domino
840 1505 911 1560 fide·
965 1505 1325 1576 ipseprobouoeccleeire
1351 1509 1568 1578 bambergensis
1595 1515 1818 1581 reolecceperat‚

57 1595 161 1649 lissimi
185 1594 232 1648 sni
258 1594 333 1649 servi
357 1595 504 1650 conatibus
524 1593 646 1661 favente,
676 1600 705 1650 et
731 1594 947 1688 evidentibusB
966 1600 1082 1650 strenue
1110 1600 1173 1650 erat
1199 1601 1412 1667 prosecuturus.
1435 1598 1533 1654 Relert
1558 1599 1725 1653 vaticinium
1749 1599 1820 1655 illud

58 1683 157 1753 gratioe
171 1682 278 1738 divinae
294 1683 428 1737 subsidiis
441 1689 623 1753 cooperante.
966 1683 1071 1754 supine
1101 1683 1234 1739 laudatus
1262 1685 1422 1740 Fridericns
1450 1687 1634 1741 Fornerusin
1662 1686 1747 1741 citato
1766 1692 1821 1748 tra÷

89 1773 136 1826 ta.
155 1791 170 1822 e
202 1773 354 1836 Preterea,
382 1788 447 1826 curn
468 1772 523 1826 sibi
547 1789 564 1826 a
589 1771 617 1828 S.
649 1772 782 1828 lleinrico
808 1774 910 1829 etorri
965 1778 1053 1837 ctatu,
1090 1775 1148 1827 ltuo
1184 1774 1294 1842 speculo
1336 1775 1475 1844 Principis
1511 1777 1695 1837 ecclesiastici.
1729 1782 1757 1830 et
1789 1775 1820 1831 in

59 1875 142 1914 manu
159 1866 318 1926 annuente,
335 1860 499 1915 denuntiari
514 1861 642 1916 crederet
668 1859 738 1915 illud
757 1863 908 1933 ttegomt,
965 1860 1102 1915 concione
1130 1861 1256 1915 secunda
1286 1862 1400 1916 funebri
1426 1863 1461 1917 de
1484 1864 1592 1918 loanne
1622 1863 1820 1920 Godelridoab

58 1965 120 2018 cop.
139 1951 176 2003 20
190 1965 197 2003 :
212 1967 226 2000 e
243 1949 389 2019 Praecipue
400 1948 499 2003 domui
513 1954 571 2003 tuae
584 1964 592 2015 ς
607 1948 822 2004 morierisenim
836 1957 865 2004 lu
882 1956 910 2005 et
964 1951 1138 2014 ascuausen,
1155 1965 1222 2020 pag.
1238 1951 1283 2017 60,
1296 1950 1345 2004 ubi
1361 1951 1400 2005 sic
1412 1950 1523 2006 scribit:

58 2054 111 2092 non
127 2036 243 2100 vires·
267 2038 353 2108 coepit
377 2037 474 2092 omnin
497 2037 552 2092 rite
573 2037 719 2106 ordinare,
741 2041 800 2092 tam
817 2038 911 2109 quoad
1000 2037 1043 2091 lb.
1057 2056 1072 2088 c
1087 2038 1159 2092 Cum
1179 2037 1393 2093 illustrissimus
1407 2044 1436 2094 et
1455 2040 1717 2096 Reverendissimne
1732 2042 1819 2096 Bam-

57 2126 228 2196 temporalia
250 2142 338 2197 qoam
353 2127 446 2198 quoad
469 2131 575 2181 statum
591 2127 695 2181 enimes
710 2142 779 2181 suae.
794 2128 910 2182 Peccata
964 2125 1111 2195 bergensis
1139 2125 1292 2195 episcopus
1326 2127 1500 2197 Nytbardus,
1527 2128 1730 2184 laudatissime
1758 2145 1819 2184 me·

58 2231 105 2268 sna
118 2214 313 2286 eleemosynis
338 2215 479 2270 redimere
494 2215 622 2286 cupiens,
639 2216 668 2270 in
690 2215 787 2270 omnia
802 2218 911 2287 templa
964 2213 1075 2274 morire,
1091 2229 1169 2267 anuo
1184 2229 1304 2268 aoxcvrn
1330 2214 1360 2268 in
1390 2215 1450 2285 ipsa
1477 2214 1504 2270 S.
1530 2214 1667 2286 Stephani
1682 2216 1818 2272 testivita-

58 2308 84 2357 el
97 2301 275 2357 monasteria
289 2319 449 2374 pauperum
472 2303 687 2374 religiosorum,
710 2305 740 2359 in
756 2305 910 2376 hospitalia
965 2305 1002 2366 le,
1018 2301 1120 2372 quain
1145 2302 1293 2356 vivisesse
1320 2301 1416 2368 desiit,
1445 2319 1529 2358 mane
1562 2304 1702 2359 sacrificio
1728 2304 1819 2359 inler-

58 2396 84 2445 et
106 2391 278 2447 nosocomia
305 2391 480 2462 largissimas
515 2393 713 2466 eleemosynas
740 2394 907 2449 destinavit:
964 2379 1073 2456 fuisset,
1108 2405 1172 2460 ego,
1218 2390 1268 2461 qui
1300 2391 1327 2445 ei
1368 2407 1481 2462 semper
1522 2393 1648 2459 ederem,
1688 2397 1820 2448 nostrum

10 2508 14 2551 =¹
58 2480 117 2534 aliis
154 2495 275 2551 qnoque
308 2479 411 2536 Christi
452 2481 625 2552 pauperibus
672 2482 807 2552 pecunias
848 2482 913 2536 sine
964 2479 1105 2533 loannem
1132 2478 1329 2548 Godelridum,
1361 2480 1411 2550 qui
1439 2480 1647 2535 nudiustertius
1674 2497 1707 2536 ex
1722 2481 1820 2538 Galliis

10 2558 20 2619 ἔ
58 2585 180 2624 numero
213 2568 361 2639 dispertiri
387 2569 497 2623 curavi.
529 2570 563 2623 Et
585 2574 738 2640 postquam
763 2570 909 2640 llerbipoli
964 2567 1085 2621 domum
1113 2568 1248 2636 redierat,
1276 2568 1311 2622 ad
1340 2583 1406 2622 enm
1435 2568 1464 2622 iu
1495 2570 1566 2624 lecto
1588 2569 1817 2636 decumbentem,

10 2652 19 2659 ”
60 2662 270 2728 [quopropter
298 2657 414 2728 negotia
452 2664 588 2730 tanquam
622 2660 795 2730 Propositus
832 2661 910 2714 illius
964 2655 1640 2728 multispraesentibns‚intr·oduxi:quemcnm
1660 2658 1822 2729 ingredien-

15 2756 22 2775 ⁴
59 2745 185 2800 ecclesiae
218 2749 407 2814 concesserat)
435 2746 465 2800 in
491 2747 624 2801 morbum
665 2747 820 2815 incidisset,
850 2755 909 2803 tam
965 2749 1022 2799 tem
1037 2745 1241 2815 conspexisset,
1267 2744 1302 2798 ad
1336 2761 1381 2799 me
1410 2761 1586 2802 conversus:
1619 2747 1819 2814 Onalemnam,

61 2834 136 2902 mibi,
152 2849 244 2904 qnam
258 2833 323 2887 aliis
342 2838 403 2888 toto
427 2833 520 2889 morbi
548 2840 677 2905 tempore
702 2835 756 2906 ipsi
771 2836 908 2890 adstanti·
964 2834 1113 2904 inquiens,
1142 2833 1310 2904 episcopum
1340 2833 1411 2890 nribi
1431 2834 1652 2906 adducis‘lligo
1674 2835 1819 2891 illirllln·

61 2921 470 2989 bue‚1iberamd00mnibus
500 2923 581 2977 bonis
606 2923 675 2990 suis,
699 2925 865 2990 innormis,
880 2913 1105 2979 inCetrissime
1135 2921 1266 2985 llomine,
1298 2927 1341 2976 est
1365 2922 1480 2992 juvenis
1506 2923 1666 2979 Canonions
1694 2924 1820 2978 loannes

64 3011 217 3081 pruneriis,
235 3011 265 3064 iu
287 3026 344 3064 cere
372 3011 519 3082 praesenti,
549 3014 909 3083 quascumquevollemus,
966 3008 1187 3065 Godelridusab
1215 3009 1391 3077 Asclrnnsen,
1420 3025 1527 3081 pancos
1544 3016 1609 3066 ante
1633 3010 1694 3065 dies
1706 3027 1739 3065 ex
1754 3011 1818 3066 Gal·

64 3102 256 3169 eleemosynas
275 3098 312 3154 nd
338 3098 452 3154 libitum
480 3105 611 3153 nostrum
641 3115 693 3170 pro
722 3100 818 3154 anima
848 3116 909 3163 suu,
966 3097 1136 3153 liadomum
1162 3098 1260 3152 redux.
1291 3100 1357 3167 Ejus
1387 3098 1484 3170 itaque
1504 3115 1591 3154 manu
1620 3100 1817 3170 apprehensa:

18 3184 22 3225 ⁵
65 3188 235 3259 paoperibus
265 3191 294 3241 et
330 3187 399 3241 locis
426 3186 482 3257 piis
521 3186 710 3256 dispertiendi
746 3187 910 3243 facultatem
966 3187 1033 3253 lste,
1052 3186 1157 3258 iuquit,
1173 3192 1360 3258 postpauoos
1378 3203 1472 3242 annos
1492 3187 1697 3243 coudecorabit
1722 3188 1818 3242 sedem

64 3275 208 3340 oonreeeit,
228 3275 291 3329 trec
321 3290 397 3345 saepe
426 3275 531 3329 iterans
555 3275 665 3330 verbe:
691 3275 835 3346 Quidquid
858 3292 911 3347 pro
966 3275 1158 3345 episcopalem
1171 3275 1199 3331 S.
1215 3275 1335 3331 Ottonis.
1355 3277 1388 3331 Et
1416 3282 1482 3348 post
1501 3277 1561 3332 baec
1576 3277 1661 3333 verba
1682 3277 1820 3332 conticuit

64 3366 153 3420 anime
169 3379 238 3418 mea
252 3364 500 3434 eleemosynarnm
524 3356 721 3435 erogaveritis,
747 3381 800 3436 ego
817 3370 911 3420 ratum
966 3363 1189 3419 meditabundus
1216 3364 1426 3436 aliquantisper
1447 3382 1453 3420 :
1471 3383 1503 3420 nc
1526 3366 1642 3420 demum
1662 3366 1698 3422 de
1725 3365 1819 3421 reditu

64 3453 180 3508 habebo.
965 3452 992 3506 ei
1008 3456 1052 3506 est
1066 3453 1290 3523 congratulatus.
1320 3454 1533 3509 Recordabatur
1558 3455 1699 3523 ejnsmodi
1717 3454 1818 3508 verbo·

92 3542 139 3597 ll.
162 3539 488 3611 «tdqoepresenubus
510 3539 737 3595 etiamecclesiae
752 3540 911 3611 imperialis
965 3556 1032 3595 rum
1052 3556 1113 3595 nou
1133 3557 1198 3595 raro
1217 3541 1429 3597 illustrissimus
1455 3547 1551 3597 noster
1573 3544 1697 3598 loannes
1726 3541 1818 3598 Goda-

10 3622 12 3629 ’
65 3628 280 3698 bambergensis
293 3627 406 3683 duobus
426 3627 565 3696 Praelatis,
591 3628 830 3701 quillerbipolim
848 3629 911 3685 ideo
966 3629 1066 3698 fridus,
1087 3629 1144 3701 pie.
1172 3630 1320 3685 memorie
1350 3647 1358 3696 ;
1387 3631 1500 3687 vetabat
1526 3637 1624 3687 tamen
1651 3630 1715 3686 aliis
1743 3629 1821 3685 erul-

63 3717 278 3780 descenderam.
316 3722 348 3771 nt
372 3732 438 3772 eom
461 3716 491 3772 in
511 3718 612 3774 morbo
639 3735 691 3773 sno
713 3718 869 3774 inviserent
884 3723 912 3772 et
966 3717 1039 3789 gari.

63 3808 291 3872 consolarentur,
314 3805 423 3876 pluries
448 3805 571 3873 iteravit,
600 3806 708 3861 addens
735 3822 793 3861 non
807 3807 910 3862 semel:
1001 3808 1047 3862 lv.
1064 3827 1075 3852 ·
1093 3803 1247 3874 Hucusque
1263 3805 1348 3858 verba
1376 3805 1494 3860 l'orueri
1510 3821 1575 3875 pag.
1603 3808 1648 3867 oo,
1664 3805 1715 3874 qui
1732 3819 1819 3873 supra

63 3898 259 3952 Pecoetemea
284 3893 452 3965 gravissima
480 3899 557 3960 sont,
583 3900 612 3950 et
627 3910 748 3949 numero
763 3910 913 3965 propemo·
968 3910 1033 3965 pag.
1056 3897 1084 3948 ll
1103 3892 1248 3953 retulerat,
1270 3892 1507 3963 piissimamejus
1532 3897 1653 3947 matrem
1669 3892 1819 3964 Brigittam

63 3987 128 4040 dnm
144 3983 263 4040 infinita
281 3982 401 4038 :multis
419 3983 541 4053 proinde
555 3989 584 4038 et
598 3983 711 4053 magnis
724 3983 913 4056 eleemosynis
967 3985 1002 4038 de
1015 3981 1111 4044 Zobel,
1137 3981 1205 4035 dum
1236 3981 1341 4036 liliolus
1356 3981 1418 4050 ejus
1432 3982 1524 4036 adbuc
1539 3982 1569 4036 in
1591 3981 1672 4035 cunis
1699 3980 1818 4051 vagiret,

61 4073 206 4129 diluenda.
237 4071 370 4127 Ultimum
412 4087 493 4127 suam
522 4073 699 4127 voluntatem
722 4073 863 4143 exposuit,
882 4078 913 4127 ut
967 4076 1050 4126 nocte
1079 4070 1215 4141 quadam,
1243 4085 1310 4124 cum
1351 4070 1444 4141 pridie
1480 4085 1589 4123 sacram
1616 4068 1819 4123 Eucharistiam

62 4161 212 4234 seqnitur:
235 4159 339 4216 Omnia
364 4175 429 4214 men
456 4161 541 4227 bona,
559 4159 665 4232 inqnit,
693 4159 855 4226 dequibus
882 4165 950 4244 utu
969 4159 1146 4229 sumpsisset,
1172 4163 1201 4212 et
1220 4157 1313 4212 lilium
1340 4174 1425 4212 snum
1451 4158 1563 4213 Christo
1591 4162 1620 4211 el
1644 4156 1724 4211 ldatri
1757 4156 1820 4228 ejus

62 4251 174 4322 peculio
187 4248 317 4322 proprio,
345 4247 447 4319 majori
460 4264 494 4303 ex
508 4252 588 4320 parte
613 4247 799 4316 hereditario,
822 4248 916 4319 dispo-
971 4247 1100 4304 devotius
1114 4246 1349 4310 commendasset,
1374 4245 1460 4300 mitra
1476 4250 1506 4300 et
1533 4244 1633 4300 babitu
1660 4244 1820 4316 pontificali

62 4356 130 4394 nere
145 4353 278 4410 mum,
292 4337 322 4392 in
337 4342 394 4392 tres
407 4342 501 4409 partes
520 4335 610 4392 dividi
624 4336 698 4391 volo.
722 4335 819 4391 Prima
832 4338 916 4392 detur
971 4340 1116 4401 ornatum,
1133 4351 1165 4389 ac
1183 4334 1257 4389 miro
1271 4335 1383 4406 fulgore
1397 4351 1548 4390 coruscum
1562 4340 1629 4389 aute
1653 4350 1683 4388 se
1698 4339 1820 4388 stantem

65 4427 197 4484 Eoolesice
222 4441 230 4493 ;
260 4427 350 4481 altera
384 4441 544 4496 panparom
572 4425 670 4479 nsibns
698 4424 883 4495 impendatur
907 4444 914 4494 ;
970 4423 1159 4495 corispoxisse.
1178 4425 1242 4478 Erat
1267 4424 1399 4479 laudatus
1421 4423 1545 4493 juvenis,
1563 4422 1613 4494 qui
1639 4422 1822 4493 tuocagebat

64 4515 148 4570 tertie
170 4514 301 4584 cognatis
328 4512 401 4567 meis
428 4513 520 4577 cedat,
549 4530 622 4586 qnos
662 4515 738 4568 inter
756 4515 917 4585 praecipuos
971 4529 1081 4581 annum
1093 4511 1184 4566 relatis
1197 4512 1368 4584 vigesimum
1396 4517 1541 4584 quartum,
1563 4512 1591 4566 S.
1607 4511 1738 4566 lleiurico
1754 4526 1821 4581 spe-

64 4604 205 4660 esserolo
226 4618 275 4657 eos
302 4601 353 4672 qui
378 4601 411 4657 in
435 4601 537 4657 studiis
563 4602 656 4658 adbuc
684 4608 860 4671 versantor3
888 4609 917 4658 et
971 4601 1080 4656 cialiter
1095 4601 1214 4655 devotus
1230 4617 1237 4666 ;
1253 4605 1282 4655 et
1296 4600 1388 4656 eidem
1413 4601 1527 4668 Sancto,
1562 4605 1594 4653 ut
1610 4599 1713 4653 merito
1732 4598 1821 4653 credi·

65 4693 162 4748 fratris
175 4690 253 4747 tilios
273 4690 468 4756 minorennes,
495 4695 527 4744 nt
552 4689 583 4744 in
612 4689 758 4745 catholica
776 4690 916 4762 religione
971 4693 1027 4754 tur,
1040 4688 1171 4759 apprime
1183 4689 1298 4754 charus,
1325 4689 1493 4742 nouaclum
1507 4688 1544 4742 ob
1572 4686 1821 4741 devotionistene·

65 4779 320 4837 mleantedocari.
351 4779 462 4834 Nollem
486 4784 591 4847 autem,
609 4779 645 4835 de
666 4778 751 4834 bonis
772 4779 915 4846 Ecclesia,
972 4777 1138 4844 citudinem,
1152 4776 1200 4831 sed
1217 4778 1259 4830 vel
1281 4777 1404 4832 maxime
1428 4777 1465 4831 ob
1494 4775 1713 4831 similitudinem
1738 4773 1822 4826 casti-

65 4870 136 4926 milri
161 4869 304 4935 sangnine
323 4867 432 4939 junctis
458 4866 615 4939 quidquam
648 4865 776 4937 elargiri,
804 4866 914 4922 nisiex
972 4865 1088 4930 monice,
1104 4882 1169 4936 quae
1179 4864 1294 4934 juvenis
1309 4881 1397 4936 supra
1409 4880 1593 4919 communem
1612 4860 1822 4917 modumeuut-

64 4959 241 5031 patrimonio
262 4973 326 5012 meo
349 4960 523 5027 suppeteret,
545 4960 576 5010 ut
601 4956 642 5011 eis
664 4955 831 5010 benefacere
846 4971 915 5026 pos·
972 4956 1066 5024 gebal,
1093 4959 1121 5008 et
1157 4969 1216 5008 non
1240 4955 1279 5008 ita
1312 4954 1424 5024 pridem
1459 4951 1616 5022 llerbipoli,
1650 4949 1698 5003 nbi
1720 4947 1822 5001 studiis

64 5045 224 5103 semzscic
247 5045 326 5099 enim
354 5043 543 5099 ecclesiastica
568 5046 645 5100 bona
670 5044 726 5099 illis
740 5060 795 5097 non
807 5043 915 5098 deberi.
972 5042 1099 5105 vacabat,
1117 5046 1209 5110 ejusce
1224 5042 1339 5097 virtutis
1358 5043 1505 5113 specimen
1533 5039 1652 5094 dederat
1667 5035 1824 5091 immortali

62 5133 180 5191 Addidit
192 5133 224 5187 iu
246 5133 315 5199 line,
344 5131 459 5202 sepeliri
473 5148 503 5186 se
524 5132 594 5186 velle
617 5131 647 5186 iu
675 5132 793 5186 ecclesia
820 5133 918 5187 calbe-
972 5131 1112 5185 memoria
1124 5130 1255 5199 dignum.
1277 5132 1423 5186 bernerus·
1446 5130 1475 5184 iu
1500 5125 1637 5183 concione
1665 5122 1760 5193 prima
1784 5120 1823 5176 iu·

63 5225 136 5280 dreli
163 5220 378 5290 bambergensi,
403 5220 465 5274 sine
486 5236 600 5293 pompa,
630 5225 659 5274 et
687 5236 773 5292 quam
795 5221 917 5275 minimo
971 5218 1053 5272 nebri
1068 5234 1134 5288 pag.
1152 5221 1196 5283 26,
1213 5218 1283 5272 illud
1299 5219 1457 5272 itarelert:

63 5310 125 5367 lieri
140 5315 238 5383 poseet
252 5314 379 5380 sumptu.
1008 5307 1159 5361 iii-«llem
1174 5307 1385 5371 admirandam,
1414 5304 1591 5359 verissimam
1619 5307 1727 5364 tamen,
1744 5299 1823 5354 vobis

98 5400 145 5455 ts.
163 5417 178 5449 ι
195 5395 637 5468 Ceterumqnamexactosead
661 5396 775 5451 besum
795 5400 916 5451 mortem
975 5394 1148 5450 memorabo.
1178 5396 1301 5450 ioannes
1339 5393 1511 5450 Godelridus
1534 5391 1570 5447 ab
1594 5392 1754 5448 bscbanseu
1778 5388 1823 5442 in-

66 5486 280 5559 prepemrerit.
297 5491 325 5539 et
341 5501 427 5557 qnam
443 5485 489 5555 pie
502 5484 579 5539 illam
595 5484 758 5556 oppetierit.
776 5483 918 5538 Fornerns
974 5483 1166 5536 adolescentia
1181 5501 1242 5549 sire,
1260 5488 1291 5538 nt
1306 5498 1390 5536 nemu
1411 5498 1467 5535 nun
1490 5479 1577 5544 novit,
1602 5475 1823 5533 formosissimus
