3878 6112
35 263 43 273 '
63 259 114 313 457
460 315 465 322 ,
490 259 535 316 DE
555 257 789 317 ntvnnstrarn
808 261 1003 320 tnnroauu
1024 264 1116 321 LlBlll
1137 263 1216 320 ntto.
1235 293 1270 306 -
1291 264 1358 321 tte.
1379 264 1400 319 l.
1775 269 1828 326 tte

61 385 170 439 iterum
199 383 294 439 locum
321 383 404 438 illum
433 383 463 439 in
494 383 620 454 priorem
648 389 755 442 statum
792 387 954 443 reduxith
974 387 1117 444 bleriwido
1137 385 1162 423 ⁷²
1192 389 1247 460 (et)
1274 404 1378 460 magua
1406 387 1551 444 celeritate
1575 389 1766 463 veritusque
1789 391 1827 449 ad

62 474 151 528 llulta
180 472 318 545 praeclara
332 472 367 527 de
390 473 445 527 hoe
468 473 530 527 viro
555 473 638 528 nobis
661 475 810 530 scribenda
835 475 919 530 sulli—
952 481 1088 548 xportum
1101 478 1177 549 Tylae
1204 479 1260 548 (35)
1280 483 1473 548 pervenerunt
1496 477 1554 550 (eu.
1585 479 1671 547 1006).
1700 480 1828 551 Populus

62 563 166 616 ciunt:
183 576 271 633 quam
293 560 493 631 laeile,gratia
520 562 569 616 Dei
594 562 730 631 donante,
743 566 767 600 ⁰²
791 565 827 618 ad
856 564 918 636 api·
973 582 1040 619 vero
1068 566 1118 637 qui
1146 566 1220 621 cirea
1250 565 1346 621 littora
1372 566 1433 621 Wel
1462 566 1589 621 fluminis
1612 566 1827 638 habitaverunt,

63 667 128 706 eam
153 648 178 687 ⁸³
206 650 289 723 regui
309 651 483 722 pervenerit,
498 651 622 722 qualiter
644 652 769 707 illustres
793 655 867 708 siros
891 658 918 708 et
972 658 1221 724 compertotantae
1241 654 1583 719 multitudiuisadventu,
1603 670 1683 727 spem
1709 670 1826 712 omnem

63 737 652 810 summespotentiae,bellaadrersumse
672 741 918 809 concitantes,ce·
972 742 1071 797 salutis
1096 742 1125 796 in
1149 742 1219 813 luga
1251 749 1400 814 ponentes,
1426 758 1478 797 sua
1502 759 1577 814 pene
1600 742 1698 799 omnia
1719 749 1827 815 praeter
1901 787 1909 798 .

64 829 116 884 leri
135 828 296 883 victoriain
318 827 496 882 deditionem
512 828 608 882 venire
632 829 769 901 coegerit,
795 830 919 902 qualiter
970 830 1133 901 pecuniam,
1160 831 1229 902 qnia
1254 837 1427 886 mercatores
1447 837 1538 901 erant,
1564 830 1745 887 alienissimis
1760 832 1827 888 reli·

67 933 149 987 reges
184 916 215 971 iu
238 918 262 952 ⁰⁴
299 915 484 970 interioribus
515 917 674 971 Germaniae
704 918 842 989 partibus,
868 918 918 991 qui
971 922 1107 991 querunt.
1134 920 1288 975 Praefectus
1316 936 1383 975 vero
1411 922 1535 993 prudens
1558 920 1689 991 consilio,
1715 921 1825 978 veritus

66 1012 134 1060 sunt
163 1003 384 1073 Winidivocati,
410 1020 467 1059 suae
482 1004 588 1060 dicioni
616 1006 783 1062 tributarios
817 1007 917 1062 elfeee-
970 1024 1006 1063 ne
1022 1007 1264 1079 agrihominibus
1283 1009 1411 1063 destituti
1434 1008 1566 1065 hostibus
1589 1009 1824 1082 laeitiorpateret

66 1096 113 1159 rit,
130 1099 159 1149 et
174 1092 281 1148 Nettim
295 1093 325 1147 in
340 1092 433 1164 Belgis
453 1091 502 1148 din
522 1097 623 1148 eontra
642 1110 672 1149 se
696 1096 771 1150 male
793 1095 917 1167 cogitari·
969 1097 1126 1168 ingressos,
1142 1096 1170 1150 vi
1194 1113 1252 1170 qua
1275 1101 1388 1166 poterat
1415 1113 1533 1152 ascenso
1558 1113 1644 1168 equo,
1661 1097 1820 1169 fugientem

64 1190 136 1248 tem,
151 1187 181 1236 et
193 1179 389 1253 compluribus
404 1181 485 1235 aunis
503 1181 658 1245 obsessam,
683 1199 757 1254 pene
770 1184 805 1238 ad
826 1184 916 1240 inter·
969 1184 1014 1238 vix
1036 1184 1156 1238 retinuit
1179 1183 1329 1256 populum.
1354 1186 1453 1240 Hostes
1467 1201 1558 1257 usqne
1574 1185 1649 1257 Tyloe
1664 1185 1823 1255 venientes,

64 1271 207 1326 nitiouem
230 1268 256 1304 ⁶³
268 1269 420 1324 vastaverit
441 1269 498 1339 (on.
517 1270 626 1341 torar),
650 1274 679 1325 et
698 1272 815 1327 tandem
838 1273 916 1326 mol·
968 1273 1030 1328 vela
1059 1273 1263 1344 deposuerunt,
1292 1277 1321 1329 et
1344 1278 1463 1344 portum
1486 1275 1565 1332 nullo
1593 1274 1743 1331 resistente
1770 1275 1818 1330 in·

63 1361 100 1415 tis
115 1358 306 1414 incommodis
320 1357 472 1412 illatissihi
487 1357 647 1430 subegerit3
662 1359 916 1432 satquiadomnus
969 1358 1071 1428 gressi,
1091 1359 1204 1429 copiam
1226 1359 1319 1415 vietus
1348 1376 1485 1432 magnam
1504 1366 1682 1433 repererunt.
1704 1362 1824 1428 Quaec-

63 1447 235 1504 tdelboldns
258 1446 444 1516 trejectensis
475 1445 627 1517 episcopus
652 1446 713 1502 haec
736 1448 834 1503 omnia
849 1449 915 1519 ple·
969 1446 1067 1502 leriter
1086 1454 1245 1520 exportata,
1267 1450 1360 1504 uicum
1385 1449 1520 1507 incendio
1540 1455 1731 1507 vastaverunt.
1757 1453 1819 1508 hlo-

62 1538 137 1592 uiter
149 1537 181 1591 in
198 1550 256 1594 uuo
282 1534 429 1588 volumine
456 1534 601 1589 luculento
624 1551 757 1591 sermone
784 1553 914 1607 compre·
968 1535 1125 1591 hasterium
1146 1553 1262 1608 qnoque
1278 1542 1382 1592 sanetae
1395 1538 1558 1610 Walburgoe
1572 1537 1767 1610 irrumpentes
1780 1537 1816 1608 2³,

63 1625 204 1689 hendit‚a
227 1621 309 1677 nohis
334 1638 400 1693 pers
425 1638 490 1694 quas
510 1622 664 1694 aliquando
680 1623 785 1680 nostris
801 1626 914 1698 scriptis
969 1627 1117 1696 vestesque
1133 1631 1244 1680 sanctas
1265 1626 1422 1697 aquodam
1449 1626 1553 1682 comite
1571 1626 1723 1698 waltgero,
1751 1643 1821 1682 con·

64 1711 225 1768 necessario
247 1711 368 1766 occurrit
393 1712 594 1782 praetereunda
613 1713 672 1767 visa
698 1718 750 1781 est,
776 1730 812 1769 ne
828 1713 915 1769 histo·
970 1717 1109 1768 structore
1137 1713 1307 1784 ipsiusmet,
1338 1718 1367 1769 et
1398 1715 1588 1785 sueconjuge
1614 1715 1673 1770 Deo
1696 1713 1823 1787 dignen

10 1822 12 1833 ·
62 1803 105 1856 ria
124 1799 211 1855 tantis
238 1803 336 1854 ettam
359 1800 485 1855 venustis
516 1800 694 1855 documentis
709 1802 915 1858 editaanobis
971 1800 1112 1856 alberada
1144 1801 1252 1857 ibidem
1292 1803 1441 1858 collocatas
1469 1802 1641 1869 auferentes,
1673 1807 1701 1858 et
1731 1802 1821 1860 altere

65 1893 202 1961 tanquam
218 1887 253 1942 ab
271 1887 432 1958 insipientis
448 1888 550 1942 latratu
565 1888 771 1944 obfuscaretur.
971 1887 1091 1959 spoliato
1105 1886 1140 1959 ³³,
1156 1893 1184 1943 et
1203 1892 1344 1961 praeterea
1359 1906 1446 1960 quum
1472 1889 1606 1961 plurimis
1621 1889 1708 1946 rebus
1734 1889 1823 1944 seele-

172 1979 199 2031 6.
220 1978 258 2031 lle
272 1977 329 2031 uiso
339 1979 445 2042 comete,
459 1981 484 2030 et
496 1978 580 2044 (ome,
596 1982 622 2032 el
631 1979 806 2034 mortalitate.
969 1975 1091 2030 siasticis
1128 1976 1285 2047 exportatis
1314 1976 1464 2032 ecclesiam
1491 1977 1610 2048 quidem
1645 1977 1820 2032 incolomem
1856 2045 1857 2049 Ἰ

100 2067 168 2120 Post
193 2064 262 2119 hine
284 2063 442 2118 triennium
467 2080 553 2135 qoam
579 2081 627 2119 rex
657 2065 688 2119 in
701 2065 803 2121 solium
831 2065 915 2138 regni
970 2062 1176 2134 relinquentes,
1206 2065 1241 2119 ed
1267 2065 1385 2119 classem
1414 2080 1443 2119 se
1469 2063 1628 2136 recipiunt,
1664 2065 1818 2137 statimque

68 2153 237 2208 sublimatus
261 2156 313 2216 est,
334 2157 489 2206 commetes
515 2153 646 2208 horribili
669 2154 762 2224 speeie
784 2154 915 2209 flammas
969 2151 1110 2206 nunciise
1131 2151 1265 2224 prolecto
1279 2153 1310 2207 in
1325 2169 1425 2207 omnes
1440 2157 1535 2224 partes
1551 2151 1686 2221 dimissis,
1703 2157 1819 2224 postero

66 2243 115 2296 hae
137 2241 264 2313 illaeque
285 2240 406 2311 jactans,
436 2239 466 2295 in
495 2241 613 2296 australi
637 2248 717 2312 parte
743 2243 808 2299 eoeli
837 2242 915 2298 visus
968 2237 1015 2293 die
1041 2256 1154 2294 summe
1185 2256 1268 2295 mene
1298 2241 1423 2295 maxima
1442 2239 1596 2296 multitudo
1623 2239 1764 2295 convenit.
1785 2240 1819 2296 Et

68 2337 115 2387 est.
139 2329 280 2403 Sequenti
305 2345 380 2385 euno
404 2328 494 2385 lamas
523 2334 553 2384 et
574 2332 733 2386 mortalitas
748 2330 914 2403 gravissima
969 2327 1038 2399 quia
1059 2329 1209 2399 preelectus
1231 2328 1368 2384 exercitui
1383 2344 1505 2400 praesse
1531 2343 1590 2383 non
1617 2329 1817 2400 poterat,bat-

68 2437 116 2492 per
135 2424 231 2474 totum
254 2417 353 2473 orbem
378 2417 539 2473 factasunt
566 2429 620 2483 (aa.
653 2420 742 2491 1005),
773 2420 813 2474 ita
838 2420 913 2474 utin
968 2415 1184 2488 terico,dequo
1209 2417 1450 2489 supradiximus,
1474 2417 1603 2488 itemque
1629 2413 1819 2472 nnruochot·

68 2508 164 2563 multis
180 2507 249 2562 locis
273 2521 334 2579 pras
360 2506 547 2561 multitudiue
571 2512 751 2562 mortuorum
777 2513 806 2563 et
826 2508 912 2563 taedio
968 2504 1077 2571 comiti,
1104 2510 1223 2561 strenuo
1239 2506 1310 2572 viro,
1326 2505 1376 2578 qui
1398 2506 1428 2561 in
1452 2506 1577 2560 exercitu
1602 2505 1684 2561 tercii
1708 2505 1819 2560 Ottouis

66 2597 266 2668 sepelientium
291 2595 349 2650 vivi
370 2595 462 2650 adhuc
487 2595 619 2667 spiritum
637 2596 835 2667 trahentes,vi
857 2613 914 2669 qua
967 2592 1149 2664 imperatoris
1169 2593 1250 2648 ltalia
1268 2595 1299 2648 in
1330 2610 1360 2648 re
1386 2593 1507 2649 militari
1533 2592 1819 2666 opinatissimusha·

66 2681 408 2757 poterantreuiteutes⁸⁶
423 2700 488 2738 eum
503 2684 625 2739 mortuis
639 2686 839 2740 obruerentur.
967 2680 1100 2751 bebatur,
1115 2681 1222 2737 bellum
1234 2682 1433 2738 committitur.
1464 2682 1573 2737 Nostris
1598 2682 1666 2736 risis
1682 2686 1711 2736 et
1732 2681 1819 2736 celeri

306 2776 332 2826 7.
347 2775 384 2827 ne
398 2774 675 2843 Weeeliuoopostote.
967 2785 1068 2824 eorum
1084 2769 1208 2824 adventu
1224 2771 1319 2825 hostes
1333 2769 1489 2842 perterriti,
1509 2786 1596 2825 naves
1619 2785 1706 2842 quam
1730 2768 1815 2824 eitius

99 2862 163 2918 lstis
190 2861 278 2917 etiam
300 2860 412 2929 diebus,
442 2861 575 2916 videlieet
603 2860 728 2917 lteinriei
756 2862 833 2934 regis
862 2861 913 2932 qui
968 2859 1109 2912 solventes
1131 2857 1311 2926 recedebant,
1341 2858 1411 2914 adeo
1435 2858 1670 2929 utsimilislugee
1688 2872 1818 2913 recessus

69 2957 166 3021 postea
197 2949 396 3008 benedictione
425 2949 579 3022 apostoliea
602 2950 759 3021 imperator
796 2949 912 3005 allectus
928 2955 949 3012 c
967 2946 1122 3001 videretur.
1139 2947 1234 3001 Nostri
1256 2947 1451 3019 insequentes,
1477 2952 1506 3002 et
1533 2963 1568 3001 ex
1594 2951 1713 3018 utraque
1737 2950 1819 3017 parte

69 3045 116 3108 est,
146 3038 266 3112 quidam
294 3038 463 3108 wecelinus,
480 3038 530 3110 qui
553 3039 648 3094 luerat
669 3039 813 3094 Cuonradi
834 3039 914 3094 ducis
968 3033 1097 3089 ssuminis
1117 3034 1225 3089 levibus
1242 3034 1455 3105 preliislectis,
1482 3040 1511 3090 et
1525 3035 1670 3107 utrimque
1684 3035 1707 3072 Π
1720 3034 1819 3108 paneis

71 3129 186 3183 clericus
209 3126 344 3182 illusione
372 3125 511 3181 diabolica
527 3125 671 3192 seductus,
696 3127 788 3181 errori
810 3126 913 3181 Judeo-
968 3121 1053 3177 aut⁷⁸
1068 3123 1222 3178 vulneratis
1246 3128 1294 3178 eut
1315 3124 1423 3191 occisis,
1448 3141 1483 3180 ue
1507 3125 1663 3196 eupiditate
1682 3125 1820 3196 praedoea

10 3238 12 3251 =
72 3230 131 3268 rum
159 3213 315 3269 consensit.
336 3213 395 3267 lloc
417 3212 537 3267 audiens
556 3228 614 3278 rex,
635 3211 735 3280 nimia,
750 3216 784 3267 ut
803 3212 914 3282 justum
968 3211 1032 3282 ripa
1054 3211 1168 3281 longius
1192 3213 1286 3266 hostes
1307 3217 1492 3284 regerentur,
1520 3211 1721 3283 prohibebant
1744 3210 1820 3267 Vieis
1879 3224 1885 3236 ·

72 3301 129 3372 luit,
154 3301 375 3358 conturbatione
397 3307 560 3356 commotus
584 3304 637 3368 est,
653 3305 739 3372 atque
754 3300 831 3355 illius
852 3301 915 3372 jus·
968 3315 1036 3354 vero
1048 3301 1128 3371 juxta
1142 3300 1222 3355 littus
1235 3298 1261 3335 ²⁹
1274 3316 1345 3371 quos
1362 3300 1441 3355 adire
1461 3305 1593 3372 poterant
1607 3299 1725 3367 exustis,
1740 3315 1819 3354 noua

74 3391 147 3447 sione
161 3406 238 3446 unus
253 3389 460 3462 discipulorum
474 3405 592 3444 suorum
614 3389 732 3444 nomine
755 3389 914 3455 Heinriens,
968 3388 1040 3443 hora
1055 3390 1113 3444 diei
1137 3405 1237 3445 omues
1252 3389 1287 3444 de
1307 3389 1427 3445 navibus
1449 3388 1628 3451 desilierunt,
1649 3388 1739 3443 eciem
1754 3403 1820 3443 eon·

73 3481 227 3552 equivocus
268 3480 353 3551 regis,
386 3479 555 3551 preadictum
579 3482 737 3551 apostatam
768 3477 915 3532 veracissi·
968 3476 1151 3532 fertissimam
1166 3475 1191 3512 ⁸⁰
1223 3478 1430 3544 instruxerunt,
1466 3476 1570 3531 nestris
1600 3475 1625 3510 ⁸¹
1648 3479 1818 3548 potestatem

74 3569 120 3623 mis
147 3584 236 3624 saeroe
263 3567 419 3640 Scriptura
437 3566 621 3634 testimoniis,
643 3571 676 3622 nt
702 3566 764 3639 ejus
795 3566 916 3638 epistola
968 3565 1118 3636 pugnandi
1135 3565 1331 3634 prebuerunt.
1361 3567 1396 3621 At
1426 3565 1518 3620 nostri
1532 3566 1594 3620 loco
1623 3581 1652 3618 se
1667 3564 1819 3619 continue·

72 3656 198 3723 attirmat,
230 3655 301 3710 false
325 3655 412 3711 verba
438 3655 470 3710 iu
494 3653 638 3711 Christum
663 3654 784 3725 ejusque
804 3657 916 3707 sanctos
969 3660 1047 3719 runt,
1063 3659 1092 3708 et
1112 3654 1179 3725 quia
1204 3653 1322 3726 plurimi
1341 3669 1377 3709 ex
1404 3654 1481 3724 agris
1500 3653 1590 3709 eoacti
1617 3655 1818 3718 convenerant,

74 3745 173 3801 dixisse
194 3744 312 3815 devicit;
342 3750 371 3801 et
397 3744 466 3818 quia
488 3745 550 3800 haec
573 3745 754 3816 longiusculo
782 3759 916 3799 sermone
969 3756 1035 3794 eum
1052 3740 1095 3796 his
1118 3741 1153 3797 ed
1169 3758 1251 3796 usum
1276 3742 1344 3796 belli
1374 3742 1515 3813 imperitis
1530 3746 1558 3796 et
1572 3739 1729 3812 superioris
1749 3737 1820 3794 enni

73 3840 211 3904 protracte
233 3838 309 3904 sont,
339 3834 368 3888 iu
385 3833 441 3889 fine
461 3833 543 3889 istius
563 3833 702 3889 libelliea
733 3848 840 3905 ponere
866 3831 915 3887 de·
969 3834 1089 3901 propter
1114 3830 1295 3885 sterilitatem
1332 3829 1430 3902 inopia
1457 3829 1608 3885 familiaris
1640 3828 1681 3883 rei
1702 3827 1820 3897 vexatis,

10 3972 12 3985 ,
73 3923 209 3978 crevimus
224 3922 286 3994 (lib.
304 3938 335 3992 u,
348 3938 409 3994 cap.
430 3924 475 3988 33,
489 3924 545 3990 35).
970 3916 1102 3987 praetium
1125 3919 1305 3973 committere
1325 3933 1384 3972 non
1404 3918 1557 3973 audebant.
1574 3915 1626 3973 Ubi
1640 3914 1756 3973 barbari
1770 3931 1820 3970 ne·

10 3994 14 3999 ¹
227 4013 254 4066 8.
279 4010 446 4066 Deodueate
464 4008 701 4068 Nordmauuornm
716 4008 749 4063 Μ.
971 4005 1079 4060 minem
1096 4006 1130 4061 ad
1156 4021 1283 4079 pugnem
1303 4006 1457 4077 procedere
1477 4005 1684 4077 conspicerent,
1701 4002 1770 4058 satis
1785 4001 1821 4058 ad

102 4100 297 4168 Wiemanuns,
322 4098 421 4154 sortita
446 4099 577 4170 conjuge,
607 4102 641 4153 ut
668 4113 755 4169 supra
782 4097 915 4165 diximus,
971 4093 1194 4149 ostentationem
1219 4111 1279 4149 suae
1300 4095 1421 4150 audatia
1442 4094 1550 4149 laetum
1565 4093 1771 4160 existimantes,
1785 4091 1821 4145 ad

75 4189 195 4259 preelecti
208 4187 280 4256 filie,
295 4187 350 4243 sihi
364 4187 542 4243 inomnibus
561 4187 758 4257 obtemperare
775 4185 916 4257 [idemque
972 4197 1058 4237 neves
1082 4197 1113 4237 se
1139 4181 1292 4254 recipient,
1331 4189 1361 4238 et
1385 4183 1466 4238 nullo
1489 4182 1661 4252 prohibente
1699 4178 1820 4252 regressi

74 4277 110 4332 itli
122 4282 151 4332 et
167 4277 329 4332 'amicitiam
353 4313 378 4350 9,
398 4292 511 4332 servare
534 4276 690 4342 constituit,
710 4280 738 4330 et
753 4275 917 4347 frequenter
974 4274 1050 4325 sunt.

76 4366 139 4419 ulter
150 4364 288 4419 abaltero
304 4362 428 4418 adscitus
443 4359 468 4397 ⁶⁹
486 4361 626 4429 convivio,
652 4377 834 4416 communem
864 4362 918 4418 sihi
1097 4361 1122 4414 9.
1137 4359 1177 4413 De
1190 4357 1306 4413 seeundo
1317 4357 1437 4414 odorato
1450 4357 1696 4415 Nordmunuoram.

77 4468 181 4508 musam
208 4452 343 4507 fecerant.
378 4451 507 4523 Cumque
529 4449 591 4521 jam
615 4450 694 4506 senio
718 4450 863 4505 conlectus
891 4454 919 4504 et
1006 4448 1144 4518 Sequenti
1159 4465 1234 4503 anuo
1265 4449 1357 4520 (teor)
1383 4448 1487 4503 iterum
1512 4448 1627 4520 quidam
1655 4450 1823 4519 pyratarum

78 4541 243 4611 egritudine
257 4539 298 4594 ite
310 4539 506 4611 deprehensns
519 4543 593 4594 esset
612 4539 763 4610 preelectus
775 4538 812 4608 ⁷⁰,
828 4539 920 4594 utrix
974 4553 1040 4591 eum
1054 4536 1213 4607 nonaginta
1225 4537 1318 4608 longis
1330 4537 1450 4591 naribus
1460 4551 1512 4607 per
1521 4538 1631 4590 tlumeu
1640 4535 1751 4591 haicam
1766 4533 1822 4605 (36)

10 4640 12 4653 ²
77 4631 187 4698 pedihus
200 4629 357 4698 incederet,
373 4633 481 4700 pyrate
496 4645 529 4684 ex
547 4627 664 4684 dirersis
676 4628 809 4683 insulis⁷¹
821 4627 921 4683 oceani
975 4625 1137 4680 veniebant.
1155 4625 1261 4689 Nostri,
1281 4625 1420 4695 extimplo
1445 4628 1542 4679 coacta
1566 4639 1670 4695 magua
1691 4623 1823 4678 multitu·

78 4731 132 4773 eum
150 4733 257 4789 magua
278 4717 462 4773 multitudine
476 4717 593 4776 navium
617 4717 731 4787 emersi,
748 4732 800 4790 per
812 4716 921 4771 llumeu
975 4715 1042 4771 dine
1058 4713 1189 4786 equitum
1202 4718 1229 4769 et
1242 4714 1374 4786 peditum
1389 4720 1417 4769 et
1426 4703 1452 4748 ⁸¹
1464 4727 1622 4784 paucarum
1634 4711 1761 4780 narium,
1773 4727 1825 4782 per

779 4842 895 4897 VleAE
915 4840 1114 4898 LECTlONES.

103 4938 127 4973 ⁸¹
145 4939 305 4994 donantem
319 4954 342 4993 e.
380 4935 405 4975 ⁸⁸
420 4937 525 5008 ipieem
545 4953 569 4994 e.
607 4941 630 4976 ⁰⁴
642 4937 715 4993 deest
729 4941 759 4993 iu
780 4955 801 4993 e.
819 4938 866 4994 sert
889 4938 965 4993 adest
989 4936 1065 5007 opud
1093 4935 1292 5005 Stqebrrtome
1309 4936 1389 4991 100³.
1427 4931 1450 4972 ⁸³
1465 4933 1645 4990 internitioe.
1685 4930 1825 4987 ⁸⁸remit·

80 5009 196 5067 teutesc.
237 5010 260 5046 ⁶²
294 5008 566 5066 NORNANNORUN
593 5011 617 5064 l.
656 5005 681 5045 ⁶⁸
709 5009 864 5064 amicitiam
887 5026 910 5064 c.
950 5005 974 5043 ⁶⁹
1000 5007 1110 5062 adsitus
1140 5021 1164 5068 e,
1203 5004 1228 5041 ²⁰
1252 5007 1431 5078 perlectuse.
1469 5002 1660 5060 ’¹lociseorr.
1686 5003 1825 5058 insolise.

81 5073 313 5136 ''meriumdoa
350 5081 374 5117 ⁷⁸
399 5080 600 5151 irrupeutese.
637 5081 661 5116 ⁷⁸
690 5080 814 5152 digner.
852 5081 876 5116 ⁷⁸
906 5079 1066 5185 spoliator.
1104 5078 1128 5113 '¹⁰
1147 5080 1188 5131 ito
1210 5075 1247 5132 n.
1277 5082 1347 5132 reete
1373 5093 1407 5131 ee
1434 5092 1494 5146 cop.
1514 5078 1545 5130 to
1573 5075 1824 5142 emendavimus.

80 5148 141 5256 {qous
171 5152 285 5224 syllaba
315 5166 356 5207 uu
385 5157 475 5208 ooeot.
514 5151 537 5187 Π
565 5153 606 5206 tto
635 5153 668 5207 ll.
701 5153 816 5223 utrique
840 5166 864 5206 e.
902 5147 913 5183 ⁷
959 5166 992 5205 ac
1019 5164 1043 5204 e.
1080 5147 1105 5184 ⁷⁹
1130 5147 1199 5203 litus
1235 5150 1262 5203 2.
1293 5145 1319 5184 ⁸⁰
1342 5148 1500 5203 confertiss.
1527 5161 1551 5202 u.
1589 5143 1613 5182 ⁸¹
1642 5148 1771 5202 nostram
1800 5146 1824 5199 l.

116 5239 159 5280 ae.

899 5299 1001 5357 NOTAE

79 5397 163 5525 chlud)
187 5396 276 5455 Hodie
299 5398 334 5454 de
356 5399 504 5467 Neruede,
534 5398 626 5456 ttheni
647 5398 706 5454 sive
720 5397 834 5454 Vahalis
856 5394 922 5454 bra·
1013 5397 1059 5538 gg
1081 5396 1233 5522 thteldextra
1258 5394 1381 5451 Vahalis.

110 5486 182 5526 rum.
1147 5505 1156 5524 .

251 5574 388 5643 Parnon.
414 5575 500 5643 CXL.
