3878 6112
75 257 145 313 iota
538 253 773 313 uncnnrunuii
795 255 887 312 irunt
907 256 962 313 xx.
979 284 1013 298 -
1033 255 1137 312 nunti
1156 255 1351 313 transtila&
1750 259 1818 313 tuae

69 380 367 452 nonapparentinm:
391 380 446 435 tioc
461 378 599 434 veraciter
620 378 724 434 dicitur
736 378 822 445 credi,
838 377 954 449 quode
972 377 1101 433 insinuat
1123 393 1175 433 vox
1199 377 1304 447 divitis,
1330 379 1381 452 qui
1405 379 1548 434 Abraham
1576 379 1745 451 deprecatur
1767 380 1815 436 di-

71 483 130 524 nou
154 469 229 523 valet
252 468 351 523 videri.
378 469 447 522 Nam
470 467 547 523 credi
568 467 629 538 jam
651 484 707 521 nou
722 472 817 538 potest
839 467 915 537 quod
971 484 1037 522 cens
1052 484 1059 523 ι
1076 468 1154 522 tditte
1170 468 1316 534 Lazarum,
1342 473 1374 523 ut
1394 469 1519 539 intingat
1545 475 1702 523 extremum
1731 468 1814 541 digiti

68 556 160 612 rideri
185 560 292 627 potest.
329 557 363 611 Ut
391 563 487 612 tainen
514 561 541 610 te
571 555 696 610 breviter
722 555 857 609 reducam
880 553 916 609 ad
970 558 1188 629 suiinaquam,
1212 562 1244 611 ut
1267 556 1416 628 refrigeret
1440 558 1569 628 linguam
1601 572 1717 612 meam:
1746 558 1816 628 quia

68 645 213 700 tetuulla
246 644 369 698 visibilia
407 644 463 698 nisi
495 660 546 715 per
579 643 734 699 invisibilia
771 643 914 698 videntur.
970 647 1083 701 crucior
1097 647 1125 701 in
1143 647 1195 700 liae
1208 645 1336 700 flamma.
1354 648 1426 701 Dum
1449 662 1517 718 ergo
1542 646 1659 701 divitem
1683 652 1815 716 peccato·

68 734 137 787 Ecce
167 733 245 787 anim
277 739 380 788 cuncta
412 749 552 802 corporea
583 735 683 786 oculus
715 733 757 787 tui
788 732 915 802 corporis
971 752 1031 790 rein
1058 736 1226 790 damnatum
1254 735 1362 789 Veritas
1385 735 1413 789 iu
1438 735 1554 805 ignibus
1577 735 1719 805 perhibet,
1750 734 1816 804 (piis

64 820 177 891 aspicit,
193 836 245 874 nec
259 827 356 875 tamen
369 820 431 890 ipse
445 837 603 891 corporeus
617 820 716 874 oculus
743 820 852 891 aliquid
877 820 916 873 vi·
967 822 1027 893 jani
1058 821 1172 892 sapiens
1204 820 1395 891 reproborum
1438 822 1551 876 animas
1579 821 1671 877 teneri
1699 822 1816 893 ignibus

64 909 146 964 deret
168 924 349 980 corporeum,
374 909 429 964 nisi
454 910 531 963 hunc
562 926 605 962 res
630 909 798 980 incorporea
813 911 850 963 ad
876 907 914 962 vi·

63 996 194 1055 deuduni
203 1004 327 1052 acueret.
341 998 411 1052 Nam
422 998 490 1051 tolle
502 1007 628 1051 mentem
641 1013 776 1067 quianon
789 996 912 1064 videtur,

65 1092 97 1140 et
126 1087 268 1140 incassum
300 1092 378 1157 patet
408 1088 507 1141 oculus
536 1087 586 1159 qui
616 1087 740 1141 videbat.
774 1086 913 1140 subtrahe

66 1174 194 1229 animani
218 1175 341 1242 corpori,
372 1181 522 1230 remanent
544 1177 642 1245 procul
672 1175 759 1230 dubio
786 1175 861 1229 oculi
883 1175 914 1229 iu

66 1279 188 1334 corpore
202 1264 304 1335 aperti.
317 1264 343 1318 Si
361 1264 450 1334 igitur
470 1281 520 1334 per
539 1280 568 1318 se
584 1264 728 1331 videbant,
744 1279 795 1319 cur
821 1262 914 1317 disce-

67 1351 153 1406 dente
169 1351 265 1405 anima
281 1351 319 1404 nil
336 1350 451 1405 vident?
480 1352 550 1405 ilinc
576 1367 645 1421 ergo
673 1350 802 1421 intellige
819 1367 825 1405 :
846 1350 915 1422 quia

66 1439 130 1511 ipsa
145 1456 260 1510 quoque
276 1439 407 1504 visibilia,
425 1456 480 1494 noo
503 1440 558 1492 nisi
572 1455 624 1510 per
646 1438 800 1493 invisibilia
816 1439 913 1493 viden·

67 1533 126 1583 tur.
142 1528 287 1582 Ponamus
305 1543 421 1599 quoque
448 1534 513 1583 ante
537 1529 633 1582 oculos
660 1527 774 1594 mentis,
795 1527 914 1582 domum

971 910 1079 979 negat?
1095 910 1217 963 Petrus:
1235 909 1303 962 Eece
1326 909 1437 963 ratione
1452 914 1480 962 et
1507 909 1673 964 testimonio
1696 910 1730 965 ad
1754 925 1813 964 cre-

970 998 1120 1053 dulitatem
1135 996 1260 1051 flectitur
1274 998 1407 1052 animus:
1432 998 1481 1051 sed
1506 997 1640 1052 dimissus
1655 998 1761 1052 iterum
1780 999 1814 1053 ad

970 1087 1095 1158 rigorem
1109 1087 1192 1140 redit.
1207 1085 1357 1152 Quomodo
1380 1086 1457 1141 euim
1481 1103 1525 1140 res
1552 1087 1720 1156 incorporea
1746 1103 1763 1140 a
1785 1102 1816 1140 rs

969 1191 1106 1246 corporae
1121 1174 1213 1228 teneri
1228 1181 1314 1246 atque
1328 1175 1418 1244 affligi
1437 1175 1537 1247 possit,
1552 1176 1663 1245 ignoro.

970 1285 1032 1340 Cin.
1050 1284 1203 1340 iiixviii.
1220 1312 1254 1322 —
1267 1285 1302 1336 lle
1313 1284 1447 1352 apostolis
1467 1282 1623 1350 spiritibus,
1637 1279 1710 1349 quod
1726 1282 1816 1335 tricor·

1247 1356 1324 1424 porei
1337 1353 1464 1408 credendi
1476 1356 1540 1408 sirit.

998 1449 1057 1519 (Ee
1068 1446 1170 1512 dialog.
1187 1442 1331 1511 Gregorii.)
1346 1443 1405 1505 liic,
1422 1458 1519 1512 quaeso
1530 1447 1568 1506 te,
1580 1443 1721 1511 apostatas
1732 1436 1817 1509 spiri·

971 1543 1015 1590 tus
1032 1533 1169 1589 acoelesti
1183 1531 1273 1602 gtoiia
1296 1529 1431 1600 dejectos,
1446 1544 1599 1598 corporeos
1625 1544 1661 1582 an
1685 1527 1817 1596 incorpo-

68 1616 221 1683 aedffiffltt,
236 1615 391 1670 ifflffleflffl
419 1617 508 1671 ffl⁰¹0³
528 1617 632 1682 levate·
652 1615 776 1687 Ρθῐῑᾶθῐθ
797 1631 915 1686 mtttsssss
931 1651 951 1705 Β
972 1642 1036 1681 reos
1050 1639 1111 1678 esse
1124 1619 1296 1692 suspicaris?
1313 1620 1413 1672 Petrus
1435 1632 1442 1673 :
1458 1617 1528 1681 Quis
1543 1632 1611 1671 sane
1627 1615 1743 1686 sapiens
1756 1629 1818 1670 esse

67 1704 100 1759 in
128 1704 267 1759 machinis
295 1705 557 1774 coluuiuaszquis,
587 1720 685 1775 queso
716 1710 752 1769 te,
771 1705 915 1775 hocopus
972 1714 1089 1787 spirtius
1103 1725 1255 1778 corporeos
1268 1707 1393 1763 dixerit?

68 1795 229 1863 operatur?
244 1793 355 1862 Corpus
370 1792 481 1846 visibile
495 1792 570 1863 quod
589 1791 652 1846 illas
671 1793 760 1846 moles
783 1793 916 1846 manibus

68 1882 178 1936 trsliit:
197 1897 233 1936 an
261 1880 412 1935 invisibilis
438 1881 533 1934 aiiirua
557 1896 622 1951 quae
644 1879 766 1934 viviticat
794 1878 916 1951 corpus?

67 1969 147 2025 Tolle
166 1971 244 2023 enim
269 1970 347 2039 quod
373 1985 431 2022 non
460 1968 572 2022 videtur
595 1968 624 2022 iu
648 1984 766 2038 corpore
783 1985 790 2022 :
807 1974 836 2022 et
851 1984 916 2022 mox

66 2055 232 2114 immobilia
245 2062 396 2111 remanent
411 2063 514 2111 cuncta
536 2073 600 2127 quie
617 2057 726 2111 moveri
746 2055 918 2112 videbantur

67 2145 195 2199 visibilia
222 2161 345 2215 corpora
367 2146 560 2200 metallorum.
574 2145 635 2210 Qua
647 2144 676 2198 in
698 2161 728 2198 re
741 2145 916 2215 pensandum

68 2239 125 2299 est,
142 2233 253 2303 quiaiu
268 2233 322 2287 lioe
346 2249 461 2304 quoqne
486 2232 593 2287 mundo
619 2232 735 2299 visibili,
763 2232 832 2287 nihil
862 2232 916 2287 nisi

67 2336 123 2392 per
138 2327 297 2376 ereaturam
312 2321 484 2375 invisibilem
501 2320 614 2391 disponi
627 2323 730 2390 potest.
749 2321 819 2375 Nam
846 2321 919 2376 sicut

69 2408 256 2478 omnipotens
284 2410 358 2464 Dens
382 2409 533 2478 aspirando
555 2409 598 2463 vel
627 2407 773 2479 implendo
797 2425 831 2461 aa
853 2425 918 2479 quea

68 2497 182 2551 ratione
195 2497 361 2559 subsistunt,
380 2503 411 2551 ut
435 2496 558 2551 viviticat
568 2501 597 2550 et
619 2502 714 2551 movet
737 2497 916 2553 invisibilia:

68 2585 110 2639 ita
125 2584 187 2655 ipsa
201 2601 315 2656 quoqne
331 2584 497 2648 invisibilia,
528 2584 676 2655 implendo
702 2590 817 2639 movent
831 2594 917 2657 atque

70 2674 178 2727 sensim
214 2674 357 2727 viviticant
383 2673 509 2727 carnalia
538 2688 660 2744 corpora
687 2689 751 2744 quie
775 2673 916 2728 videntur.

71 2762 192 2816 Petrus:
212 2761 285 2827 istis,
301 2762 403 2830 fateor,
427 2761 646 2832 allegationibus
670 2761 793 2816 libenter
817 2762 916 2831 victus,

71 2866 161 2921 propa
174 2850 253 2904 nulla
262 2850 322 2920 jam
339 2866 399 2904 esse
416 2850 476 2904 tiiee
497 2849 619 2904 visibilia
641 2851 797 2920 compellor
821 2851 919 2905 existi-

972 1821 1035 1875 Cii.
1048 1819 1174 1873 exiiii.
1185 1846 1219 1856 -
1235 1813 1534 1938 Οιιοάὲεεὴᾶηηωϊίᾳηίε
1547 1824 1688 1881 corporeus
1697 1824 1752 1865 csse
1761 1823 1819 1865 cre·

1347 1900 1365 1938 n
1385 1900 1417 1938 as
1429 1901 1454 1938 aa
1470 1925 1475 1937 .

1008 1980 1061 2048 (aa
1076 1977 1184 2042 dialogo
1199 1973 1343 2040 Greoori'i'.)
1354 1973 1499 2027 Getienme
1511 1971 1608 2042 ignem
1633 1985 1694 2024 esse
1718 1984 1819 2039 corpo·

972 2082 1054 2121 raum
1076 2082 1113 2119 an
1135 2064 1335 2134 incorporeum
1360 2060 1475 2115 tataris?
1499 2061 1617 2113 Petrus:
1642 2059 1741 2129 ignem
1768 2072 1818 2128 ge-

972 2154 1075 2208 hennae
1094 2166 1263 2224 corporeum
1278 2165 1340 2204 esse
1361 2163 1417 2202 non
1432 2146 1558 2218 ambigo,
1575 2146 1606 2199 in
1621 2160 1678 2215 quo
1699 2159 1820 2214 corpora

972 2251 1081 2297 certum
1097 2248 1140 2296 est
1154 2239 1285 2295 cruciari.

972 2349 1036 2404 Cir.
1048 2348 1100 2401 XC.
1116 2375 1150 2385 -
1162 2347 1198 2399 ne
1218 2345 1265 2398 troc
1286 2341 1358 2412 quod
1378 2340 1524 2394 scribitur:
1550 2340 1635 2394 Deum
1658 2350 1735 2390 riemo
1748 2333 1819 2390 uidit

1062 2432 1191 2485 utiquam,
1205 2420 1229 2468 et
1244 2415 1363 2482 qualiter
1378 2411 1448 2465 iuuit
1461 2409 1667 2476 intelligendam
1681 2409 1728 2462 stt.

1008 2507 1163 2576 (Gregorius
1176 2507 1205 2557 iri
1218 2505 1275 2557 suis
1290 2502 1387 2556 ttornt.
1413 2500 1480 2554 dicit
1497 2498 1516 2569 ε)
1540 2499 1628 2553 Dauni
1649 2511 1734 2551 nemo
1748 2493 1821 2548 vidit

974 2612 1110 2666 uuquam.
1127 2595 1309 2663 llursumque
1323 2604 1388 2643 cum
1403 2588 1576 2644 'testamenti
1599 2585 1705 2640 Veteris
1725 2589 1821 2655 patres

972 2685 1099 2750 intueor,
1127 2682 1232 2736 multos
1257 2682 1362 2734 tiorum
1387 2683 1458 2732 teste
1485 2676 1546 2746 ipss
1574 2690 1660 2730 sacrae
1689 2671 1821 2728 lectionis

972 2771 1092 2828 historia
1106 2771 1196 2826 Deum
1212 2768 1315 2823 vidisse
1329 2782 1479 2836 cognosco.
1505 2763 1581 2818 Vidit
1593 2762 1712 2834 'quippe
1734 2761 1820 2816 iacob

973 2862 1138 2922 Dominum,
1154 2865 1183 2914 et
1197 2858 1237 2913 ait
1253 2874 1259 2912 :
1278 2857 1340 2912 Vidi
1358 2855 1512 2911 [lominum
1527 2853 1598 2907 tacie
1613 2852 1646 2905 ad
1663 2850 1777 2916 taciem,
1792 2855 1820 2904 cl

70 2955 162 3007 mm,
177 2940 317 3011 quiprlus
331 2939 360 2992 1⁰
378 2954 423 2992 ⁰¹⁰
436 2937 646 2993 infirmantium
670 2954 808 3009 Vef³⁰¹1³³
832 2929 954 2995 suffic
974 2953 1050 3006 salva
1064 2949 1138 3004 taeta
1153 2953 1196 3002 est
1214 2947 1311 3000 anima
1333 2960 1406 2999 moa.
1435 2941 1512 2996 Vidit
1538 2942 1626 2996 lloses
1653 2939 1819 3004 Dominum,

70 3027 164 3098 piens,
194 3029 230 3081 de
258 3026 448 3081 invisibilibus
474 3026 650 3082 dubitabam.
680 3028 777 3098 ltaque
806 3028 920 3099 placent

71 3122 175 3170 cuncta
190 3131 256 3185 qnoe
268 3115 339 3169 dicis
357 3130 365 3168 ε
381 3115 431 3171 sed
446 3117 543 3169 tamen
570 3114 644 3170 sicut
659 3115 744 3169 vitani
767 3116 870 3171 animae
887 3117 919 3172 iii

71 3220 191 3275 corpore
216 3203 357 3258 manentis
386 3219 420 3258 ex
449 3209 529 3258 motu
552 3204 678 3275 corporis
704 3219 851 3275 agnosco:
879 3205 920 3260 ita

71 3293 159 3347 vitam
174 3293 276 3347 anime
292 3297 355 3363 post
368 3307 482 3363 corpus,
506 3291 612 3362 apertis
634 3291 806 3362 quibusdam
834 3293 919 3348 rebus

72 3381 285 3445 attestantibus,
302 3396 458 3452 agnoscere
473 3380 569 3450 cupio.

72 3470 137 3526 cir.
155 3469 334 3526 mxxvi·
349 3469 425 3535 Quod
443 3471 616 3538 incorporeus
626 3469 753 3537 spiritur,
768 3471 798 3522 i'ri
813 3470 919 3536 trisemo

285 3574 304 3612 o
321 3573 446 3628 corporeo
456 3560 517 3625 iprae
527 3559 682 3626 ominetur.

109 3647 164 3718 (Bc
176 3645 277 3713 dietop.
294 3646 442 3716 Gregorii.)
460 3646 489 3701 Si
503 3645 623 3700 viventis
646 3644 771 3699 hominis
785 3645 918 3717 incorpo-

73 3751 140 3790 reus
154 3734 271 3804 spiritus
286 3740 400 3789 tenatur
414 3734 444 3788 in
460 3748 590 3804 corpore,
606 3747 657 3787 cur
672 3748 730 3786 uon
749 3738 815 3803 post
842 3748 919 3788 mor·

72 3827 132 3879 tem
152 3839 218 3877 cnm
239 3822 424 3894 incorporeus
447 3824 484 3876 sit
508 3822 637 3892 spiritus,
668 3821 754 3876 etiam
783 3837 921 3893 corporeo

73 3911 142 3983 igne
157 3910 310 3965 tenantur?
330 3913 429 3966 Petrus
450 3927 457 3965 :
475 3910 507 3965 lii
533 3908 641 3965 vivente
665 3910 793 3981 quolibet
815 3910 920 3966 idcirco

73 3999 261 4069 incorporeus
275 3999 392 4070 spiritus
405 4003 521 4054 tenetur
534 3997 565 4051 in
580 4013 710 4069 corpore,
734 3998 803 4069 quia
826 3998 921 4053 viviti-

73 4094 120 4144 cat
131 4103 246 4158 corpus.

973 3039 1008 3094 de
1023 3054 1082 3110 quo
1098 3037 1235 3107 scriptum
1250 3039 1294 3089 est
1307 3050 1314 3088 :
1329 3032 1510 3103 loquebatur
1526 3029 1664 3084 Dominus
1678 3027 1713 3082 ad
1724 3027 1820 3082 tdoseii

973 3127 1044 3182 facis
1059 3126 1094 3180 ad
1110 3125 1223 3190 taciem,
1239 3123 1311 3177 sicut
1327 3121 1408 3191 loqui
1428 3122 1500 3173 solet
1521 3118 1608 3172 homo
1630 3116 1665 3170 ad
1695 3115 1820 3170 amicum

973 3231 1069 3270 suum.
1087 3213 1162 3268 Vidit
1179 3213 1231 3267 tob
1256 3210 1409 3266 Dominum
1427 3207 1479 3280 qui
1501 3206 1591 3261 dicit:
1613 3204 1720 3261 Audita
1741 3201 1821 3257 auris

974 3302 1071 3360 audivi
1087 3309 1125 3369 te,
1142 3317 1220 3356 nuno
1240 3307 1337 3354 autem
1358 3298 1457 3352 oculus
1480 3312 1561 3350 meus
1584 3294 1660 3348 videt
1684 3299 1722 3346 te.
1746 3290 1821 3346 Vidit

974 3392 1070 3447 Esaias
1087 3390 1239 3447 Dominum
1256 3388 1306 3458 qui
1320 3387 1360 3441 ait
1377 3403 1384 3441 :
1401 3389 1482 3440 Anno
1497 3401 1554 3455 quo
1570 3388 1699 3436 mortuus
1715 3385 1757 3435 est
1770 3396 1821 3435 rex

975 3481 1068 3546 Ozias,
1081 3479 1140 3533 vidi
1156 3477 1309 3532 Dominum
1332 3475 1478 3529 sedentem
1499 3486 1593 3542 super.
1608 3470 1714 3525 solium
1731 3467 1822 3524 excel·

975 3584 1050 3633 suni,
1062 3573 1092 3620 et
1106 3567 1260 3620 elevatum.
1272 3563 1349 3617 Vidit
1363 3562 1484 3616 llietreas
1498 3558 1651 3615 Dominum
1667 3557 1717 3628 qni
1732 3556 1819 3613 dicit:

974 3655 1038 3711 Vidi
1061 3654 1212 3709 [lominum
1244 3650 1389 3706 sedentem
1412 3664 1498 3719 super
1521 3647 1624 3701 solium
1658 3660 1766 3699 suum:
1794 3650 1823 3699 et

975 3759 1091 3799 omnem
1117 3741 1273 3797 exercitum
1297 3739 1359 3793 eoeti
1384 3742 1524 3792 astantem
1540 3736 1597 3790 eia
1622 3733 1736 3798 dextris,
1754 3737 1822 3787 eta

976 3833 1108 3888 sinistris.
1119 3830 1192 3896 Quid
1206 3835 1248 3884 est
1255 3843 1325 3899 ergo
1334 3827 1411 3900 quod
1421 3823 1644 3880 tottestamenti
1653 3821 1760 3876 Veteris
1767 3837 1822 3892 pa·

975 3927 1034 3977 tres
1060 3921 1149 3976 ileum
1169 3936 1198 3973 se
1218 3918 1321 3974 vidisse
1340 3915 1435 3971 testati
1457 3919 1534 3982 snut,
1557 3917 1694 3966 ettamen
1718 3915 1753 3965 de
1770 3911 1822 3966 liae

976 4011 1118 4082 sapientia
1130 4024 1195 4080 quaa
1212 4008 1286 4062 tleus
1310 4010 1353 4060 est
1377 4004 1505 4060 dicitur:
1530 3998 1704 4056 Abscondita
1725 4003 1768 4054 est
1786 3997 1821 4053 ab

976 4099 1066 4155 oculis
1094 4097 1225 4151 omniurn
1254 4093 1422 4158 viventium,
1450 4092 1618 4146 ettoaunes
1640 4087 1703 4141 ait:
1731 4087 1822 4142 Deum

75 4177 140 4232 (21¹²-
163 4176 304 4231 LXXXVII·
321 4175 441 4242 -Quod
459 4179 631 4245 ‘mmmm
648 4176 766 4244 spiritua
780 4173 921 4243 vivificare
937 4208 958 4263 p
977 4203 1062 4242 nemo
1077 4186 1149 4241 vidit
1162 4199 1307 4255 unquein3
1332 4181 1386 4237 nisi
1413 4181 1467 4235 troc
1490 4180 1564 4250 quod
1587 4182 1718 4248 patenter
1739 4175 1822 4230 datur

107 4266 206 4335 possit,
222 4268 248 4317 et
263 4263 303 4318 ibt
319 4265 403 4318 teneri·
426 4265 473 4318 abi'
496 4279 515 4317 c
541 4277 666 4332 corporeo
695 4263 835 4316 eructatur
848 4264 919 4330 turis.

110 4352 166 4421 (lte
199 4350 302 4420 dialog.
335 4352 482 4420 Gregorii.)
517 4351 546 4407 Si
580 4351 766 4419 incorporeus
794 4349 921 4420 spiritus,

75 4442 169 4506 Petra,
185 4439 214 4494 in
227 4440 282 4495 hoc
300 4441 390 4494 teneri
406 4443 499 4511 potest
513 4438 590 4509 quod
607 4438 739 4504 viviticat,
760 4454 848 4509 quare
864 4453 922 4493 non

75 4527 228 4599 poenaliter
242 4533 271 4582 st
285 4528 324 4582 ibi
335 4533 466 4582 teneatur
479 4526 527 4581 nbi
540 4525 750 4581 mortificatur?
762 4525 921 4580 Teneriau·

74 4621 135 4672 tem
149 4616 311 4687 perignem
328 4617 460 4688 spiritum
476 4615 601 4670 hominis
621 4614 743 4669 dicimus
759 4630 766 4668 ε
784 4614 850 4668 utin
866 4619 922 4667 tor·

73 4710 174 4758 mento
188 4704 263 4776 iguis
278 4704 314 4758 sit
328 4704 448 4758 vivendo
458 4708 544 4773 atque
555 4701 715 4756 sentiendo.
728 4702 827 4772 Ignem
841 4716 917 4755 nani·

73 4808 131 4864 que
145 4808 178 4846 ao
194 4794 256 4862 ipso
269 4792 376 4863 patitur
389 4808 446 4863 quo
459 4790 554 4847 videt:
571 4790 679 4860 etquis
694 4790 872 4844 concremari
893 4805 923 4844 se

72 4880 185 4950 aspicit,
200 4887 353 4935 crematur.
369 4881 472 4952 Sisque
487 4879 520 4934 lit
534 4884 567 4933 ut
581 4894 626 4932 res
640 4878 809 4949 incorporea
829 4878 922 4933 incor-

71 4984 190 5038 poream
203 4975 313 5037 exurat,
327 4968 394 5023 dum
410 4984 442 5023 ex
452 4969 519 5039 igne
529 4967 633 5022 visibili
644 4968 731 5021 ardor
740 4982 772 5020 ac
781 4966 864 5021 dolor
877 4967 921 5021 in-

71 5055 193 5112 visibilis
207 5057 343 5113 trahitur:
355 5056 724 5129 ulperignemeorporoum
736 5072 818 5112 mons
827 5057 920 5112 iricor·

71 5159 170 5214 porea,
186 5145 272 5200 etiam
288 5145 458 5217 incorporea
483 5144 600 5199 flamma
615 5143 766 5199 crucietur.
787 5145 922 5210 Quamvis

71 5233 208 5304 colligere
223 5234 306 5288 dictis
315 5232 485 5304 evangelicis
496 5248 649 5304 possumus
660 5247 666 5286 :
679 5232 746 5303 quia
757 5232 921 5287 incendium

71 5320 235 5374 animarum
251 5337 310 5376 non
325 5322 419 5377 sotum
432 5320 566 5389 videndo,
583 5320 732 5375 sedetiam
748 5320 919 5391 experiendo

71 5409 190 5479 patitur.
202 5409 333 5464 Veritatis
342 5409 448 5464 etenim
460 5408 798 5476 voce,dii·esmortuusin
808 5408 920 5464 interno

71 5495 178 5552 dicitur
192 5500 331 5569 sepultus.
345 5498 433 5569 Cujus
449 5498 547 5552 anima
559 5496 627 5569 quia
643 5497 673 5552 iii
695 5496 763 5568 igue
777 5503 920 5571 teneatur,

976 4274 1108 4345 intelligi,
1123 4273 1191 4344 qnia
1203 4273 1341 4342 quamdiu
1357 4271 1402 4325 hio
1418 4267 1577 4323 mortaliter
1598 4264 1711 4333 vivitur,
1733 4261 1823 4319 videri

976 4379 1029 4435 per
1044 4361 1181 4433 quasdam
1196 4361 1337 4431 imagines
1363 4360 1437 4414 [leus
1456 4361 1562 4429 potest,
1582 4355 1630 4409 scd
1654 4368 1706 4425 per
1730 4351 1822 4424 ipsam

977 4459 1088 4506 naturas
1110 4467 1168 4505 sure
1192 4450 1316 4522 speciem
1337 4464 1395 4503 non
1419 4451 1531 4518 potest:
1557 4449 1588 4499 ut
1609 4443 1705 4498 anima
1730 4438 1824 4511 gratia

976 4539 1212 4612 spiritusattlata,
1237 4554 1288 4610 per
1311 4538 1418 4608 ligures
1441 4534 1579 4606 quasdam
1604 4534 1693 4587 licum
1717 4529 1836 4596 videat,‘

976 4629 1024 4681 sad
1051 4627 1087 4681 ad
1109 4628 1201 4698 ipsam
1228 4627 1286 4680 vim
1318 4624 1380 4696 ejus
1410 4624 1542 4677 essentie
1571 4635 1629 4675 non
1658 4616 1824 4689 pertingat?

977 4716 1049 4773 tliuc
1070 4719 1112 4770 est
1139 4714 1218 4768 enini
1247 4711 1325 4783 quod
1354 4712 1441 4766 Jacob
1469 4709 1519 4781 qui
1547 4710 1637 4763 Deum
1661 4723 1691 4759 se
1720 4704 1823 4759 vidisse

976 4808 1108 4870 testatur,
1138 4802 1185 4856 hie
1215 4817 1271 4854 nou
1302 4800 1358 4854 nisi
1383 4797 1518 4868 angelum
1558 4795 1639 4851 vidit.
1680 4793 1752 4848 llinc
1780 4794 1824 4844 est

975 4887 1053 4959 quod
1087 4887 1177 4941 lloses
1205 4885 1256 4956 qui
1289 4899 1354 4938 cum
1388 4883 1444 4938 Deo
1472 4881 1544 4936 tacis
1577 4879 1612 4934 sd
1644 4876 1745 4932 taciem
1778 4875 1821 4928 lo·

976 4975 1086 5046 quitur,
1109 4974 1183 5027 sicut
1206 4971 1285 5042 loqui
1306 4972 1378 5026 solet
1402 4972 1489 5025 homo
1515 4968 1549 5022 ad
1577 4966 1700 5022 amicum
1726 4977 1821 5028 snum,

976 5062 1053 5117 inter
1079 5061 1142 5133 ipsa
1169 5061 1253 5115 verba
1279 5076 1337 5115 sue
1374 5059 1526 5114 locutionis
1552 5056 1643 5111 dicit:
1670 5053 1700 5108 Si
1725 5049 1824 5106 inveni

975 5147 1097 5219 gratiam
1112 5147 1142 5201 iu
1155 5153 1309 5219 conspectu
1325 5154 1384 5214 tuo,
1410 5145 1527 5200 ostende
1553 5142 1624 5196 milii
1640 5138 1824 5210 temetipsum

976 5236 1136 5296 manitaste.
1161 5242 1194 5291 ut
1223 5236 1332 5290 videam
1358 5240 1396 5289 te.
1424 5236 1505 5290 Certe
1529 5229 1646 5285 enimsi
1671 5230 1746 5284 Deus
1765 5242 1824 5282 non

975 5328 1047 5389 erat,
1068 5339 1131 5391 cnm
1160 5339 1219 5394 quo
1255 5322 1450 5394 loquebatur:
1479 5318 1602 5375 Ostende
1638 5317 1709 5373 milii
1733 5317 1824 5372 Deum

975 5410 1091 5478 diceret,
1108 5415 1136 5464 et
1149 5426 1216 5475 non,
1233 5410 1355 5466 Ostende
1370 5408 1505 5479 teipsum.
1516 5407 1544 5464 si
1555 5412 1651 5462 aulem
1663 5407 1738 5460 [leus
1751 5407 1823 5467 erat,

975 5515 1039 5554 cuni
1056 5515 1114 5571 quo
1129 5499 1302 5570 loquebatur
1316 5498 1386 5552 tacis
1414 5499 1449 5552 ad
1464 5497 1575 5561 taciem,
1600 5511 1651 5550 cur
1676 5491 1827 5565 repetebat
