3878 6112
98 314 164 367 1027
633 307 836 365 abacelam
856 305 1128 364 woattactertsts
1146 303 1314 362 EPISCOPl.
1788 306 1857 359 1028

95 436 130 492 ad
143 436 276 508 glorium,
293 452 365 508 quos
381 436 439 489 lam
454 433 490 489 ed
506 449 631 505 penam.
650 433 705 489 Sed
733 450 806 505 quos
830 434 944 504 prede·
960 439 982 490 Α
1003 433 1099 489 minus
1114 430 1264 503 injudicio
1277 447 1336 486 non
1351 430 1446 485 solum
1460 430 1553 499 banis,
1571 437 1604 487 ut
1626 432 1789 505 percipiant
1802 449 1855 488 ra-

94 524 210 581 stinavit
224 526 259 580 ad
273 525 406 597 gloriam,
423 522 637 595 predestinavit
651 522 851 595 adjustitiam.
867 523 943 587 Quos
999 522 1157 596 gnumsibi
1176 528 1310 594 paratum
1334 538 1350 576 a
1373 521 1579 577 constitutione
1607 524 1716 586 mundi,
1747 539 1851 578 verum

93 622 191 672 autem
208 612 421 686 predestinavit
436 613 470 667 ad
485 626 611 681 penam,
637 627 694 665 non
732 612 945 682 predestinavit
999 613 1074 685 quod
1091 613 1174 667 malis
1194 612 1321 666 dicturus
1349 614 1415 665 est:
1437 610 1488 679 lte,
1514 611 1668 680 maledicti,
1694 612 1722 666 in
1755 612 1854 683 ignem

94 703 269 773 adculpam.
294 703 363 756 item
391 701 476 771 paula
499 699 630 753 interius.
659 700 690 753 ln
720 701 826 754 sanctis
855 700 943 770 igitur
1000 700 1347 772 eternum,quiparatus
1369 705 1412 754 est
1437 700 1562 768 diabalo,
1590 705 1618 754 et
1643 701 1755 772 angelis
1778 701 1852 772 ejus.

93 797 215 847 coronat
227 790 462 861 Deusjustitiam,
479 787 618 860 quamuis
636 788 726 859 gratis
740 788 802 859 ipse
829 789 940 855 tribuit,
1001 792 1036 844 lix
1050 790 1104 845 hoc
1118 789 1195 845 enim
1211 789 1362 860 approbat,
1379 789 1455 860 quod
1477 788 1593 861 iniquos
1615 795 1643 844 et
1673 789 1780 859 impios
1795 790 1853 843 Du·

91 881 183 952 gratis
202 881 333 946 servavit,
362 879 509 949 gratisque
537 877 666 947 perfecit.
698 877 815 948 Iniquus
844 883 941 932 autem
998 878 1094 934 mitius
1108 877 1356 949 praedestinaverit
1371 877 1408 932 ad
1423 877 1610 948 supplicium,
1624 893 1656 932 ex
1667 894 1701 932 eo
1721 877 1801 949 quod
1816 878 1852 933 il·

93 969 295 1024 condamnavit
309 984 361 1040 pro
377 967 535 1037 impietate,
552 966 730 1036 reljustitia,
746 983 833 1038 qaam
849 968 879 1021 in
901 967 942 1021 eis
997 967 1175 1023 liadicturus
1193 972 1257 1021 est:
1288 966 1328 1021 lte
1351 965 1496 1037 inignem
1524 971 1675 1021 eternum.
1693 966 1777 1022 Unde
1798 967 1850 1038 qui

91 1057 315 1128 ipsenouiecit.
335 1056 366 1109 ln
384 1056 527 1110 illisanim
552 1071 706 1125 operasua
734 1055 886 1126 gloritlcat,
911 1055 941 1109 in
996 1057 1096 1112 volunt
1119 1056 1223 1125 dicere,
1252 1055 1330 1126 quod
1354 1054 1559 1125 predestinata
1581 1055 1617 1109 sit
1640 1055 1769 1126 injustis,
1788 1071 1851 1109 non

90 1145 154 1201 istis
173 1155 270 1202 autem
283 1161 371 1215 opera
384 1161 441 1199 non
458 1160 509 1198 sua
523 1144 707 1198 condemnat.
996 1144 1096 1216 injusti
1110 1141 1306 1215 predestinati
1322 1143 1428 1198 suntad
1442 1159 1568 1214 penam,
1583 1143 1707 1198 viderint
1724 1144 1852 1216 qualiter

198 1234 263 1290 Cae.
279 1234 381 1288 XXXll.
402 1263 436 1274 -
452 1232 567 1288 itemde
582 1233 832 1302 predestinatione.
996 1233 1222 1306 hujusauctoris
1251 1232 1327 1287 dicta
1350 1231 1519 1303 intelligant.
1548 1232 1600 1287 Cui
1629 1233 1706 1288 enim
1728 1238 1852 1304 paratur

127 1323 182 1392 (tte
196 1322 277 1377 dictis
299 1319 430 1392 August.)
448 1321 591 1376 Fidelibus
611 1322 744 1393 congruit
771 1322 898 1390 credere,
913 1326 942 1376 et
995 1339 1090 1396 pena,
1108 1323 1132 1377 is
1147 1321 1286 1377 nimirum
1306 1325 1488 1391 preparatur
1506 1321 1541 1375 ad
1557 1337 1681 1391 penam.

91 1409 174 1465 fateri
187 1412 275 1465 [teum
292 1409 410 1475 bonum,
428 1416 457 1463 et
466 1410 586 1479 justum,
602 1409 941 1481 prescisseqaidempec·
1115 1410 1178 1466 Cae.
1192 1411 1286 1465 XXXV.
1302 1440 1337 1449 -
1352 1411 1418 1464 ilem
1432 1407 1465 1463 de
1474 1408 1723 1478 predestinatione.

91 1503 202 1552 calores
221 1496 734 1569 homines:quianihileumlatere
758 1497 941 1568 potuitiutu-
1032 1502 1112 1566 (Item
1126 1498 1490 1568 supermae.)vasisvero
1514 1497 1564 1551 ire
1587 1514 1739 1569 nunquam
1774 1500 1850 1554 Deus

90 1590 202 1641 r'orum.
221 1588 318 1657 [leque
333 1586 410 1640 enim
424 1586 467 1639 vel
479 1587 576 1640 tutrira
589 1591 694 1653 essent,
712 1585 736 1640 si
751 1585 781 1639 in
794 1587 854 1657 ejus
869 1603 941 1658 pre·
995 1589 1129 1643 redderet
1144 1588 1304 1653 interitum,
1320 1587 1344 1640 si
1368 1602 1427 1641 non
1450 1592 1641 1657 spontaneum
1665 1587 1850 1642 inveniretur

91 1675 184 1730 sentia
197 1675 395 1742 nonfuissent,
412 1679 584 1727 nontamen
603 1674 823 1744 predestinasse
839 1691 940 1745 quem·
957 1715 975 1769 Β
995 1677 1082 1732 homo
1096 1675 1201 1730 habere
1218 1680 1376 1747 peccatum.
1393 1674 1465 1739 Ouia
1480 1690 1532 1729 nec
1548 1676 1622 1730 Deus
1635 1677 1775 1747 peccandi
1793 1677 1847 1732 bo·

90 1760 163 1816 libet
178 1761 214 1816 ad
229 1768 387 1833 peccatum.
400 1761 482 1825 Quod
494 1762 518 1814 si
530 1762 562 1816 ad
577 1768 727 1831 peccatum
738 1763 852 1834 aliquod
865 1765 939 1818 Deus
994 1765 1064 1820 mini
1074 1767 1152 1836 juste
1166 1763 1286 1818 interret
1300 1764 1384 1830 iram,
1401 1763 1426 1818 si
1444 1763 1531 1819 homa
1552 1780 1584 1818 ex
1609 1765 1846 1836 predestinatio-

91 1848 239 1904 bominem
256 1851 484 1921 predestinaret,
502 1851 692 1920 propeccatis
711 1851 859 1906 homiuem
879 1868 937 1906 uun
993 1871 1029 1910 ne
1043 1854 1093 1910 [tui
1108 1852 1256 1908 cecidisset
1270 1851 1300 1906 in
1315 1852 1440 1923 culpam.

91 1938 218 2008 puniret.
237 1939 374 1994 Drienim
394 1939 655 2009 praedestinatione,
682 1945 732 1994 aut
756 1948 939 2011 pcccatorum
1100 1940 1165 1997 Cae.
1181 1940 1293 1996 xxxvi.
1305 1967 1340 1980 -
1359 1940 1425 1994 item
1439 1938 1473 1993 de
1484 1938 1736 2009 predestinatione.

90 2032 310 2098 preparataest
337 2029 385 2099 pia
413 2028 556 2097 remissio,
576 2034 626 2082 aut
653 2036 835 2099 peccatorum
861 2031 940 2101 justa
1029 2030 1084 2101 (tie
1098 2028 1354 2095 diatisFalpentii.)
1366 2026 1443 2082 Sicut
1458 2026 1535 2082 enim
1549 2028 1733 2099 prescientia
1752 2028 1843 2082 nemi·

113 2116 217 2171 unitio.

91 2132 110 2188 p
199 2204 263 2259 Cae.
278 2204 389 2260 lllllllll.
407 2232 440 2244 -
456 2205 522 2258 Item
537 2204 570 2259 de
583 2204 831 2274 predestinatione.

127 2293 187 2363 (Ee
200 2291 282 2347 dictis
293 2292 432 2362 Ambros.)
449 2292 566 2363 lniquos
577 2292 685 2364 itaque,
705 2310 776 2365 quos
797 2294 940 2365 prescivit

93 2380 348 2437 tleushancvitam
363 2381 393 2434 in
418 2388 532 2452 peccato
549 2383 753 2436 terminaturos
778 2383 940 2454 presdesti·

993 2135 1061 2174 nem
1071 2117 1217 2189 compellit
1230 2117 1266 2171 ad
1286 2121 1446 2187 peccatum,
1472 2131 1537 2170 cam
1561 2115 1661 2188 utique
1685 2117 1844 2187 prescierit

993 2207 1173 2277 singulorum
1192 2211 1259 2258 ante
1275 2205 1378 2258 secula
1392 2207 1511 2258 externa
1525 2209 1651 2275 peceata,
1668 2204 1709 2259 ita
1726 2220 1841 2276 quoque

993 2300 1022 2350 et
1035 2294 1249 2366 predestinatio
1264 2293 1326 2363 ejus
1340 2292 1486 2346 neminem
1500 2293 1648 2363 compellit
1662 2291 1698 2347 ad
1715 2308 1842 2363 penam.

993 2384 1070 2439 Licet
1091 2389 1120 2438 et
1143 2387 1297 2454 antequam
1322 2387 1464 2444 nascatur,
1486 2380 1590 2451 aliquis
1617 2380 1842 2451 predestinatus

90 2469 171 2524 navit
185 2469 325 2540 supplicio
340 2468 549 2523 interminabili
564 2470 735 2540 puniendos.
751 2471 783 2525 ln
794 2487 851 2542 quo
868 2472 940 2526 sicut
992 2471 1039 2543 sit,
1054 2473 1078 2527 si
1094 2486 1298 2543 permansurus
1308 2475 1350 2524 est
1363 2469 1394 2523 in
1405 2468 1558 2541 iniquitate
1573 2469 1610 2523 ad
1624 2485 1752 2539 penam.

90 2558 232 2628 culpanda
247 2573 304 2612 non
328 2562 370 2611 est
395 2557 575 2628 prescientia
601 2559 737 2614 humane
766 2560 937 2631 iniquitatis,

1092 2562 1158 2616 Car.
1173 2557 1350 2613 xxxv11.-
1363 2558 1428 2612 ltem
1443 2556 1476 2610 de
1488 2556 1743 2628 predestinatione.

90 2644 132 2701 ita
148 2645 362 2717 praedestinatio
376 2645 543 2717 justissime
559 2647 700 2702 laudanda
716 2653 758 2702 est
770 2649 898 2717 ultionis,
907 2655 939 2704 ut
1028 2649 1083 2720 (Ee
1097 2645 1178 2703 dictis
1193 2646 1332 2717 Amaras.)
1349 2645 1427 2701 Sicut
1441 2644 1519 2701 euim
1536 2660 1621 2699 nemo
1638 2650 1737 2715 potest
1750 2646 1844 2715 impu·

89 2741 304 2806 agnosceretur,
320 2751 378 2789 non
401 2736 436 2789 ab
466 2751 499 2789 eo
523 2736 761 2806 predestinatum
792 2738 937 2793 homiuem
992 2743 1052 2794 tare
1067 2738 1125 2792 ileo
1140 2735 1217 2807 quod
1232 2739 1339 2806 peccat,
1355 2734 1395 2787 ita
1410 2750 1525 2806 quoque
1545 2733 1622 2805 quod
1644 2732 1771 2804 peccatis
1785 2749 1843 2804 pu-

91 2827 125 2883 ad
142 2826 341 2899 qualecunque
356 2830 515 2898 paccatum,
532 2843 620 2899 quem
642 2829 858 2899 predestinavit
872 2847 938 2900 pec·
992 2827 1114 2882 niendus
1131 2825 1175 2879 sit.
1207 2823 1399 2879 Peccatenim
1425 2823 1544 2894 propria
1570 2823 1720 2877 voluntate
1748 2821 1841 2876 delin-

90 2915 146 2970 cati
157 2906 260 2970 merito
271 2916 462 2986 puniendum,
475 2917 550 2970 Deus
567 2915 663 2989 itaque
674 2917 771 2972 omnia
783 2917 935 2973 hominum
993 2931 1094 2988 quens,
1112 2912 1276 2986 puniendus
1295 2916 1337 2966 est
1351 2917 1448 2966 autem
1458 2910 1536 2981 justo
1546 2910 1658 2982 judicio
1672 2909 1839 2980 judicantis,

90 3019 187 3075 opera,
204 3003 261 3058 sive
276 3004 360 3072 bona,
378 3021 428 3058 seu
440 3004 516 3059 mala
532 3006 691 3075 prescivit:
708 3006 777 3078 quia
805 3023 872 3061 eum
896 3007 936 3061 la·
953 3000 973 3053 C
992 3009 1020 3060 et
1034 3004 1107 3058 sicut
1121 3002 1230 3073 peccati
1249 3016 1333 3055 causa
1353 3016 1410 3054 non
1433 3015 1467 3054 ox
1491 2999 1543 3054 Dei
1562 2999 1747 3070 prescientia
1773 2999 1839 3054 des-

89 3098 151 3148 tere
166 3093 238 3148 nihil
254 3093 359 3164 potuit,
373 3093 423 3147 sed
443 3093 503 3147 sola
529 3092 604 3147 bona
625 3095 849 3164 predestinavit,
873 3111 937 3166 qne
993 3092 1098 3160 cendit,
1114 3090 1182 3163 quia
1197 3089 1293 3144 nullus
1306 3088 1412 3144 ideirco
1435 3093 1535 3160 peccat
1550 3104 1557 3142 :
1574 3087 1641 3160 quia
1669 3088 1748 3143 Deus
1772 3103 1838 3142 cum

90 3198 120 3236 se
145 3182 176 3235 in
204 3180 271 3235 tiliis
297 3179 395 3250 gratie
421 3180 565 3234 iacturum
591 3197 652 3234 essa
685 3181 835 3252 prescivit.
865 3184 937 3237 Mala
992 3187 1176 3254 peccaturum
1192 3177 1358 3250 prescierit,
1381 3178 1430 3233 sed
1454 3177 1560 3233 idcirco
1577 3178 1646 3250 quia
1669 3178 1763 3250 magis
1778 3194 1840 3249 pra-

90 3285 157 3325 raro
173 3269 270 3324 tritura
285 3284 372 3338 opera
397 3268 523 3334 illorum,
548 3284 621 3339 quos
640 3285 699 3323 non
725 3270 938 3340 predestinavit
991 3271 1053 3342 pria
1078 3266 1315 3338 concupiscentie
1338 3265 1486 3332 obedierit,
1508 3283 1595 3339 quam
1617 3273 1762 3339 precepto
1776 3283 1841 3339 pre

90 3357 127 3412 ad
139 3373 271 3428 regnum,
288 3357 338 3410 sed
354 3357 390 3411 ad
407 3357 566 3425 interitum,
584 3356 724 3429 prescivit
738 3359 937 3429 potentissima
991 3358 1116 3415 bibentis
1133 3356 1184 3412 [tei
1198 3373 1214 3411 a
1226 3360 1341 3427 peccato
1357 3355 1396 3410 ita
1418 3371 1534 3427 quoque
1556 3356 1654 3411 nullus
1673 3354 1784 3411 idcirco
1806 3355 1840 3410 ad

90 3447 206 3512 deitate,
220 3450 249 3500 et
262 3445 406 3501 ordinarit
421 3445 539 3517 provida
553 3445 691 3501 bonitate.
991 3463 1107 3518 poenam
1123 3445 1201 3500 vadit
1215 3461 1222 3499 ε
1248 3444 1317 3516 quia
1329 3444 1383 3498 hoc
1395 3444 1425 3497 in
1440 3443 1691 3514 predestinatione
1710 3443 1760 3499 Dei
1773 3447 1840 3497 ante

203 3535 267 3589 tiae.
284 3535 390 3590 xxxiv
406 3536 517 3590 -ltem
531 3534 563 3589 de
573 3536 822 3604 predestinatione.
990 3538 1095 3591 iuerat.
1110 3536 1150 3589 Ex
1176 3550 1210 3589 eo
1233 3533 1311 3588 enim
1336 3532 1414 3604 qnod
1442 3533 1589 3604 prescitos
1603 3539 1648 3587 est
1668 3532 1698 3587 iu
1717 3532 1840 3605 peccatis

127 3624 275 3695 (dedistis
290 3622 424 3692 Aupust.)
443 3623 580 3678 liominus
593 3624 654 3695 ipse
669 3641 721 3679 suo
736 3640 869 3680 sermone
885 3642 937 3681 nos
989 3639 1206 3697 permansurus,
1223 3627 1251 3678 et
1264 3621 1327 3677 sine
1341 3620 1521 3692 penitentie
1535 3621 1641 3689 fructu,
1656 3620 1745 3675 vitam
1760 3637 1838 3693 pre-

88 3712 247 3785 perdocuit,
261 3711 291 3765 in
306 3710 427 3781 eoquod
441 3727 458 3764 a
472 3727 502 3765 se
515 3713 641 3767 ostendit
663 3717 797 3783 paratum
817 3729 874 3768 uon
888 3731 936 3769 so·
992 3718 1102 3768 sentem
1118 3711 1334 3780 terminaturus,
1355 3727 1390 3766 ex
1418 3727 1451 3766 eo
1467 3710 1622 3782 deputatus
1651 3713 1696 3764 est
1723 3710 1759 3764 ad
1782 3725 1838 3780 pae-

89 3802 148 3857 tum
163 3817 296 3873 reguum,
309 3800 358 3854 ubi
373 3801 506 3854 letentur
520 3801 599 3868 boni,
616 3801 665 3855 sed
686 3807 714 3855 et
731 3801 829 3871 ignem
853 3808 937 3857 etar-
993 3818 1069 3857 riam.
1085 3803 1117 3856 El
1132 3801 1205 3855 sicut
1223 3816 1308 3855 causa
1331 3799 1442 3871 peccati
1461 3797 1695 3871 concupiscentia
1709 3803 1762 3865 est,
1783 3813 1839 3868 qua

87 3905 170 3955 num,
187 3889 236 3944 ubi
248 3889 412 3943 crucientur
426 3889 505 3943 mali.
523 3889 609 3943 Bonis
624 3889 731 3944 etenim
746 3890 874 3945 dicturus
885 3898 936 3946 est:
993 3890 1083 3961 magis
1098 3888 1233 3944 obeditur
1250 3888 1392 3944 voluntati
1404 3888 1509 3954 carnis,
1526 3903 1611 3958 quam
1628 3891 1775 3958 precepto
1800 3885 1839 3940 di-

88 3978 199 4046 Venite,
213 3977 356 4032 benedicti
367 3977 456 4048 patris
468 3978 534 4045 mei,
551 3978 690 4048 percipite
711 3995 844 4050 regnum,
860 3981 937 4052 quod
992 3979 1213 4050 rino,itapene
1235 3977 1395 4048 deputatio,
1426 3993 1511 4031 causa
1536 3981 1579 4030 est
1606 3975 1717 4045 peccati
1737 3989 1838 4046 perpo-

88 4066 169 4122 vobis
185 4072 318 4137 paratum
334 4071 406 4120 esta
425 4064 629 4120 constitutione
651 4067 762 4121 mundi.
791 4067 871 4122 italis
889 4084 938 4121 au·
992 4069 1086 4137 tretia,
1114 4073 1142 4122 et
1168 4073 1269 4138 postea
1295 4083 1348 4138 pro
1376 4070 1493 4138 peccato
1518 4064 1598 4119 nulla
1621 4063 1711 4136 digna
1735 4063 1840 4119 satista-

89 4158 147 4210 lem
162 4154 290 4209 dicturus
305 4158 365 4208 est:
383 4155 434 4220 lte,
448 4153 605 4216 maledicti,
619 4154 759 4225 inignem
782 4161 936 4225 eternum,
991 4156 1057 4211 ctio.

87 4243 137 4316 qui
152 4248 270 4313 paratus
281 4247 324 4296 cst
338 4242 463 4309 diabolo,
480 4247 508 4296 et
521 4244 632 4314 angelis
645 4244 715 4314 ejus.
729 4244 798 4299 Ecce
814 4245 847 4300 ad
864 4261 936 4316 quos
1080 4243 1145 4300 un.
1161 4244 1298 4301 xxxvttl.
1314 4273 1348 4283 -
1366 4245 1431 4298 Item
1444 4241 1478 4296 de
1497 4241 1749 4312 predestinatione.

89 4330 371 4400 Dominusiniquos,
392 4334 420 4383 et
445 4329 551 4401 impios
578 4331 804 4401 predestinavit,
834 4332 934 4401 idest,
1027 4331 1173 4403 (dediciis
1184 4331 1325 4402 Ambros.)
1343 4331 1377 4384 Et
1400 4329 1542 4401 scriptura
1561 4329 1653 4385 dicit:
1681 4329 1840 4385 Considera

87 4418 123 4473 ad
137 4417 312 4487 supplicium
319 4418 431 4486 justum
447 4433 505 4472 non
516 4418 550 4472 ad
566 4418 682 4491 aliquod
697 4435 769 4489 opus
783 4419 933 4493 injustum.

88 4506 129 4562 Ad
146 4521 272 4576 penam,
290 4522 348 4559 non
362 4506 397 4560 ad
412 4506 538 4577 culpam,
556 4507 592 4562 ad
606 4507 799 4578 punitionem,
817 4525 876 4562 nou
899 4511 934 4566 ad

88 4594 344 4666 transgressionem
362 4612 369 4650 ε
385 4595 420 4650 ad
435 4595 583 4650 interilum
596 4611 682 4667 quem
694 4596 737 4651 ira
747 4597 819 4667 justi
832 4598 936 4668 judicis

87 4683 273 4754 peccantibus
282 4683 416 4751 reddidit,
426 4685 528 4739 nonad
541 4685 700 4753 interitum,
712 4702 770 4757 quo
780 4685 810 4740 iu
821 4703 851 4741 se
863 4686 936 4742 iram

88 4772 140 4827 Dei
150 4772 329 4844 peccantium
341 4772 477 4845 iniquitas
490 4773 663 4844 provocavit.
678 4774 759 4839 Quod
768 4775 843 4829 beati
856 4777 936 4846 Apo-

61 4880 64 4885 ·
87 4861 154 4916 stoli
164 4861 510 4932 predicatiomanitestat,
522 4863 572 4934 qui
582 4864 672 4918 malos
680 4864 788 4935 quasin
796 4869 936 4919 eternum

87 4949 277 5005 damnaturus
291 4956 334 5004 est
354 4951 437 5018 Deus,
453 4967 519 5006 vasa
529 4958 612 5006 vocat
625 4952 686 5018 ire,
700 4968 760 5007 non
771 4953 874 5024 culpe.
887 4952 937 5008 dit

89 5038 168 5092 enim
184 5055 190 5092 :
205 5038 285 5102 Osiod
301 5039 325 5092 ai
340 5039 439 5093 volens
454 5040 529 5094 Deris
541 5041 692 5094 ostendere
708 5040 782 5095 iram
800 5046 936 5095 etnotam

88 5125 181 5180 iacere
193 5128 354 5196 potentiam
374 5143 467 5196 suam,
484 5127 622 5183 sustinuit
636 5128 667 5183 in
692 5130 782 5183 multa
797 5129 937 5201 patientia

87 5228 155 5267 rasa
166 5214 228 5281 ire,
249 5221 345 5284 aptata
368 5215 569 5284 ininteritum,
595 5223 625 5271 ut
640 5218 805 5272 ostenderet
819 5218 934 5273 divitias

88 5301 189 5373 glorie
203 5302 303 5356 suein
318 5319 384 5357 vasa
397 5302 611 5372 misericordie,
628 5321 693 5376 que
707 5305 818 5375 paravit
830 5305 859 5359 in
872 5307 934 5377 glo-

87 5389 171 5445 riam.
187 5389 218 5443 ln
234 5389 286 5443 hac
297 5397 425 5445 extrema
437 5393 582 5447 sententia
605 5393 776 5460 notandum,
801 5395 880 5465 quad
900 5394 934 5449 de

87 5478 236 5551 evangelio
260 5494 378 5534 sumens
401 5481 609 5549 testimonium,
638 5482 687 5551 ait,
717 5482 934 5553 predestinatos

88 5568 179 5624 malos
192 5567 334 5640 inignem
348 5571 497 5636 eternum,
525 5586 559 5625 eo
575 5571 653 5643 quod
671 5571 799 5627 maturus
820 5576 863 5627 est
878 5571 933 5626 tto·

992 4436 1080 4492 opera
1095 4420 1227 4475 Domini:
1254 4420 1324 4492 quia
1346 4435 1440 4474 memo
1463 4424 1559 4490 potest
1580 4418 1727 4490 corrigere
1752 4434 1840 4490 quem

991 4509 1040 4564 ille
1053 4508 1224 4580 despexerit.

1098 4599 1161 4652 Car.
1178 4597 1287 4652 itlllili.
1305 4626 1341 4639 —
1355 4597 1420 4651 item
1433 4596 1466 4651 de
1477 4596 1731 4666 predestinatione.

1027 4685 1079 4754 (Ea
1104 4687 1187 4740 dictis
1213 4689 1345 4755 August.)
1375 4685 1464 4740 Nemo
1492 4685 1542 4758 qui
1575 4685 1648 4740 bene
1687 4686 1783 4742 credit
1811 4687 1840 4740 ia

992 4774 1092 4843 baum,
1108 4775 1219 4830 dubitat
1239 4773 1419 4846 prescientia
1439 4773 1515 4828 illius
1540 4774 1654 4842 celum,
1671 4779 1840 4846 terramque

990 4863 1141 4929 contineri,
1157 4863 1356 4935 mundumque
1377 4862 1565 4933 providentie
1590 4862 1688 4917 diviua
1720 4866 1793 4934 regi.
1803 4864 1841 4918 ttt

989 4951 1063 5006 sicut
1076 4952 1149 5006 nihil
1164 4952 1234 5007 latet
1248 4952 1418 5023 sapientiam
1435 4951 1505 5024 eJus,
1522 4952 1561 5006 ila
1585 4951 1736 5023 dispositio
1762 4952 1840 5007 illius

989 5040 1122 5095 universa
1137 5041 1340 5096 moderaturat
1350 5040 1435 5112 regit.
1452 5040 1497 5095 Sic
1511 5039 1588 5096 enim
1605 5042 1683 5095 nulla
1703 5045 1748 5095 est
1761 5056 1840 5095 crea-

989 5133 1054 5184 tura
1067 5131 1188 5197 occulta,
1204 5129 1235 5184 in
1250 5135 1403 5200 conspectu
1420 5129 1508 5183 illius.

1132 5219 1194 5273 Cae.
1212 5219 1264 5273 xt.
1278 5249 1313 5258 -
1328 5221 1367 5274 De
1381 5220 1513 5274 creatione
1528 5217 1694 5285 anpelorum.

1025 5305 1132 5378 (tuen.)
1156 5307 1188 5362 ln
1216 5307 1359 5380 principio
1387 5305 1494 5361 crearit
1509 5306 1583 5360 Dens
1614 5307 1718 5360 celum
1742 5309 1840 5361 ettsr·

990 5411 1061 5460 ram,
1091 5400 1120 5450 et
1149 5412 1252 5466 aquam
1276 5412 1311 5450 ex
1338 5395 1439 5458 nihilo,
1464 5397 1493 5448 et
1519 5409 1584 5448 cum
1611 5409 1717 5463 aquam
1744 5393 1839 5464 ipsam

990 5484 1083 5539 adhuc
1097 5484 1225 5538 tenebre
1241 5486 1426 5549 occultarent,
1447 5486 1594 5553 alequam
1617 5486 1694 5535 tarra
1722 5480 1840 5536 abscon·

990 5572 1082 5642 deret,
1099 5571 1165 5628 lacti
1176 5577 1244 5628 suut
1257 5571 1365 5644 augeli,
1382 5575 1411 5627 et
1427 5586 1529 5625 omnes
1556 5569 1685 5625 celestes
1702 5568 1836 5625 virtutes.
