3878 6112
89 270 140 325 547
629 263 835 322 auucuaulu
854 263 1128 322 woultaculusls.
1140 261 1310 321 nuscum.
1794 262 1842 317 548

123 390 251 463 seipsam
269 387 449 457 confiteatur,
470 392 520 443 aut
542 387 679 443 canonice
697 404 751 459 per
772 388 975 444 innocamtasX
995 387 1133 444 CLXXXV.
1153 384 1348 458 [inepiscopis
1369 383 1431 457 qni,
1456 400 1487 440 sa
1501 383 1678 453 viventibus,
1703 399 1843 442 successo·

125 484 211 535 testes
223 477 418 533 concionatur.
1030 493 1075 532 res
1087 477 1196 548 eligere
1207 475 1380 531 desiderant.

88 568 205 624 CLVIII.
223 566 323 632 Qualis
336 566 444 637 prImas
460 581 530 626 asse,
545 565 589 620 rel
602 564 672 637 quid
689 580 774 635 ogere
789 565 901 621 debeat.
995 565 1148 621 CLXXXVI.
1175 566 1209 621 Ilt
1222 566 1357 635 episcopo
1384 562 1496 617 vivente
1521 561 1620 619 mullus
1643 563 1840 635 superordine-

88 657 174 713 CLIX.
196 656 231 710 Ut
254 654 381 726 episcopi
406 655 586 725 singularum
611 653 742 724 gentium
762 654 854 709 sciant
875 652 940 726 quis
1031 658 1087 708 tur.

123 744 199 800 inter
213 759 263 798 eos
277 743 315 797 sit
328 742 451 813 prImus.
995 740 1160 797 CLXXXVII.
1184 739 1267 806 Quod
1294 755 1353 795 non
1383 739 1468 795 licent
1490 738 1625 812 episcopo
1655 754 1837 796 successorem

90 833 164 890 CLX.
181 834 216 888 Ut
230 832 382 903 episcopus
402 835 549 885 accusatus
567 846 626 884 non
651 830 856 885 communione
880 828 937 902 pri·
1030 831 1146 902 eligere.

125 925 216 987 vetur,
230 919 287 974 nisi
302 920 348 973 die
363 922 469 974 statuta
483 918 580 973 venire
598 919 733 973 uoluerit.
995 919 1175 976 CLXXXVIII.
1200 917 1281 984 Quod
1300 933 1445 989 nusquam
1468 933 1595 973 canones
1618 917 1799 990 precipiunt,
1813 925 1836 974 ol

89 1010 175 1066 CLXI.
193 1011 232 1063 lle
252 1008 373 1063 llarimo
397 1006 542 1078 episcopo,
568 1007 654 1061 uariis
669 1006 839 1062 crIminibus
863 1006 939 1062 iula-
1029 1025 1082 1080 pro
1096 1007 1268 1079 aegritudine
1288 1006 1425 1079 episcopi,
1448 1006 1522 1060 alius
1536 1008 1681 1073 succedet,
1696 1011 1725 1060 et
1742 1007 1764 1061 si
1785 1007 1834 1078 ipse

126 1103 216 1161 mato,
237 1102 264 1150 et
285 1095 320 1151 ad
336 1096 478 1167 synodum
506 1095 613 1166 saepius
638 1101 746 1162 vocato,
771 1095 821 1167 qui
844 1095 941 1150 venire
1029 1112 1082 1168 pro
1097 1112 1149 1150 sua
1164 1095 1296 1151 molestia
1311 1095 1436 1167 petierit,
1452 1095 1578 1166 qualiter
1592 1094 1657 1149 Ileri
1672 1095 1773 1165 possit.

125 1192 154 1241 et
168 1201 198 1241 se
213 1200 347 1240 excusare
361 1185 538 1255 neglexerat.
995 1186 1146 1242 CLXXXIX.
1175 1185 1215 1240 lle
1240 1183 1412 1240 XrIminensi
1448 1183 1595 1255 episcopo,
1621 1183 1723 1238 dolore
1748 1184 1833 1254 capitis

90 1274 191 1331 CLXII.
214 1274 252 1329 Da
268 1273 403 1343 episcopo
417 1266 565 1343 inculpato
581 1271 631 1344 qui
647 1272 682 1327 od
698 1272 839 1344 synodum
856 1287 939 1328 roca·
1031 1274 1190 1340 laborante,
1207 1277 1235 1328 ct
1253 1272 1284 1328 ln
1300 1274 1362 1344 ejus
1375 1273 1439 1328 loco
1454 1272 1544 1327 altero
1554 1272 1725 1343 subrogato.

123 1370 170 1418 tus
181 1362 279 1417 venire
296 1367 518 1431 θοῦῐθῐῐψδθΐθῑ·
996 1381 1068 1436 CXC.
1086 1381 1125 1434 lle
1138 1379 1274 1450 episcopo
1290 1379 1340 1450 qui
1361 1395 1414 1450 per
1428 1377 1627 1434 infirmitatem
1651 1377 1682 1432 im
1696 1377 1829 1434 hebetudi-

88 1450 205 1505 CLXlll.
221 1448 275 1513 Qui
291 1450 427 1519 primates
441 1448 509 1512 siut,
526 1447 576 1518 qni
592 1449 815 1519 metropolitani.
1031 1486 1097 1523 „em
1114 1469 1218 1523 menti,
1233 1468 1379 1523 inciderit,

90 1539 188 1593 CIXIV.
213 1536 292 1601 Quod
321 1537 452 1607 neganda
478 1537 515 1589 sit
539 1536 677 1590 accusatis
704 1537 819 1591 licentia
843 1536 940 1592 crimi·
996 1558 1082 1614 cm,
1100 1558 1139 1611 00
1152 1556 1288 1627 episcopo
1307 1556 1358 1627 qui
1373 1559 1491 1627 propt„
1506 1554 1640 1610 popofflm
1655 1554 1759 1625 capiti,
1773 1572 1827 1626 ηρ,

124 1624 223 1690 naudi,
240 1625 409 1696 priusquam
424 1639 453 1677 sc
469 1624 589 1678 crimIme
614 1625 754 1690 currerint,
771 1633 800 1680 et
813 1626 940 1680 familia·
1032 1647 1062 1701 in
1078 1647 1233 1701 amentium
1246 1646 1409 1701 devenerat,

127 1713 206 1768 ribus
221 1716 308 1783 alque
323 1716 426 1781 sponte
449 1709 594 1776 confessis,
620 1716 649 1765 et
663 1711 708 1764 hia
734 1711 783 1783 qui
808 1711 940 1766 hesterno
997 1736 1094 1791 Cpfflp·
1119 1735 1157 1790 pe
1176 1733 1315 1788 restituti,
1337 1733 1478 1804 ‘piswpis
1500 1749 1553 1804 W
1572 1734 1738 1788 Romanum
1753 1732 1824 1803 popu.
1863 1716 1867 1775 l

124 1807 174 1855 aut
190 1799 334 1872 perendie,
351 1805 400 1854 aut
410 1804 475 1853 ante
490 1798 608 1853 Iuerunl
619 1798 739 1854 inImici.
1029 1824 1122 1877 ficem,

90 1889 186 1945 CLXV.
217 1889 256 1942 lle
281 1887 529 1941 crimInatiomibus
560 1888 696 1942 adversus
727 1886 858 1942 doctores
881 1903 940 1942 non
993 1911 1104 1968 (ΜΗ.
1134 1912 1170 1967 Ut
1192 1910 1354 1965 sacerdote,
1378 1908 1502 1976 Domini,
1525 1909 1600 1964 sicut
1621 1909 1728 1979 ,ulgus
1751 1908 1818 1965 pacm
1862 1818 1867 1999 ἶ

124 1974 324 2048 ⁸⁰³⁰iPi⁰⁰d⁸2
340 1981 368 2029 ⁰²
378 1974 413 2029 ‘¹⁰
426 1974 587 2046 Pemgfinss
599 1974 724 2046 Indidi*
1030 2000 1112 2066 solet,
1125 1999 1223 2071 jurare
1240 2014 1297 2052 non
1313 2001 1499 2069 praesumant,
1514 1997 1558 2052 rel
1578 1998 1790 2067 compellantur.

90 2065 198 2121 CLXVI.
229 2064 264 2118 Ilt
289 2063 425 2117 adversus
453 2062 598 2118 doctorem
632 2061 826 2117 accusationes
854 2078 939 2118 nemo
995 2088 1106 2144 cmv·
1137 2089 1176 2143 ΒΘ
1201 2086 1335 2158 ,pimpo
1362 2085 1610 2140 sinistfommooe
1640 2101 1766 2157 asperso,
1786 2101 1820 2157 W

125 2151 272 2224 mmmm·
451 2238 457 2250 ‚
1029 2180 1239 2230 sacramentnm
1255 2179 1353 2230 antem
1369 2180 1399 2229 et
1412 2178 1535 2245 purgato
1551 2179 1581 2229 et
1596 2173 1740 2228 absoluto.

67 2242 212 2303 ,CLXVII
241 2238 276 2293 ut
300 2254 386 2295 memo
412 2255 579 2312 episcopum
608 2239 686 2311 apud
714 2239 863 2294 saeculares
891 2255 938 2294 ac·

125 2333 214 2384 cusat.

89 2418 227 2474 CLXVIII.
255 2418 295 2473 De
321 2415 463 2487 episcopis
491 2416 520 2470 in
544 2415 686 2487 judicium
716 2416 852 2471 seculare
881 2432 940 2471 non

125 2506 269 2561 vocandis.

88 2593 197 2649 CLXIX.
215 2594 251 2648 Ut
266 2608 325 2647 mon
338 2596 487 2647 accusetur
501 2591 654 2663 episcopus
668 2608 685 2646 a
699 2592 869 2647 criminosis.

90 2681 184 2738 CLXX.
224 2681 307 2747 Quod
341 2681 439 2736 nullus
476 2681 626 2752 episcopos
652 2684 732 2736 extra
759 2696 840 2736 suam
873 2697 940 2752 pro·

994 2282 1090 2338 CXCV.
1131 2281 1276 2336 Correctio
1311 2278 1438 2352 episcopi
1478 2278 1528 2351 qui
1565 2278 1758 2334 concubium
1786 2279 1822 2333 la·

995 2371 1104 2515 CXICUXI.
1129 2458 1168 2513 lte
1191 2458 1326 2530 episcopo
1352 2473 1404 2528 per
1428 2460 1642 2512 sacramentum
1669 2460 1786 2528 purgato
1807 2460 1828 2509 et

996 2546 1265 2699 CX‘gJXiilfflgualiter
1289 2647 1374 2688 senex
1398 2631 1549 2705 episeopus
1572 2631 1771 2704 corripiendus
1793 2630 1829 2695 sit,
1865 2622 1867 2677 l

1031 2727 1061 2778 et
1102 2722 1247 2795 quomodo
1275 2721 1345 2777 mali
1378 2722 1443 2793 ejus
1472 2720 1619 2776 consillum
1650 2719 1831 2776 excommuni·
1865 2708 1867 2781 1

996 2812 1131 2956 CXcCaVsslIL
1148 2901 1188 2954 lla
1202 2898 1375 2970 purgatione
1387 2898 1487 2954 Leonis
1500 2913 1593 2969 papae.

994 2988 1103 3044 CXCIX.
1128 2986 1158 3044 Si
1183 2988 1247 3059 quis
1272 3003 1305 3042 ex
1335 2986 1525 3042 ecclesiastico
1554 2985 1657 3041 ordina
1695 2986 1830 3041 damnatus
1865 2984 1867 3057 l

1028 3076 1115 3132 fuerit
1127 3093 1144 3131 a
1157 3076 1276 3148 synodo,
1300 3079 1329 3130 et
1344 3091 1430 3130 ausas
1453 3074 1540 3131 luerit
1556 3075 1590 3131 de
1607 3090 1688 3131 sacro
1714 3075 1826 3129 minists

1028 3165 1071 3219 rio
1086 3163 1196 3235 ailquid
1211 3163 1388 3235 contingere.

993 3271 1044 3326 CC.
1070 3269 1099 3326 Si
1122 3269 1228 3341 aliquis
1250 3285 1285 3325 ex
1308 3268 1497 3325 ecclesiastico
1520 3268 1623 3325 ordine
1644 3267 1825 3325 excommunl·

1028 3358 1824 3430 catusiuerit,ctcommonicarepraesumpserit,seipsum
1862 3334 1867 3461 ⁴

993 3447 1267 3591 CCYnlilsmdidImatis
1287 3533 1312 3590 si
1327 3533 1432 3606 aliquis
1454 3533 1571 3591 illorum
1586 3550 1739 3607 percussor
1756 3532 1823 3589 exsti·
1863 3464 1867 3657 l

1072 3639 1104 3677 1.

993 3628 1071 3768 CCtlelr
1082 3626 1126 3766 tllo
1140 3710 1283 3783 episcopis
1296 3727 1347 3766 sua
1361 3726 1449 3765 menn
1464 3710 1650 3767 cedentibus.
1863 3664 1867 3711 1

993 3802 1080 3857 CCIII.
1097 3801 1137 3854 lle
1161 3800 1210 3854 illo
1224 3801 1275 3871 qui
1298 3800 1426 3872 seipsum
1439 3804 1468 3856 st
1489 3798 1545 3856 sibi
1564 3799 1732 3856 commissos
1753 3797 1822 3855 corr'r

1028 3905 1096 3961 gere
1111 3888 1281 3961 neglexerit.

994 3978 1080 4035 CCIV.
1097 3978 1135 4033 De
1151 3977 1251 4032 eadem
1267 3992 1308 4032 rc.

123 2771 247 2825 vinciam
262 2769 453 2841 adjudicium
470 2768 616 2823 invitetur.

88 2859 198 2916 CLXXI.
233 2860 273 2914 Da
306 2858 530 2923 accusatoribus,
569 2862 598 2913 et
633 2857 754 2914 testibus
791 2857 941 2929 episcopo·

123 2964 200 3001 rum.
954 2950 975 3006 C

88 3035 211 3091 CLXXII.
229 3035 268 3090 lle
284 3035 383 3090 eadem
399 3050 440 3089 re.
510 3039 513 3044 ⁴

88 3124 222 3180 ClXthl.
240 3123 309 3188 Ouae
322 3123 381 3178 alut
393 3121 516 3177 infames
530 3138 671 3194 personae.

89 3212 231 3267 CLXXIV:
248 3211 285 3266 De
309 3211 443 3282 episcopo
467 3216 610 3279 accusato,
626 3216 654 3265 et
669 3212 704 3266 ab
726 3212 939 3267 accusatoribus

125 3299 306 3370 repriendis,
320 3304 348 3353 et
362 3300 521 3354 vocatione.

89 3388 206 3446 CLXXV.
233 3389 273 3442 lle
296 3389 483 3443 damnatione
505 3388 718 3460 episcoporum,
742 3389 939 3444 accusantium

126 3477 292 3546 episcopum
312 3476 421 3548 absque
436 3476 606 3532 auctoritate
621 3477 785 3547 apostolicae
800 3476 884 3532 sedis.

91 3565 222 3622 CLXXVI.
254 3566 290 3620 Ut
316 3570 465 3619 accusatos
495 3565 540 3620 vel
565 3564 711 3636 judicatus
736 3566 771 3620 ub
799 3565 939 3638 episcopis

125 3653 422 3725 comprovincialibus,
447 3653 568 3709 licenter
583 3655 719 3726 appellet,
734 3659 763 3710 et
784 3655 868 3711 edent
882 3655 938 3712 Ilo·

124 3757 242 3797 menum
258 3741 434 3813 pontibcem.

89 3830 233 3886 CLXXVII.
256 3832 290 3886 llt
307 3847 360 3902 per
377 3830 482 3903 scripta
506 3831 615 3887 nullius
638 3830 779 3887 accusatio
802 3831 938 3904 suscipia-

125 3927 172 3973 tur
186 3934 220 3973 eo
237 3919 353 3972 obseute
368 3922 418 3990 qui
433 3923 591 3973 accusetur.

89 4006 246 4062 CLXXVIII.
274 4006 309 4060 Ut
330 4005 609 4061 dilliciIIorescnusae
626 4006 660 4060 nd
677 4006 788 4076 apicem
803 4007 939 4061 Romanu.

124 4096 198 4151 sadis
214 4095 387 4162 referantur,
403 4100 435 4150 ut
448 4096 607 4166 apostolico
618 4094 937 4168 terminanturjudicio,
993 4085 1068 4141 CCV·
1084 4084 1341 4155 D⁰¹1¹l³¹⁰lla⁸2⁰l⁴³
1356 4099 1444 4155 (luem
1457 4100 1516 4139 ⁵¹¹⁸*
1529 4099 1596 4139 0'02
1610 4083 1736 4157 filssiflflt·

124 4185 206 4255 cujus
234 4184 309 4239 sedis
342 4183 512 4240 auctoritato
538 4200 639 4240 ommes
670 4185 803 4240 Ecclesiae
831 4201 936 4257 regun-
953 4235 975 4290 D
995 4173 1080 4229 CCVI·
1098 4172 1138 4228 ⁰⁰
1152 4172 1202 4226 1¹¹⁰
1215 4172 1265 4244 ‘Iul
1281 4170 1460 4227 ¹¹⁰bi¹il³fem
1473 4171 1524 4226 Dei
1540 4187 1557 4226 ⁸
1576 4187 1605 4226 ⁸⁰
1622 4172 1711 4243 ‘’diffl-

123 4275 180 4326 tur,
995 4261 1095 4318 CCVII.
1121 4260 1203 4326 Quod
1226 4276 1286 4315 nom
1309 4264 1377 4316 sunt
1400 4275 1500 4316 omnes
1521 4259 1574 4315 lilii
1597 4266 1773 4329 sauctorum,
1791 4256 1831 4331 qui

89 4361 220 4416 CLXXIX.
250 4359 332 4424 Quod
366 4375 467 4415 omues
498 4360 626 4432 episcopi
655 4362 767 4433 possint
792 4362 939 4434 appellare
1029 4353 1128 4404 ῑθῃθΰῑ
1142 4349 1203 4404 ¹⁰0⁸
1217 4353 1393 4404 ³³n0t⁰t⁰m·

125 4449 285 4503 Romanam
300 4447 395 4504 sedem
411 4447 441 4503 ln
461 4449 677 4505 necessitatibus
693 4449 788 4522 positi.
994 4437 1105 4494 CCVIII.
1119 4436 1200 4503 Quod
1214 4437 1311 4492 nullus
1333 4452 1367 4492 ex
1383 4451 1499 4509 genera,
1515 4452 1568 4492 nec
1589 4452 1622 4491 ex
1644 4438 1709 4494 loco
1729 4431 1833 4508 gloriari

89 4538 206 4593 CLXXX.
240 4537 279 4590 lle
313 4537 438 4592 induciis
472 4537 691 4593 criminatorum
726 4539 937 4611 episcoporum,
1029 4526 1142 4581 debeat·
1544 4587 1548 4599 ,

126 4627 225 4698 quietes
240 4642 301 4680 esse
314 4625 428 4681 debent.
994 4613 1079 4669 CCIX.
1097 4613 1136 4668 Da
1149 4611 1343 4667 sacerdotibus
1358 4611 1409 4685 qui
1422 4611 1522 4668 oribus
1536 4611 1597 4668 suis
1616 4614 1694 4669 mola
1714 4611 1833 4685 exempla

88 4713 218 4768 CLXXXI.
237 4714 276 4768 De
289 4713 425 4784 episcopo
445 4713 637 4783 CenturiensI,
661 4715 712 4787 qui
727 4729 842 4770 causam
857 4730 938 4770 suam
1030 4701 1167 4773 Pfaebffl‘·

122 4801 153 4855 iu
168 4802 275 4873 synodo
289 4818 375 4874 agere
390 4808 535 4857 renuerat.
994 4807 1067 4863 CCX.
1092 4807 1128 4862 Ut
1150 4810 1262 4862 matam
1283 4821 1382 4865 curam
1401 4821 1498 4862 rernm
1513 4806 1769 4864 ecclesiasticarum
1781 4805 1833 4879 epi·

87 4889 232 4946 CLXXXII.
249 4890 393 4969 IudicIum
408 4891 535 4962 episcopi
550 4891 601 4963 qui
616 4908 669 4963 pro
695 4891 816 4946 crimine
832 4891 939 4963 ejectus
1031 4910 1133 4965 scopus
1148 4894 1261 4950 babeat.

123 4979 158 5033 ab
184 4978 290 5047 ollicio,
321 4985 420 5050 postea
453 4979 649 5051 episcopatum
683 4996 764 5036 more
796 4979 940 5052 predonis
994 4983 1081 5039 CCXI.
1107 4983 1146 5037 Ile
1172 4999 1225 5039 usu
1251 4982 1341 5055 paIIII,
1357 4998 1394 5039 ue
1414 4998 1432 5038 a
1455 4983 1689 5055 metropolitanis
1711 4996 1835 5056 preasum-

123 5066 238 5122 Imvnsit.
1029 5071 1108 5141 ptius
1124 5075 1231 5126 utatur.

89 5155 242 5210 CLXXXIII.
264 5156 321 5210 Cur
344 5155 435 5211 sancti
451 5155 746 5229 apostolicorumque
762 5172 940 5213 successores
996 5156 1092 5211 CCXII.
1115 5156 1195 5220 Quod
1220 5156 1371 5229 episcopus
1393 5172 1439 5211 res
1453 5172 1513 5212 suec
1533 5156 1680 5227 Ecclesiae,
1703 5158 1760 5214 misi
1778 5170 1833 5212 cum

123 5241 268 5297 voluerint
300 5243 447 5299 difficilem
478 5258 539 5300 esse
567 5243 778 5300 decusationem
809 5245 940 5301 secerdo-
1029 5260 1081 5299 suo
1095 5245 1176 5315 prius
1191 5249 1359 5313 commutet,
1378 5249 1584 5302 testamentare
1600 5262 1661 5302 mom
1674 5246 1776 5319 possit

124 5334 196 5384 tum.
995 5332 1107 5390 CCXIII.
1126 5333 1165 5388 lle
1190 5333 1326 5405 episcopo
1341 5333 1391 5406 qni
1414 5349 1461 5390 ros
1488 5350 1547 5391 sure
1567 5334 1703 5392 Ecclesiae
1724 5332 1838 5409 parent·

87 5417 242 5474 CLXXXIV.
273 5418 304 5474 Si
330 5419 483 5491 episcopus
509 5421 644 5493 expulsus
673 5437 760 5478 ausus
784 5422 871 5478 luerit
894 5421 939 5477 iu·
1033 5421 1085 5476 bus
1099 5419 1159 5475 suis
1178 5420 1331 5477 iudiscreto
1346 5420 1458 5479 tribuit.

123 5505 204 5578 gredi
220 5505 379 5565 civitotem.
997 5510 1106 5565 CCXIV.
1124 5509 1163 5565 lle
1177 5510 1277 5566 eadem
1291 5526 1333 5568 re.
