3894 6120
452 189 692 252 DECRETORUH
712 193 810 252 LIBRI
827 197 882 254 XX.
904 220 939 234 -
959 192 1065 254 LIBER
1085 197 1222 255 paruus.
1663 199 1716 260 eut

70 317 81 371 ι
94 317 137 381 ot,
150 311 174 368 si
187 313 255 385 quis
268 313 300 369 iu
319 313 463 386 regimine
477 318 609 389 aegrotat,
626 313 845 388 dispensatori
862 320 1021 388 antequam
1037 334 1135 376 aarum
1149 319 1240 393 possit
1262 319 1371 375 utilitas
1394 320 1535 392 deperire,
1564 325 1632 397 quid
1650 326 1714 383 fleri

70 419 86 458 s
110 401 285 474 requiratur,
312 404 364 474 qui
381 404 471 475 possit
492 407 554 476 ejus
577 418 676 459 curam
690 421 807 463 omnem
862 406 968 463 debeat
983 406 1043 463 lieo
1065 414 1182 465 auctore
1209 408 1371 478 disponere.
1401 411 1534 467 Pervenit
1564 414 1654 483 igitur
1677 415 1711 469 ad

70 496 94 549 at
105 492 201 570 locum
212 491 291 546 illius
305 492 338 547 in
352 493 495 564 regimine
511 492 653 560 Ecclesia,
671 494 735 565 ipso
749 513 808 552 non
861 511 927 563 nos,
947 493 1121 565 quibusdam
1145 497 1345 560 referentibus,
1371 499 1524 570 quemdam
1549 502 1713 572 episcopum
1735 525 1741 536 ·

70 597 92 649 o,
119 596 299 646 conservare,
327 585 362 636 ut
401 597 495 654 neque
525 584 599 638 Deus
623 583 809 655 omnipotens
862 584 902 639 ita
931 582 1096 652 passionem
1122 585 1223 656 capitis
1250 585 1416 654 incurrisse,
1440 592 1481 655 ut,
1511 590 1588 659 quod
1618 594 1713 644 mente

70 673 126 739 tur,
150 685 244 741 neque
267 669 369 723 civitas
394 671 525 741 neglecta
548 687 610 726 esse
634 670 807 733 inveniatur.
862 671 1086 744 alienataagere
1117 672 1216 735 soleat,
1233 674 1357 743 gemitus
1378 679 1408 728 et
1432 674 1517 730 fletus
1544 677 1643 732 audire
1666 678 1712 732 sit.

71 775 200 832 prgpg,
229 804 264 815 -
293 777 332 829 p,
359 776 532 831 mimam,-
565 779 688 847 episcop,
718 781 810 836 ,pam
863 758 903 813 Ne
919 772 1000 828 ergo,
1015 758 1170 829 languente
1190 764 1315 828 pastore,
1331 775 1411 830 grex,
1433 763 1511 833 quod
1526 762 1613 818 absitl
1641 764 1714 818 iusi-

70 847 257 910 aucuerre,
274 847 345 900 etin
369 848 430 916 ejus
445 848 500 902 toro
521 849 770 918 alterosubropato.
862 845 1146 902 diatorislauiandns
1160 847 1295 901 dentibus
1319 856 1489 921 exponatur,
1511 851 1554 905 rel
1583 851 1713 907 Ecclesiae

70 937 153 1004 epist.
169 936 200 991 S.
216 935 299 1002 Greq.
313 950 408 1004 pupae,
425 951 486 1005 cup.
501 938 576 1007 ιιι.)
591 937 720 1002 Qualiter
734 941 809 996 ordi·
861 934 952 1007 ipsius
980 935 1120 991 utilitates
1145 934 1311 1005 depereant,
1341 943 1424 992 cauta
1451 954 1504 992 nus
1532 954 1646 994 necesse
1670 945 1714 994 est

70 1023 642 1094 obissacerdotis,curporis,quianutum
653 1031 704 1095 est,
716 1028 808 1100 impe·
861 1023 1023 1095 provisione
1038 1027 1168 1079 tractare.
1193 1024 1227 1079 Et
1245 1023 1321 1092 ideo,
1339 1025 1408 1096 quia
1430 1025 1573 1081 viventem
1603 1027 1712 1098 episco·

70 1112 205 1176 molestia,
220 1111 414 1166 ariminensis
427 1112 553 1167 Ecclesia
562 1116 698 1184 pastoraii
713 1117 808 1172 boote
861 1128 932 1184 pum
946 1113 982 1168 ab
1002 1111 1098 1167 ouioio
1114 1127 1165 1164 suo
1187 1112 1340 1167 necessitas
1365 1113 1550 1181 infirmitatis,
1576 1130 1634 1169 nun
1658 1114 1713 1168 ori·

93 1200 256 1255 sacerdotali
286 1200 323 1254 sit
349 1200 492 1271 regimine
521 1201 669 1271 destituta,
698 1204 808 1260 dudum
863 1217 940 1264 men,
954 1199 1080 1264 abducit,
1093 1200 1181 1255 alium
1193 1200 1255 1255 ioco
1264 1201 1403 1271 ejus,nisi
1421 1207 1570 1257 recusante
1580 1218 1623 1266 eu,
1633 1202 1715 1256 nulla

70 1293 116 1345 ,tas
136 1287 387 1358 restracugnovit.
403 1288 495 1353 Quem
511 1289 592 1353 dum,
613 1291 808 1349 habitatorum
862 1289 931 1344 sinit
958 1289 1031 1343 ratio
1055 1287 1190 1342 ordinari.
1219 1287 1273 1344 Sed
1302 1289 1326 1343 si
1354 1289 1503 1344 intervalia
1534 1289 1714 1361 agritudinis

70 1393 105 1431 us
123 1378 253 1448 precibus
268 1375 406 1447 permoti,
424 1377 532 1446 sapius
555 1377 741 1435 hortaremur
765 1387 807 1449 ut,
862 1377 969 1433 habere
983 1380 1027 1431 est
1037 1374 1148 1443 solitus,
1162 1375 1223 1447 ipse
1238 1377 1304 1431 data
1322 1377 1461 1448 petitione
1475 1394 1534 1432 non
1549 1395 1579 1432 se
1594 1377 1715 1432 ulterius

70 1465 151 1520 ιιιειιι
173 1465 283 1536 capitis,
300 1481 359 1536 qua
382 1464 577 1534 detinebatur,
594 1466 728 1523 molestia
746 1485 807 1525 me·
862 1466 899 1520 ad
917 1465 970 1520 hoc
993 1462 1196 1531 ministerium,
1219 1465 1401 1519 subvertente
1428 1465 1606 1533 infirmitate,
1631 1480 1715 1536 posse

70 1569 91 1608 u
104 1569 135 1608 se
147 1569 206 1607 esse
229 1555 359 1619 sentiret,
375 1555 411 1609 ad
440 1569 537 1618 suam,
562 1555 719 1611 auxiliante
736 1558 805 1625 ileo,
822 1594 843 1648 Β
863 1553 987 1609 fateatur
1007 1550 1171 1623 adstrrgere,
1197 1557 1226 1607 et
1246 1552 1337 1607 aliurn
1356 1554 1416 1608 loco
1436 1570 1488 1608 suo
1509 1558 1625 1624 expetat
1637 1552 1715 1607 ordi-

70 1645 144 1696 retur
169 1642 336 1710 Ecclesiam3
361 1640 422 1714 qui,
442 1642 520 1696 datis
540 1642 673 1710 induciis,
700 1644 730 1698 in
752 1645 808 1701 hoo
862 1641 1002 1697 nandum.
1032 1639 1092 1704 Ouo
1122 1639 1193 1695 iacto
1222 1641 1355 1695 omnium
1387 1639 1554 1695 solemniter
1577 1640 1716 1694 electione

70 1729 146 1785 inuio
166 1734 352 1801 exspectatur.
382 1729 445 1798 Qui,
461 1729 533 1784 dum
548 1729 618 1784 cleri
641 1731 686 1784 rei
701 1731 807 1788 civium
862 1729 946 1794 alter,
973 1725 1025 1796 qui
1051 1727 1156 1798 diguus
1183 1727 1279 1795 iurarit,
1311 1729 1462 1799 episcopus
1490 1728 1649 1798 ordinatur,
1677 1727 1718 1783 sic

77 1817 210 1888 precibus
228 1819 414 1890 arguentium
437 1818 595 1874 instantius
623 1819 808 1875 hortaremur
861 1822 962 1872 umen
976 1817 1017 1878 ut,
1031 1830 1182 1887 quousque
1197 1816 1332 1871 cumdem
1347 1818 1516 1889 episcopum
1534 1817 1564 1870 in
1584 1817 1638 1872 hec
1665 1831 1717 1871 ste·

70 1906 168 1974 aleret,
185 1922 249 1961 cum
272 1907 313 1960 cis
332 1906 488 1962 auxiliante
510 1906 634 1962 Domino
655 1912 806 1975 remearet,
863 1902 929 1960 culo
943 1901 1001 1957 rita
1028 1905 1164 1970 uenerit,
1180 1908 1312 1974 sumptus
1334 1904 1362 1959 ei
1377 1905 1464 1961 debiti
1486 1904 1522 1959 de
1547 1905 1649 1961 eadem
1670 1905 1719 1959 Ec·

70 1995 167 2067 criptis
191 1996 401 2066 supplicatione
428 2013 480 2051 noa
505 1997 581 2068 petit
604 2001 647 2061 ut,
674 1996 744 2068 qnia
772 1998 807 2052 sd
863 1989 952 2046 alesia
964 1989 1171 2047 ministrentur.
1189 1992 1340 2047 Enimvero
1366 1995 1390 2049 si
1414 1993 1494 2048 nullo
1515 1997 1652 2065 tempore
1683 1991 1720 2047 ad

70 2099 86 2140 u
126 2085 255 2140 Ecclesia
284 2085 415 2155 regimen
441 2086 487 2140 vel
516 2089 715 2156 susceptorum
743 2085 809 2140 olfi-
863 2094 944 2134 sauae
969 2080 1072 2134 mentis
1097 2080 1171 2135 redit
1189 2080 1326 2143 officium.
1343 2098 1466 2154 persona
1480 2080 1574 2136 fidelis
1596 2098 1628 2137 ao
1655 2081 1720 2134 rita

69 2187 115 2243 tro
129 2173 228 2228 cadem
243 2190 301 2245 qua
326 2173 471 2229 detinetur
498 2173 642 2238 molestia,
658 2189 808 2244 assurgere
864 2167 1077 2238 estprobabilis
1106 2168 1247 2239 eligenda,
1278 2185 1342 2240 quae
1371 2170 1407 2225 ad
1431 2169 1562 2239 regimen
1591 2167 1721 2225 Ecclesia

70 2275 120 2316 uus
137 2258 240 2332 posset,
257 2262 390 2317 Ecclesiae
402 2262 458 2333 ipsi
478 2261 614 2316 ordinare
639 2261 807 2331 episcopum
863 2255 971 2311 idonea
997 2257 1086 2328 possit
1109 2257 1231 2311 existere
1259 2262 1346 2328 atqua
1361 2259 1396 2313 de
1416 2256 1581 2313 animarum
1598 2259 1721 2314 utilitate

70 2364 136 2403 nus.
163 2350 250 2415 Unde,
275 2350 345 2421 quia
367 2355 536 2405 cuncurum
559 2348 750 2403 Ecclesiarum
765 2348 808 2402 in·
863 2346 1002 2415 cogitare,
1031 2345 1176 2417 inquietos
1192 2345 1245 2400 snb
1272 2346 1431 2418 disciplinas
1454 2345 1570 2400 vincula
1597 2345 1720 2401 restrin-

72 2452 124 2493 nos
135 2436 335 2491 sollicitudinis
355 2453 423 2491 cura
440 2435 615 2505 constringit
634 2452 670 2490 ne
700 2436 808 2490 diutius
864 2449 944 2505 gare,
969 2432 1225 2489 ecelesiasticorum
1250 2449 1348 2489 rerum
1373 2450 1471 2489 curem
1487 2449 1599 2504 gerere,
1616 2440 1645 2489 et
1659 2450 1721 2489 ma·

70 2524 198 2580 fidelium
234 2526 309 2580 desit
335 2526 463 2580 custodia
494 2524 656 2595 pastoralis,
689 2524 807 2580 illorum
862 2527 963 2577 turum
976 2526 1064 2594 atque
1087 2521 1232 2577 efficacem
1246 2538 1275 2576 se
1294 2523 1326 2576 in
1349 2522 1484 2577 omnibus
1506 2523 1650 2579 exhibere.
1665 2523 1721 2589 Qui

70 2628 90 2667 ts
112 2613 256 2686 hujusque
271 2630 305 2669 ex
329 2615 374 2668 stri
399 2613 633 2684 impossibilitate
657 2613 806 2668 renuntia·
863 2611 963 2677 etiam,
974 2610 1110 2682 episcopo
1124 2610 1174 2683 qui
1185 2626 1262 2666 nunc
1275 2616 1397 2681 aegrotat
1411 2615 1568 2682 superstes,
1578 2613 1639 2668 loco
1658 2614 1721 2685 ejus

70 2701 224 2770 empuisus,
245 2701 336 2756 risum
352 2701 436 2755 nobis
457 2706 501 2755 est
524 2700 618 2754 eidem
633 2699 809 2755 Ariminensi
863 2698 967 2754 debeat
982 2700 1155 2754 consecrari.

70 2803 89 2843 a
116 2789 218 2843 debere
241 2789 408 2861 episcopum
433 2788 584 2844 ordinari:
610 2794 650 2854 ct,
674 2788 747 2843 datis
773 2804 808 2844 cx
863 2806 927 2862 (Ἀρ,
946 2804 1043 2860 cxcfl,
1069 2834 1104 2845 -
1131 2807 1168 2860 pp
1183 2807 1320 2860 resumi,
1349 2806 1482 2874 episcopi,
1500 2821 1550 2876 per
1571 2809 1721 2863 Romanum

70 2877 208 2947 receptis,
234 2879 344 2932 clerum
366 2877 539 2949 plebemque
559 2876 687 2946 ejusdem
711 2867 844 2932 acute-C
1208 2879 1374 2946 pontificem.
1616 2934 1620 2939 ,

70 2980 81 3019 ι
107 2965 269 3020 destitimus
296 2966 452 3020 admonere
473 2969 617 3036 quatenus
637 2965 673 3019 ad
701 2966 807 3036 eligen-
898 2965 951 3033 (Eu
964 2963 1062 3018 asoa.
1089 2962 1165 3018 sirit
1185 2977 1269 3034 papa
1294 2963 1317 3016 ιι
1340 2962 1453 3026 fratrib.
1480 2978 1530 3033 per
1555 2966 1720 3036 Hispaniam

70 3051 95 3107 bi
117 3054 273 3108 antistitem
288 3055 424 3108 concordi
438 3053 601 3125 provisione
623 3057 804 3108 concurrant.
861 3052 1016 3106 constitutis
1039 3052 1197 3117 commissis,
1218 3066 1281 3121 cup.
1309 3049 1347 3121 7.)
1365 3051 1476 3106 Fratres
1490 3066 1557 3109 vero
1582 3070 1654 3125 quos
1683 3054 1719 3110 ti-

70 3156 111 3196 ,ιιι
133 3157 202 3212 ergo
227 3147 261 3196 ut
273 3141 438 3198 fraternitas
451 3146 545 3195 vestra
561 3156 628 3197 eum
645 3157 732 3211 quem
747 3157 806 3196 uno
861 3155 941 3194 more
955 3143 1071 3194 terreno
1086 3138 1192 3209 injuste
1211 3140 1372 3197 damnastis
1398 3141 1498 3196 scitote
1513 3158 1530 3196 a
1545 3144 1628 3199 uubis
1640 3145 1718 3215 J'uste

70 3246 94 3284 ιιι
110 3246 208 3284 omues
223 3230 374 3301 elegerint,
390 3230 464 3284 sicut
479 3238 508 3284 ct
529 3230 586 3301 ipsi
609 3246 626 3284 a
648 3229 731 3284 nobis
750 3245 807 3300 po·
861 3244 922 3282 esse
951 3229 1108 3283 restitutos.
1137 3229 1252 3293 Quibus
1278 3230 1495 3286 exauctoritata
1521 3232 1613 3287 sancti
1634 3234 1719 3302 Petri,

70 3324 261 3386 enascuntur,
277 3319 312 3374 ad
329 3334 359 3374 se
380 3318 466 3373 locist
480 3318 601 3373 evocari.
616 3317 708 3382 Quem
724 3322 809 3372 cauta
861 3316 1017 3388 apostoliea
1032 3316 1213 3384 auctoritate,
1230 3321 1330 3375 omnia
1347 3337 1412 3393 quer
1429 3319 1471 3375 eis
1489 3320 1584 3376 ablata
1597 3327 1666 3378 sunt
1677 3323 1720 3378 in-

70 3405 151 3461 nidus
164 3408 375 3462 examinatione
397 3406 528 3462 discutite
546 3407 637 3461 :etsi
662 3421 695 3461 ea
715 3406 745 3460 in
761 3422 807 3475 eo,
861 3404 1016 3474 tegerrime
1029 3404 1110 3458 reddi
1133 3403 1330 3479 precipimus,
1349 3410 1373 3464 si
1389 3426 1448 3465 nun
1472 3410 1558 3464 vultis
1576 3417 1605 3465 et
1623 3428 1672 3466 ros
1691 3417 1721 3466 et

93 3501 229 3551 contextu
250 3497 366 3567 eptatici
385 3500 479 3550 morte
504 3495 626 3550 multata
653 3498 731 3559 sunt,
752 3494 810 3549 mi·
861 3493 1005 3564 principes
1023 3482 1108 3546 uestri
1124 3494 1277 3566 acollcgio
1292 3502 1391 3552 nostru
1413 3502 1442 3553 et
1465 3499 1604 3554 membris
1629 3501 1720 3555 Eccle-

70 3583 174 3639 tomino
188 3584 297 3640 fuerint
310 3585 471 3654 opitulante
494 3588 619 3655 reperta,
633 3587 719 3652 atque
734 3581 809 3636 fide-
863 3580 913 3635 sies
927 3579 1065 3651 separari.
1078 3580 1158 3635 iusto
1173 3582 1250 3636 enim
1259 3583 1370 3653 judicio
1384 3586 1434 3641 Dei
1448 3586 1533 3641 datur
1547 3587 1719 3660 plerumque

70 3687 232 3728 arsenarum
257 3673 396 3728 relatione
419 3672 482 3742 ejus
503 3672 583 3726 vobis
606 3685 723 3742 quoque
751 3669 809 3724 rita
863 3667 1060 3740 peccatoribus
1074 3673 1211 3739 potestas,
1227 3686 1285 3741 qua
1299 3678 1412 3727 sanctos
1431 3673 1522 3743 ipsius
1546 3690 1720 3747 persequan-

70 3760 109 3826 it,
134 3760 170 3815 ad
195 3777 246 3815 uos
264 3777 331 3815 eum
357 3775 424 3815 cum
450 3759 557 3814 decreti
580 3758 687 3830 pagina
710 3755 808 3826 vestri,
864 3764 924 3824 tur,
939 3759 971 3810 ut
997 3754 1047 3826 qui
1073 3756 1175 3824 spiritu
1201 3756 1342 3827 jurantur
1362 3765 1391 3815 ot
1417 3766 1543 3832 aguntur
1569 3761 1641 3817 liant
1667 3779 1719 3834 per

96 3863 211 3921 quoque
249 3848 459 3905 testificationis
493 3847 627 3921 epistola,
655 3844 809 3913 destinate,
865 3845 996 3900 laborum
1011 3843 1144 3898 exercitia
1154 3844 1299 3901 clariores.
1314 3847 1360 3901 lui
1373 3852 1470 3903 tamen
1485 3850 1535 3921 qui
1551 3851 1606 3904 hoo
1615 3856 1716 3922 agunt,

70 3952 104 3991 us
125 3937 218 3992 eidem
234 3954 250 3992 a
273 3937 355 3992 nobis
381 3935 526 4003 Ecclesia,
554 3935 726 4006 disponente
750 3934 810 3988 ilo-
865 3932 1295 4003 nullatenuseradentpoenam,
1308 3935 1387 4006 quia,
1399 3941 1432 3991 ut
1443 3937 1482 3991 ait
1496 3937 1633 3993 hominus
1648 3954 1656 3994 t
1672 3940 1718 3995 Vae

70 4031 252 4080 consecretur
272 4026 400 4081 antistes.
865 4021 909 4077 illi
927 4037 981 4093 per
996 4035 1082 4092 quem
1097 4019 1263 4075 scandalum
1278 4022 1365 4077 venit.
1384 4024 1425 4089 Et,
1451 4039 1618 4096 quanquam
1635 4027 1719 4096 juxta

70 4131 126 4186 :gg
154 4161 188 4172 ,,
216 4135 254 4187 93
281 4134 405 4202 episcop,
429 4132 478 4199 qm·
491 4146 540 4199 pe,
558 4129 751 4198 infirmatatem
780 4130 811 4183 g„
830 4109 1022 4198 „salvatoris
1045 4109 1217 4163 sententiam
1243 4125 1359 4165 necesse
1387 4112 1425 4166 sit
1447 4112 1545 4168 venire
1573 4114 1716 4181 scandale,

165 4202 351 4257 hebetudinem
360 4204 457 4256 mustis
467 4202 605 4258 inciderit.
866 4214 907 4253 ra
921 4205 1018 4254 tamen
1029 4212 1080 4268 per
1094 4213 1179 4270 quem
1194 4198 1329 4254 veniuntl
1346 4201 1386 4255 ile
1399 4200 1516 4256 occultis
1528 4201 1614 4256 etiem
1624 4203 1717 4257 cordis

70 4291 162 4345 wecil.
184 4293 328 4358 Arausio,
353 4306 414 4360 cup.
429 4288 468 4360 ι.)
487 4291 524 4345 ιιι
537 4290 562 4344 si
580 4289 645 4361 quis
659 4287 812 4359 episcopus
865 4287 954 4343 alieni
967 4292 1073 4342 temere
1090 4285 1221 4357 judicare
1240 4292 1392 4357 peccatum
1419 4293 1471 4356 est,
1491 4292 1522 4344 et
1544 4303 1612 4344 eum
1635 4290 1718 4360 cujus

70 4378 204 4433 mitatem
227 4384 277 4434 aut
290 4379 320 4433 in
344 4379 471 4450 aliquam
493 4377 696 4433 hebetudinem
711 4391 811 4430 sensus
865 4393 924 4432 non
939 4376 1074 4431 videntur
1088 4391 1175 4446 opera
1190 4375 1245 4429 uisi
1258 4375 1335 4430 bona
1348 4376 1484 4448 iniquum
1498 4383 1542 4431 est
1565 4393 1600 4432 ex
1623 4379 1717 4451 suspi-

70 4466 104 4532 it,
120 4471 170 4521 aut
183 4466 310 4522 oflicium
327 4467 385 4522 oris
400 4466 539 4533 amiserit,
554 4481 588 4521 ea
609 4480 675 4537 qua
701 4463 811 4534 episco·
865 4464 947 4519 cione
972 4462 1180 4534 reprehendere
1196 4479 1203 4516 ε
1219 4478 1285 4518 cum
1309 4479 1410 4518 eorum
1434 4480 1500 4536 qua
1522 4465 1634 4520 homiui
1651 4471 1718 4522 sunt

70 4554 135 4609 uari
148 4556 332 4622 conveniunt,
349 4555 548 4626 presbyterum
565 4569 650 4625 agere
665 4567 725 4606 uun
743 4566 811 4623 per·
865 4551 1012 4622 incognita
1034 4551 1113 4606 solus
1137 4551 1211 4606 Deus
1236 4551 1324 4622 judex
1347 4551 1385 4606 sit
1402 4553 1498 4622 justus
1522 4554 1668 4626 inspector
1688 4560 1718 4611 et

89 4642 138 4697 sed
167 4643 336 4714 episcopum
364 4642 416 4713 qui
445 4642 554 4697 vicinus
579 4647 622 4694 est
649 4643 740 4706 vocet,
766 4637 813 4692 cui
864 4656 958 4696 verus.
986 4640 1065 4697 Unde
1093 4639 1231 4710 scriptum
1259 4645 1324 4693 est:
1351 4641 1536 4696 lncerlanon
1554 4643 1716 4713 judicemus

70 4746 84 4784 u
104 4732 225 4786 Ecclesia
240 4733 383 4804 agendum
399 4730 486 4786 inerit
510 4731 648 4801 imponet.
865 4729 1052 4801 quoadusquo
1059 4728 1156 4783 veniat
1166 4727 1316 4794 Dominus,
1325 4728 1375 4799 qui
1386 4729 1717 4789 atiliuminabitabscun-

70 4836 135 4892 XCI.
152 4868 187 4879 -
199 4841 237 4894 De
252 4841 376 4908 episeopo
394 4839 444 4908 qui
461 4842 574 4907 propter
595 4836 713 4890 daimon
736 4835 811 4904 cape.
865 4819 925 4873 dita
949 4818 1145 4877 tenebrarum.
1161 4820 1190 4871 et
1214 4815 1411 4872 manifestabit
1432 4819 1551 4872 consilia
1574 4819 1713 4876 cordium.

140 4911 175 4963 tia
187 4924 256 4978 sape
269 4912 298 4963 in
317 4911 463 4963 amentium
480 4908 633 4961 deumeret.
865 4907 910 4975 Et,
934 4906 1064 4979 quamvis
1083 4921 1150 4959 vera
1174 4904 1242 4970 sint,
1268 4920 1327 4958 non
1342 4909 1440 4961 umen
1464 4906 1605 4961 credenda
1635 4912 1714 4972 suut,

81 4997 175 5065 regist
209 5011 269 5066 cap.
296 4999 360 5065 233,
392 4996 430 5050 ed
457 4995 603 5050 Etherium
636 4991 812 5064 aarum.)
865 4994 921 5050 nisi
936 4993 1095 5066 quaeertis
1109 4992 1223 5063 judiciis
1246 4993 1479 5064 comprobantur,
1495 4993 1551 5047 nisi
1566 5008 1630 5063 quse
1653 5010 1715 5049 ma·

70 5082 95 5137 is
109 5083 191 5138 triste
204 5084 288 5138 nobis
303 5085 339 5139 sit
354 5084 436 5139 valde
450 5082 528 5155 quud
550 5082 705 5154 loquimur,
726 5085 813 5151 atque
864 5083 969 5139 nifestu
988 5081 1099 5154 judicio
1113 5080 1334 5148 convincuntur,
1347 5081 1402 5135 nisi
1417 5097 1483 5152 quae
1501 5080 1653 5152 judiciario
1667 5098 1715 5137 or-

71 5185 160 5226 anos
186 5173 383 5244 compassione
407 5173 502 5242 potius
529 5177 632 5241 urgeat
659 5184 746 5241 quam
760 5168 812 5223 ali·
865 5171 932 5227 dine
954 5170 1145 5242 publicantur.
1177 5169 1277 5224 Nullus
1295 5184 1365 5238 ergo
1388 5172 1483 5239 potest
1505 5170 1631 5224 humano
1646 5187 1715 5226 con·

70 5274 90 5314 ‚e
105 5259 210 5315 auditis
236 5260 356 5316 delinire
371 5260 520 5333 permittat
534 5274 541 5313 ι
569 5258 692 5329 suscepti
715 5261 813 5311 tatum
865 5258 996 5317 damnari
1014 5257 1157 5325 examine,
1176 5271 1263 5330 quem
1278 5257 1354 5311 licus
1364 5272 1416 5310 suo
1427 5256 1537 5327 judicio
1550 5260 1711 5314 reservarit.

70 5347 126 5403 udo
154 5349 305 5420 regiminis
331 5365 381 5404 cur
406 5354 541 5404 nostrum
570 5345 690 5402 instanti
716 5344 813 5416 pulsat
866 5350 931 5404 liare
948 5347 1045 5402 omnia
1059 5361 1244 5417 summopere
1271 5347 1339 5400 sunt
1362 5345 1558 5422 praecavenda,
1583 5362 1620 5401 ne
1636 5363 1711 5430 pree„

78 5453 214 5513 mnam
227 5453 281 5494 nos
304 5438 437 5495 Ecclesiis
454 5452 553 5493 curam
579 5434 755 5511 prospicere,
771 5438 810 5500 et,
865 5440 1028 5508 sumptores
1042 5450 1104 5490 esse
1114 5432 1271 5490 videamur.
