3878 6112
87 289 121 341 9³
918 291 1015 349 ACTA.
1809 296 1844 353 9-1

87 411 193 467 diebus
208 414 346 477 moretur,
378 412 478 467 nolens
506 415 535 467 et
564 412 661 467 volens
681 416 787 468 terram
812 413 940 486 depopo·
957 400 981 476 ,ξ
998 430 1086 486 quem
1101 421 1230 489 tempore
1246 417 1367 471 ducatus
1381 416 1427 472 sui
1457 418 1531 472 ultra
1545 433 1646 473 omues
1656 418 1774 474 comites
1801 436 1846 474 re·

87 501 177 556 latur.
996 504 1047 575 gui
1066 504 1154 577 hujus
1177 504 1327 572 ditaverat,
1351 506 1461 576 legatos
1487 522 1560 577 quos
1583 505 1692 577 inipso
1718 506 1845 563 exercitu

127 591 170 644 ¹2.
188 591 225 644 at
241 588 421 644 llermennus
436 586 494 658 (11)
508 587 590 643 dicre
618 588 779 655 mentis,et
801 593 942 660 protervae
997 592 1133 648 meliores
1147 594 1253 665 eligere
1279 599 1400 665 poterat,
1430 593 1466 650 ad
1494 595 1589 665 ipsum
1614 595 1772 651 transmisit
1794 595 1844 669 [et]

89 678 222 742 cervicis,
242 677 332 732 iratus
360 692 448 747 super
476 675 649 748 Episcopum
680 677 942 748 Strasbnrgensem,
998 689 1029 737 ut
1064 683 1262 738 bavariensem
1292 682 1428 738 ducatum
1457 683 1512 738 sihi
1544 683 1722 752 concederet,
1746 683 1845 740 incon·

90 766 222 838 eoquod
238 765 384 837 sapienter
411 765 513 836 egerit,
528 770 557 820 et
572 771 682 837 partem
703 766 852 821 meliorem
881 767 941 821 ele·
997 771 1070 826 salte
1111 770 1228 841 rogavit.
1256 770 1309 828 Sed
1336 772 1505 826 inconsultos
1538 771 1691 842 quaestioni
1713 771 1845 827 consulte

91 854 177 926 gerit,
194 854 296 925 juncto
316 853 373 908 sibi
393 854 511 908 Cunone
530 869 637 924 genero
663 871 725 920 suo,
755 855 943 927 argentinam
997 865 1114 932 parator
1129 860 1289 930 responsio,
1301 866 1330 914 et
1351 860 1499 915 festinanti
1517 860 1660 932 petitioni,
1685 860 1846 932 ponderate

91 943 193 1010 adivit,
207 948 237 998 et
256 942 397 998 militibus
414 941 547 1013 Episcopi
573 958 634 996 nnn
655 942 781 997 lidetiter
809 943 941 997 resisten·
997 952 1175 1002 monstratur
1189 948 1366 1003 deliberatio.
1389 947 1534 1003 Patienter
1546 949 1624 1003 euim
1641 948 1738 1004 audite
1765 948 1844 1020 lege·

92 1032 171 1086 tibus
188 1047 286 1086 muros
313 1030 435 1085 civitatis
449 1029 545 1100 fregit,
566 1031 657 1101 spolia
678 1047 735 1085 non
762 1031 873 1086 modica
897 1046 942 1084 ce·
996 1034 1076 1089 tione
1104 1035 1166 1090 eit:
1198 1036 1273 1101 Quos
1312 1052 1425 1108 semper
1449 1036 1609 1107 praecipuos
1633 1040 1709 1090 inter
1743 1051 1844 1092 omnes

94 1120 145 1190 pit,
163 1119 314 1175 ecclesiam
337 1118 478 1173 violenter
492 1118 620 1187 intrarit,
645 1125 674 1174 et
701 1119 789 1191 impie
818 1119 942 1175 violavit.
997 1127 1108 1194 gentes,
1137 1124 1225 1179 habui
1240 1140 1369 1196 quosque
1392 1141 1508 1194 semper
1533 1130 1595 1180 toto
1622 1124 1844 1180 mentisallectu

95 1208 290 1274 lutereeliex,
307 1206 356 1279 qni
382 1205 680 1273 eratintlemaunie,
711 1206 811 1279 Aegira
836 1208 942 1262 nativi·
997 1210 1102 1279 amavi,
1121 1211 1173 1266 bos
1195 1212 1299 1283 adepte
1322 1213 1519 1268 benedictione
1542 1213 1643 1284 regali,
1671 1213 1844 1284 inlegesua

93 1301 183 1352 tatem
199 1296 227 1353 S.
241 1296 360 1352 loannis
383 1295 556 1365 celebrabat,
573 1301 603 1352 et
617 1297 764 1353 neminem
782 1297 897 1365 timens,
913 1314 943 1353 se
998 1313 1050 1352 nec
1074 1299 1249 1353 deteriorare
1272 1300 1346 1365 volo,
1371 1316 1424 1354 uec
1445 1300 1613 1356 deteriorari
1642 1300 1743 1371 patiar,
1774 1300 1844 1355 dum

93 1389 230 1455 potenter
262 1383 410 1439 habebat:
436 1399 503 1438 cum
530 1385 697 1440 nunciatum
720 1391 795 1441 esset
818 1386 844 1441 ei
867 1387 943 1458 quod
998 1386 1106 1440 einero.
1124 1387 1226 1456 Legem
1242 1387 1359 1454 habent,
1375 1393 1404 1442 et
1419 1388 1520 1443 ducem
1531 1388 1656 1458 eligendi
1672 1391 1842 1459 potestatem

94 1472 287 1527 llerimennus
297 1471 398 1526 obvius
413 1471 510 1527 venire
531 1473 625 1538 vellet,
642 1479 671 1528 et
696 1490 801 1545 pugnae.
820 1476 943 1528 termino
997 1485 1030 1524 ex
1045 1471 1107 1540 lege
1120 1476 1219 1525 tenent
1234 1471 1291 1541 (15)
1307 1472 1398 1526 :banc
1412 1487 1448 1525 ue
1464 1471 1532 1524 dum
1547 1487 1601 1542 ego
1616 1472 1762 1542 frangam
1778 1470 1842 1542 qni·

92 1560 174 1615 litem
194 1560 296 1628 tioire;
315 1560 457 1615 sententio
476 1560 534 1615 haec
549 1562 620 1632 Regi
646 1562 767 1632 placuit;
800 1563 944 1633 ebAugia
997 1574 1120 1629 cumque
1135 1559 1267 1631 frangere
1290 1561 1441 1614 tentaverit
1469 1575 1516 1615 me
1541 1559 1691 1614 inimicum
1714 1558 1841 1613 hebebit.

93 1647 241 1716 discessit;
268 1648 300 1704 iu
323 1650 456 1720 quaedem
479 1655 562 1721 prete
583 1650 762 1721 amplissime
788 1656 816 1705 et
841 1653 876 1705 ed
893 1653 943 1706 de·
1000 1647 1032 1701 ln
1055 1647 1107 1702 hec
1121 1648 1207 1702 etiam
1223 1648 1404 1720 expeditione
1431 1649 1505 1704 male
1524 1647 1590 1723 [nil]
1610 1651 1842 1720 promeruerunt,

93 1736 263 1792 certandum
292 1742 456 1809 opportuna
480 1737 618 1810 pervenit.
640 1739 680 1794 tbi
705 1739 859 1794 adventum
883 1740 944 1794 [tu-
1000 1740 1033 1790 ut
1046 1735 1163 1790 cuilibet
1177 1752 1234 1799 eos,
1254 1738 1362 1809 absque
1377 1738 1545 1794 eorumdem
1561 1737 1714 1803 electione,
1738 1751 1844 1790 conce·
1890 1747 1895 1754 ’

95 1824 133 1878 eis
147 1831 302 1896 expectens
317 1830 458 1897 etpuguae
466 1826 575 1894 jndicio
591 1826 646 1898 (te)
661 1828 757 1882 subire
775 1843 833 1881 uon
866 1828 943 1881 relu-
998 1823 1075 1879 dem.
1103 1825 1203 1880 Adhuc
1226 1842 1340 1881 mecum
1367 1828 1419 1882 snb
1446 1826 1637 1898 ancipitibus
1659 1824 1787 1880 militant
1814 1827 1845 1878 et

94 1918 169 1979 tans,
211 1912 415 1973 solennitatem
454 1915 659 1985 Apostolorum
687 1915 849 1969 celebravit.
890 1915 944 1970 Sed
1001 1929 1054 1984 ego
1093 1930 1143 1968 eos
1171 1915 1302 1970 nolentes
1345 1916 1463 1970 cuilibet
1485 1914 1652 1970 mortalium
1680 1908 1843 1967 traderem‘l

96 1999 299 2069 tterimanuus,
326 2001 434 2056 salubri
461 2002 581 2056 consilio
604 2019 680 2070 usus,
707 2018 857 2058 occurrere
874 2002 944 2072 Regi
999 2002 1146 2072 Exspectet
1172 2007 1202 2057 ut
1226 2003 1256 2058 in
1284 2003 1433 2060 bavariam
1461 2003 1594 2070 redeam,
1617 2002 1667 2063 ibi.
1706 2000 1730 2055 si
1760 2001 1843 2055 illum

96 2090 202 2156 renuit,
232 2094 261 2143 et
284 2089 337 2144 sibi
359 2089 475 2160 suisque
496 2090 639 2145 salubrius
661 2107 723 2145 esse
752 2096 783 2146 nt
808 2092 942 2158 latitaret,
999 2089 1148 2160 elegerint,
1171 2091 1247 2163 eligo
1260 2097 1289 2147 et
1311 2092 1414 2159 laudo;
1431 2093 1455 2146 si
1482 2090 1641 2157 renuerint,
1658 2105 1759 2150 renuo,
1788 2088 1844 2143 Nec

97 2192 184 2248 quem
200 2175 313 2232 obviem
328 2175 447 2244 veniret,
461 2177 593 2233 credidit.
999 2176 1085 2231 etiam
1103 2177 1235 2232 existimo
1260 2179 1342 2233 illum
1368 2194 1429 2233 esse
1440 2183 1526 2233 tante
1542 2176 1726 2249 insipientie,
1752 2178 1783 2229 ut
1810 2189 1844 2228 ex

134 2267 177 2319 13.
194 2264 266 2335 ltegi
283 2281 352 2336 ergo
368 2265 408 2319 sic
432 2266 621 2337 praestolanti,
647 2267 764 2338 quidam
793 2284 850 2323 non
878 2282 944 2339 pro·
999 2280 1063 2319 meo
1082 2265 1219 2322 dedecore
1251 2268 1390 2322 honorem
1413 2282 1497 2321 suum
1523 2271 1634 2337 qureret
1657 2262 1843 2334 amplificare.

97 2352 169 2407 vides
189 2354 295 2407 mentis
310 2354 415 2409 dobant
430 2355 593 2422 consilium,
610 2360 641 2410 ut
657 2357 854 2413 Constantiam
878 2358 944 2423 iret,
999 2353 1113 2420 llezelo,
1124 2359 1239 2426 accepto
1256 2355 1421 2427 husjusmodi
1436 2370 1583 2426 responso,
1597 2352 1728 2408 fomitem
1752 2351 1843 2405 rebel·

96 2441 376 2507 etibillerimauno,
396 2443 473 2514 qnod
500 2443 530 2497 in
547 2445 942 2515 Argentinacunrvuernerat,
999 2441 1083 2495 lionis
1107 2443 1245 2514 concepit,
1262 2460 1349 2516 quem
1365 2449 1431 2516 post
1457 2459 1567 2498 aurium
1600 2439 1785 2496 monstrando
1814 2437 1844 2491 in

97 2535 337 2600 recompensaret.
357 2531 487 2600 Episcopi
503 2532 581 2586 enim
602 2532 747 2588 curiensis
761 2540 790 2588 et
804 2535 945 2590 constan·
1000 2529 1126 2585 dolorem
1141 2532 1185 2586 sni
1202 2533 1322 2604 peperit.

98 2616 208 2684 tieusis,
225 2633 291 2672 cum
306 2618 480 2673 flerimanno
496 2625 588 2683 eraut,
605 2626 788 2677 nonientana
813 2622 895 2676 illum
911 2639 945 2677 ex
1038 2622 1077 2672 te.
1099 2620 1155 2674 Rex
1174 2620 1271 2690 igitur,
1288 2635 1347 2673 non
1372 2618 1469 2673 multis
1484 2618 1585 2673 diebus
1608 2616 1638 2672 in
1652 2614 1769 2672 Francia
1783 2630 1845 2669 mo·

97 2704 182 2758 corde
210 2705 245 2760 ed
274 2721 395 2776 regnum
427 2706 576 2778 eligentes,
605 2714 745 2780 quantum
770 2710 944 2765 vicinitatem
1000 2710 1089 2772 retus,
1101 2705 1308 2778 inl'uringiem
1322 2708 1381 2761 ivit.
1401 2707 1441 2761 lbi
1469 2707 1576 2778 absque
1604 2721 1685 2759 mora
1713 2702 1844 2760 Guilbel·

96 2792 160 2863 eius
174 2793 552 2860 timentes,etdetermino
575 2796 661 2867 litigii
684 2798 855 2853 dubitantes.
889 2799 944 2854 Sed
1000 2809 1063 2847 mus
1101 2799 1234 2866 princeps
1247 2795 1440 2867 Turingorum
1463 2811 1528 2849 cum
1544 2793 1649 2877 exteris
1678 2806 1841 2856 occurren&

98 2882 169 2948 ltex,
185 2882 451 2954 uteratprovidus,
467 2890 496 2938 et
523 2885 701 2940 dedominio
718 2887 846 2957 ejusdem
873 2886 944 2941 civi·
1000 2882 1075 2952 regis
1097 2880 1231 2938 ellicitur.
1258 2883 1326 2938 lnde
1353 2900 1401 2938 rex
1437 2882 1593 2955 procedens
1616 2883 1648 2936 in
1681 2879 1842 2943 Samnium,

97 2970 380 3038 tetissecurus,illis
399 2971 662 3029 leniteretblende
687 2976 856 3046 respondit:
885 2976 984 3030 lib-C
1000 2970 1129 3041 pervenit
1142 2971 1387 3044 merseburgum.
1416 2971 1585 3027 Bennodux
1612 2971 1766 3036 Saxonum,
1796 2968 1847 3023 uu·

97 3058 143 3122 sit,
155 3062 188 3112 ut
203 3073 256 3128 pro
281 3059 447 3115 llerimanni
462 3061 575 3116 insanie
590 3062 621 3116 in
639 3064 721 3117 illuni
745 3070 945 3136 retorqueatur

95 3145 264 3213 vindicta,a
293 3163 350 3218 quo
376 3147 447 3202 mihi
486 3149 569 3219 regni
597 3153 640 3204 est
668 3167 801 3205 concessa
828 3167 943 3207 corona.

97 3233 237 3287 Fortassis
250 3234 303 3288 etsi
325 3251 379 3306 pru
394 3235 552 3307 Argentina
572 3239 765 3293 Constantiam
793 3246 943 3305 vastarem,

96 3336 155 3374 uun
172 3321 247 3375 mihi
261 3322 399 3377 damnum
419 3323 590 3391 minuerem,
617 3326 665 3380 sed
685 3325 873 3397 duplicarem.
897 3328 944 3382 lu·

95 3425 183 3480 super
199 3409 273 3464 male
283 3416 431 3480 comparat
446 3427 578 3482 regnum,
593 3415 643 3484 qni
659 3414 689 3468 in
704 3417 767 3485 ejus
793 3415 946 3485 adeptione

96 3496 203 3551 animm
217 3499 366 3568 postponit
381 3499 595 3555 detrimentum.
622 3503 774 3557 coronavit
798 3519 842 3557 me
871 3504 946 3558 Deus

96 3599 154 3639 nou
171 3584 207 3639 ed
232 3585 401 3640 violationes
426 3587 625 3653 Ecclesiarnm,
646 3588 694 3643 sed
721 3590 757 3643 ed
786 3588 946 3660 puniendos

97 3673 253 3727 violatores
266 3690 376 3728 earum.
393 3674 446 3730 bin
461 3675 551 3745 igitur
573 3676 602 3730 in
617 3677 706 3748 pratis
720 3683 887 3748 exspectans
919 3684 946 3732 et

95 3761 132 3816 ed
145 3760 294 3830 ultimum,
310 3762 402 3817 sciens
419 3779 475 3818 nou
495 3770 661 3830 venturum,
672 3766 745 3820 inde
756 3766 894 3832 discessit,
918 3773 947 3821 et

96 3865 149 3919 per
159 3850 374 3915 alemanniam,
390 3858 485 3906 curtes
505 3851 559 3923 113)
576 3854 660 3908 bacis
680 3853 786 3926 ubique
808 3855 945 3910 vastando

96 3936 256 4006 irecoepit.

136 4026 180 4078 ts·
211 4024 340 4080 Tandem
367 4042 528 4098 pauperum
553 4029 663 4082 clamor
681 4029 787 4083 nimius
811 4029 944 4095 excrevit,

97 4119 128 4164 et
140 4127 232 4183 usque
244 4113 279 4166 ad
290 4114 364 4185 regis
379 4131 462 4170 aures
476 4117 614 4186 pervenit.
631 4119 721 4183 Quem
737 4134 784 4172 rex
801 4117 847 4172 diu
872 4117 946 4172 terre

1000 3057 1101 3114 lizleus
1125 3061 1186 3115 Dux
1204 3061 1386 3128 -Sclarorum,
1403 3061 1503 3117 Liebao
1524 3058 1754 3131 archiepiscopus
1782 3059 1845 3113 Bre-

1000 3148 1115 3204 mensis.
1135 3151 1231 3204 benno
1247 3149 1398 3220 episcopus
1419 3148 1598 3206 llildenensis
1611 3148 1678 3220 (17),
1693 3144 1846 3202 Ratherius

1000 3236 1151 3308 episcopus
1164 3238 1400 3304 Pederbonensis,
1417 3239 1580 3309 Arunlpbus
1596 3232 1844 3298 llelherstetensis,

1000 3325 1088 3380 ceteri
1116 3325 1243 3398 episcopi
1267 3327 1301 3382 de
1327 3326 1458 3393 Saxonis,
1486 3329 1515 3380 et
1538 3325 1658 3379 comites
1683 3321 1799 3394 plurimi
1814 3319 1845 3374 in

999 3412 1152 3468 festivitate
1177 3413 1205 3469 S.
1230 3414 1326 3469 iacobi
1365 3414 1435 3485 Regi
1464 3416 1626 3477 occurrunt,
1656 3410 1842 3466 acclamatum

1000 3500 1170 3572 suscipiunt,
1182 3503 1356 3567 collaudant,
1367 3501 1528 3556 collaudato
1548 3515 1650 3554 manus
1665 3497 1770 3570 singuli
1793 3511 1845 3568 per

1000 3588 1129 3643 ordinem
1149 3589 1281 3652 reddunt,
1301 3589 1418 3645 redditis
1436 3589 1570 3644 menibus
1584 3590 1671 3643 tidem
1686 3602 1769 3642 suem
1793 3600 1847 3658 per

1001 3682 1178 3732 sacramenta
1193 3679 1372 3747 promittunt,
1386 3678 1441 3733 lide
1460 3677 1610 3749 promissa,
1640 3690 1736 3746 regem
1765 3689 1844 3728 coro·

1000 3770 1080 3830 nant,
1094 3770 1264 3820 coronatum
1290 3765 1320 3821 in
1335 3765 1407 3820 solio
1422 3765 1502 3836 regio
1527 3765 1631 3830 locant,
1648 3765 1773 3818 locatum
1797 3761 1844 3817 de·

1001 3852 1059 3907 bita
1073 3853 1320 3922 congratulatione
1331 3859 1513 3906 venerantur.

1038 3944 1082 3996 17.
1098 3940 1272 3995 llisstrenue
1288 3941 1420 4012 peractis,
1433 3940 1575 3995 bolizlaus
1593 3939 1660 3993 inde
1685 3938 1844 4001 discedens,

1003 4029 1037 4083 ab
1061 4029 1124 4100 ipsa
1151 4028 1198 4083 die
1225 4046 1282 4101 qua
1311 4029 1397 4084 iidem
1422 4028 1594 4100 promiserat
1620 4033 1649 4083 et
1673 4026 1844 4096 promissam

1002 4123 1180 4173 sacramento
1197 4120 1369 4186 firmaverat,
1394 4133 1528 4189 perverse
1556 4117 1700 4185 meditari,
1729 4121 1758 4170 et
1784 4131 1843 4170 me·

97 4214 157 4253 non
184 4200 288 4270 potuit,
317 4202 410 4257 sciens
430 4203 615 4260 eosnihilin
638 4204 745 4259 derina
774 4205 857 4259 Ducis
872 4205 946 4259 deli·
1003 4207 1318 4278 ditata,prontpotnit,
1335 4205 1681 4278 coepitmacliineri.lpse
1709 4203 1787 4259 enim
1816 4208 1845 4258 et

96 4286 207 4357 quisse,
224 4290 254 4342 et
267 4289 305 4343 ob
317 4289 371 4345 hoc
385 4290 539 4362 plusjusto
563 4307 662 4363 pessos
685 4291 783 4347 luisse.
812 4292 944 4362 Quapro·
1003 4297 1105 4351 liezelo
1143 4297 1332 4350 collocutione
1354 4295 1384 4350 in
1406 4295 1528 4350 invicem
1544 4294 1650 4361 habita,
1680 4294 1751 4348 alter
1774 4293 1845 4346 elte-

95 4379 162 4445 pter
187 4375 294 4447 pietate
331 4383 425 4432 motus
445 4378 481 4433 ab
517 4380 686 4435 Alamannia
711 4381 835 4448 recessit,
863 4387 892 4436 ct
917 4382 946 4436 in

97 4462 249 4518 Franciem
263 4464 318 4536 (11)
329 4471 419 4520 terem
435 4466 518 4522 unice
529 4467 584 4521 sibi
597 4468 730 4523 dilectem
746 4469 833 4536 venit,
851 4473 945 4523 certus

97 4550 133 4604 de
163 4552 240 4606 Duce
270 4553 349 4624 quia,
378 4554 462 4609 vellet
484 4556 583 4624 nollet,
607 4557 746 4611 cervicem
774 4558 943 4624 flectere,et

91 4638 198 4710 jugum
209 4641 270 4710 pati
285 4642 457 4714 quandoque
471 4643 596 4699 deberet.

133 4730 177 4782 15.
194 4729 429 4804 Praetereundum
441 4747 499 4786 non
513 4731 658 4801 existimo,
680 4733 758 4804 qtrod
787 4739 944 4806 antequem

92 4829 144 4869 rex
161 4815 198 4871 ab
223 4816 393 4873 alemannia
418 4819 518 4882 exiret,
549 4822 663 4891 liezela,
683 4822 828 4877 bertholdi
855 4823 942 4889 lilius,

115 4956 341 5026 (inscribitur
355 4959 518 5031 promiscue
540 4963 725 5018 flerimunoua
742 4979 792 5019 sen
809 4966 943 5020 liemon·

92 5041 188 5178 ugit)
201 5098 349 5154 Gretserus
364 5100 491 5156 restituit
501 5101 640 5172 judicium
651 5119 658 5158 :
671 5104 733 5175 lege
746 5119 846 5175 pugne
855 5106 943 5160 oleum

91 5166 186 5222 eebeee
198 5184 252 5223 nou
268 5185 391 5226 renueras.

112 5237 877 5371 ..illidiilllilltllllffillllbilbili?

91 5307 257 5436 grabisam
270 5352 497 5453 possessionibus
507 5318 729 5456 decipilidestor.
745 5331 822 5387 epm
866 5333 940 5383 om*

127 5448 187 5542 111)
204 5451 313 5523 Nempe
335 5455 485 5535 Fraucturu
492 5455 660 5536 orientolem,
682 5471 733 5512 seu
748 5456 937 5513 Fruucomum.

128 5523 186 5588 rto)
200 5522 264 5578 llaec
278 5524 463 5579 accommode
478 5525 665 5596 intelligenda
688 5531 755 5580 sunt
772 5543 778 5581 ε
797 5543 862 5583 iram
888 5529 938 5583 ltr-

1001 4384 1060 4438 rins
1089 4385 1238 4439 venenatis
1262 4384 1386 4437 consiliis
1400 4389 1502 4450 tactus,
1525 4381 1743 4454 uterquecoepit
1767 4379 1846 4451 qrrod

1002 4477 1155 4543 utrumque
1172 4473 1245 4526 male
1265 4470 1361 4526 linisse
1375 4472 1488 4543 puduit.
1508 4472 1620 4526 interea
1640 4471 1734 4541 regie
1757 4468 1844 4525 Saxo·

1000 4560 1048 4614 nia
1063 4561 1092 4615 in
1109 4576 1231 4631 reguum
1248 4560 1431 4614 Lotbarieuse
1453 4558 1620 4630 properanti
1649 4559 1771 4614 Gruonte
1797 4572 1845 4612 oc·

999 4649 1089 4711 currit
1115 4665 1184 4703 uror
1212 4665 1263 4702 sua
1284 4648 1406 4702 Domina
1428 4647 1597 4719 Cirnigoudo
1630 4647 1748 4701 nourine
1781 4646 1843 4716 jem

999 4744 1107 4806 extans,
1128 4736 1177 4793 sed
1189 4753 1218 4791 re
1234 4736 1289 4790 cito
1304 4735 1404 4807 regina
1428 4736 1534 4791 lutura.
1554 4735 1624 4792 lude
1639 4734 1717 4789 enirn
1741 4734 1844 4790 Peder-

998 4825 1118 4880 bornem
1135 4825 1263 4890 veniens,
1279 4823 1308 4878 iu
1326 4824 1398 4879 festo
1414 4825 1442 4880 S.
1464 4823 1620 4890 Laurentii,
1636 4822 1770 4878 acclama.

998 4980 1079 5019 varos
1092 4965 1211 5035 plenum
1226 4965 1373 5020 electionis
1387 4967 1432 5035 jus
1451 4964 1585 5020 habuisse
1598 4961 1759 5018 verosimile
1784 4978 1842 5018 non

998 5042 1040 5089 cst
1055 5051 1062 5089 ε
1079 5035 1150 5106 quin
1166 5044 1196 5089 et
1215 5037 1333 5091 Sarrctns
1357 5036 1418 5107 ipse
1448 5034 1612 5101 ilenricum,
1640 5032 1667 5088 S.
1692 5034 1843 5105 Cuneguu·

998 5105 1040 5159 dia
1069 5106 1197 5170 fratrem,
1213 5106 1248 5160 iis
1269 5107 1370 5160 ducem
1399 5105 1486 5165 dedit,
1516 5111 1600 5174 atque
1626 5102 1761 5158 eumdem
1790 5120 1843 5175 pro

997 5193 1048 5230 sno
1063 5176 1181 5230 arbitrio
1196 5177 1329 5247 deposuit
1347 5181 1375 5230 et
1390 5175 1524 5242 restituit,
1545 5182 1578 5228 ut
1597 5174 1685 5228 babes
1709 5176 1739 5228 in
1755 5175 1843 5231 Com·

998 5253 1087 5301 ment.
1105 5247 1220 5316 praevio.

1032 5318 1086 5385 rte)
1101 5317 1178 5373 Alias
1193 5325 1222 5372 et
1233 5317 1335 5373 melius
1349 5314 1529 5370 Mersebarclr.

1032 5387 1087 5458 (15)
1103 5388 1171 5453 Quis
1181 5389 1226 5443 hic
1236 5389 1271 5442 sit
1282 5388 1374 5442 Beuuo
1384 5385 1556 5442 tlilclereeusie
1567 5388 1720 5456 episcopus,
1730 5385 1840 5440 nescio:

997 5467 1066 5528 poto
1100 5459 1220 5515 iudicari
1249 5461 1277 5516 S.
1302 5456 1499 5513 bernwardum
1525 5457 1682 5512 antistitem
1721 5455 1841 5513 llitdeee·

997 5544 1118 5584 matrerm.
1135 5532 1163 5587 S.
1183 5531 1296 5584 ilenrico
1306 5527 1395 5586 lidum
1407 5534 1436 5581 et
1449 5529 1579 5584 cbarnm.
