3878 6112
431 270 672 332 nocumenti
692 274 785 335 unul
805 274 858 331 XX.
878 304 913 315 -
934 276 1041 333 tinen
1060 277 1199 335 mistus.
1635 279 1689 335 sta

74 414 188 455 sacrum
205 397 390 470 propositum
404 397 691 469 transgredientibus,
704 403 734 453 et
747 397 822 452 ded
840 396 876 451 de
896 395 1084 468 principibus,
1109 400 1139 454 et
1160 396 1196 452 de
1210 397 1330 470 reliquis
1354 396 1445 467 laicis,
1461 404 1490 455 ot
1505 399 1541 456 de
1563 400 1689 456 ministe-

70 503 125 556 rne,
138 492 166 541 at
180 486 216 541 de
231 485 401 557 poenitentia
416 501 529 541 eornm.
839 484 883 539 rio
897 501 1006 541 corum.

94 575 167 631 liber
188 574 320 629 continet
341 574 376 629 de
393 573 553 645 virginibus
568 577 597 628 et
610 574 705 629 viduis
727 589 784 629 non
875 573 977 628 Sextus
1004 573 1133 629 decimus
1162 574 1234 630 liber
1256 574 1385 630 continet
1410 574 1445 630 de
1466 575 1687 643 accusatoribus,

71 662 109 720 de
123 662 286 735 raptoribus
309 676 420 728 earum,
441 667 471 717 et
492 662 528 717 de
543 663 725 733 separatione
741 678 786 717 eo·
839 661 874 716 de
887 661 1043 733 jndicibus,
1067 662 1103 717 de
1117 662 1327 730 defensoribus,
1344 664 1380 718 de
1403 662 1482 719 lalsis
1502 664 1632 732 testibus,
1660 668 1690 720 et

79 751 280 823 conjunctione
295 750 490 821 legitimorum
512 750 736 815 connubiorum,
751 751 786 807 de
840 749 876 805 de
890 751 1059 821 poenitentia
1074 750 1268 822 singulorum.

70 841 114 904 ris,
136 840 214 894 etde
236 838 473 910 transgressione,
489 844 519 894 et
539 840 711 911 poenitonlie
728 839 787 894 sin·
876 839 1021 910 Septimus
1045 839 1171 894 decimus
1186 840 1260 895 liber
1282 841 1408 896 continet
1428 840 1463 896 de
1485 840 1688 908 fornicatione,

70 970 82 985 ,.
841 931 871 983 et
891 927 998 982 incestu
1015 927 1119 982 diversi
1145 928 1268 1000 generis,
1292 934 1322 984 et
1342 929 1377 985 de
1391 929 1563 1001 poenitentia
1583 928 1689 984 ubine-

70 1033 108 1072 lns
131 1017 206 1071 liber
228 1017 357 1071 eontinet
381 1017 415 1071 de
440 1016 677 1084 incantatoribus,
703 1017 787 1072 etde
842 1032 1008 1087 quassans,
1028 1016 1190 1072 etdiversae
1204 1017 1305 1072 celatis.

70 1122 108 1169 us,
122 1105 157 1159 de
179 1104 296 1166 divinis,
309 1105 344 1159 de
359 1104 511 1176 sortilegis,
530 1109 560 1159 et
573 1105 608 1160 de
622 1104 708 1158 variis
720 1103 787 1159 illu·
877 1105 999 1160 Octavm
1021 1105 1149 1160 decimus
1172 1105 1244 1161 liber
1265 1105 1392 1161 continet
1411 1106 1446 1160 de
1471 1105 1640 1172 visitatione,
1662 1110 1691 1160 et

83 1192 201 1258 diaboli,
218 1193 295 1248 etde
318 1193 474 1259 maledicis,
489 1193 567 1247 etde
590 1192 787 1259 contentiosis,
843 1192 1023 1264 paenitentia,
1039 1199 1068 1248 et
1083 1193 1312 1249 reconciliatione
1324 1193 1516 1249 intirmorum.

70 1280 296 1352 inspiratoribus,
318 1281 397 1335 etde
413 1281 581 1351 paenitentia
595 1281 787 1352 singulorum.
879 1281 977 1336 Nonus
991 1281 1120 1336 decimos
1141 1282 1224 1349 liber,
1240 1282 1291 1353 qui
1312 1283 1460 1338 Corrector
1481 1285 1609 1350 voratur,
1622 1297 1691 1337 con·

70 1369 151 1425 imus
172 1369 245 1425 liber
265 1368 395 1425 continet
412 1369 447 1424 de
465 1368 746 1424 excommunicandis
762 1374 791 1425 ct
843 1371 917 1424 linet
940 1371 1131 1425 correctiones
1155 1386 1311 1441 corporum
1334 1375 1363 1425 et
1385 1371 1547 1425 animarum
1572 1369 1690 1425 medici·

70 1456 206 1518 ⁸unientis,
233 1457 267 1511 de
283 1457 404 1525 iuribus,
421 1456 500 1511 etde
521 1457 739 1528 proedatoribus,
761 1462 791 1512 et
845 1473 906 1518 nas,
923 1462 951 1511 et
965 1457 1050 1513 docet
1071 1473 1307 1530 unumquemque
1322 1458 1509 1524 sacerdotem,
1525 1457 1613 1512 etiam
1627 1457 1693 1512 sim·

70 1545 236 1617 sumptione,
254 1550 283 1600 et
304 1550 482 1616 contemptu,
499 1551 528 1600 et
545 1545 735 1617 negligentia,
762 1552 792 1601 ct
845 1545 959 1617 plicam,
975 1561 1032 1617 quo
1049 1547 1143 1611 rrrodo,
1160 1547 1202 1600 rel
1219 1546 1344 1618 qualiter
1358 1546 1514 1616 unicuique
1529 1560 1693 1599 succurrere

69 1631 182 1701 btione,
201 1636 230 1687 et
245 1631 415 1703 poenitentia
430 1647 540 1686 eorum.
807 1634 949 1729 Bvisleat,
978 1633 1120 1700 ordinato,
1152 1633 1195 1689 vel
1223 1634 1286 1688 sine
1311 1633 1423 1702 ordine,
1448 1632 1580 1704 pauperi,
1602 1629 1692 1693 diviti,

70 1719 168 1776 aimus
182 1719 256 1776 liber
266 1718 395 1775 continet
407 1718 443 1774 de
457 1717 597 1792 perjurio,
613 1723 641 1774 et
656 1718 691 1775 de
704 1721 791 1792 poeni-
846 1738 946 1793 puero,
983 1721 1093 1793 juveni,
1128 1723 1200 1785 seni,
1229 1721 1383 1796 decrepito,
1411 1735 1492 1790 sano,
1516 1720 1643 1786 infirmo,
1662 1716 1694 1771 in

74 1823 118 1864 us.
845 1809 925 1865 omni
941 1814 1037 1878 aetate,
1053 1811 1084 1865 in
1100 1817 1223 1882 utroque
1235 1826 1315 1866 seru.

70 1912 89 1951 rs
111 1896 239 1953 decimas
262 1895 336 1951 liber
358 1895 487 1952 continet
501 1894 537 1951 de
552 1894 748 1963 veneratione,
763 1901 792 1951 et
882 1898 1042 1969 vigesimus
1066 1899 1140 1955 liber
1162 1899 1398 1970 Speculationam
1426 1900 1565 1952 vocatur:
1591 1908 1695 1964 specu·

70 1984 144 2041 tione
157 1985 229 2039 sacri
238 1983 352 2056 jejunii.
848 1988 923 2041 latur
944 1986 1022 2041 enim
1035 1987 1070 2042 de
1087 1986 1280 2058 providentia,
1296 1993 1325 2041 et
1337 1986 1374 2041 de
1388 1979 1641 2058 predestinatione
1653 1978 1696 2034 di·

70 2089 102 2127 us
113 2068 242 2128 decimus
256 2072 328 2127 liber
339 2071 468 2128 continet
482 2071 653 2144 decrapula,
664 2076 693 2127 et
704 2070 793 2127 ebrie·
846 2074 925 2143 vina,
939 2079 969 2129 et
981 2073 1017 2129 de
1030 2074 1153 2129 adventu
1175 2073 1350 2140 endebristi,
1365 2073 1400 2128 de
1418 2073 1481 2143 ejus
1496 2067 1643 2141 operibns,
1659 2066 1695 2121 de

69 2160 106 2218 de
119 2161 290 2234 poenitentia
305 2176 418 2216 eoram.
847 2161 1066 2228 resurrectione,
1092 2163 1127 2218 de
1142 2162 1188 2218 die
1200 2162 1314 2234 judicii,
1329 2161 1365 2216 de
1387 2157 1577 2215 infernalibus
1590 2152 1694 2228 poenis,

70 2266 105 2306 us
118 2249 247 2305 decimus
260 2250 334 2307 liber
353 2249 483 2306 continet
498 2250 533 2304 de
560 2248 791 2321 imperatoribus,
850 2251 886 2306 de
899 2250 1034 2306 felicitate
1050 2255 1199 2323 perpetua
1210 2252 1286 2308 vitm.

512 2388 617 2444 INDEX
636 2388 885 2447 caprimontis
903 2390 998 2446 LIBRI
1018 2391 1127 2447 putul.

85 2512 167 2578 Quod
194 2512 225 2568 in
252 2514 329 2570 Novo
352 2514 532 2569 Testamenta
559 2518 626 2584 post
648 2512 794 2570 Christum
847 2515 940 2570 livill.
958 2515 1040 2580 Quod
1061 2530 1112 2583 per
1124 2513 1232 2585 gradus
1255 2511 1471 2578 ecclesiasticos,
1486 2509 1523 2565 ad
1543 2504 1696 2579 episcopa·

69 2616 138 2656 nom
165 2605 296 2656 nostrum
324 2616 342 2656 a
366 2602 451 2656 Petro
474 2600 659 2655 sacerdotalis
677 2600 795 2671 coeperit
883 2608 930 2657 tus
946 2603 1049 2659 debeat
1063 2603 1191 2658 ol'fieium
1203 2602 1357 2673 perveniri.

761 2709 765 2714 ’
846 2693 913 2748 xlx.
932 2694 967 2748 lit
982 2693 1082 2747 laicam
1097 2692 1332 2747 commonionem
1348 2706 1406 2745 non
1426 2685 1555 2759 accipiat,
1579 2680 1630 2756 qni
1644 2695 1697 2753 per

70 2776 205 2848 rivilegio
219 2777 302 2832 besto
321 2778 405 2832 Petro
422 2775 536 2833 Domini
558 2775 619 2831 vice
632 2777 795 2832 solummo-
883 2781 1071 2836 ambitionem
1085 2780 1281 2852 episcopatum
1295 2777 1447 2850 acceperit.

71 2867 199 2933 mmisso,
215 2866 290 2921 etde
313 2865 483 2921 discretione
495 2865 653 2937 potestatis,
667 2881 732 2936 ques
747 2866 793 2922 in-
847 2870 899 2925 xx.
914 2869 996 2934 Quod
1020 2868 1170 2940 episcopos
1194 2884 1255 2923 esse
1278 2883 1335 2923 noo
1361 2864 1462 2939 possit,
1484 2861 1536 2936 qni
1550 2859 1696 2916 nesciente

70 2952 181 3008 sostolos
195 2953 258 3008 tuit
886 2957 1108 3028 metropolitano
1121 2963 1302 3012 consecratus
1315 2954 1410 3012 inerit.

70 3056 193 3097 summus
213 3041 344 3097 sacerdos
359 3057 418 3097 non
430 3045 547 3096 vocetur
562 3041 709 3098 Romanus
725 3057 797 3114 pon·
812 3008 833 3065 c
850 3046 917 3101 xxi.
931 3046 972 3101 Ne
987 3045 1112 3118 episcopi
1128 3061 1179 3118 per
1195 3044 1387 3100 Simonincam
1400 3039 1533 3098 heresim
1548 3032 1697 3109 regiminis

81 3130 248 3202 sedprimus
263 3129 338 3186 sedis
352 3130 513 3201 episcopas.
887 3134 982 3188 locum
998 3133 1155 3189 obtineant.

70 3218 90 3274 d
105 3218 259 3291 bipertitus
273 3221 312 3274 sit
326 3219 396 3275 ordo
411 3219 601 3275 sacerdotnm.
851 3222 930 3278 xxii.
946 3223 987 3278 De
1002 3221 1048 3278 bis
1070 3221 1122 3294 qui
1137 3220 1229 3293 prelio
1253 3235 1364 3276 sacram
1377 3214 1497 3274 mercati
1520 3217 1588 3271 sunt
1603 3209 1699 3284 digni·

70 3323 109 3363 on
128 3307 203 3376 laici,
219 3324 272 3363 noc
290 3307 409 3378 bigami,
435 3323 494 3363 non
516 3307 667 3363 viduarum
690 3306 796 3376 mariti,
887 3315 985 3366 tatem.

70 3396 319 3465 reprehensibiles
334 3396 504 3452 ordinentur
516 3395 655 3467 episcopi.
851 3399 943 3455 xxlll.
958 3400 998 3454 De
1011 3400 1112 3455 eadem
1128 3413 1168 3455 re.

70 3483 131 3539 lum
153 3484 305 3555 episcopus
318 3483 445 3555 eligitur,
462 3483 485 3538 si
509 3482 731 3539 contradictores
745 3483 797 3538 ba·
852 3487 941 3544 xxiv.
962 3487 1045 3553 Quod
1059 3503 1118 3543 non
1134 3491 1266 3558 oporteat
1279 3482 1476 3540 ordinationes
1498 3481 1700 3554 episcoporum

78 3572 207 3645 quinquo
222 3573 350 3644 episcopi
364 3572 544 3627 conveniant.
888 3576 938 3630 diu
952 3574 1071 3631 differri.

72 3661 118 3730 od,
134 3663 299 3718 nolentibus
316 3661 427 3717 clericis
441 3663 486 3717 vel
499 3660 625 3734 populis,
648 3676 734 3716 nemo
748 3660 798 3717 de·
852 3664 927 3721 XXV.
945 3665 984 3720 [le
1006 3663 1235 3719 ordinationibus
1249 3661 1450 3734 episcoporum
1470 3657 1522 3713 diu
1535 3652 1701 3711 differendis

70 3749 216 3823 episcopos
228 3750 367 3807 ordinari.
889 3751 1019 3808 minima

70 3837 106 3903 lui
133 3838 260 3912 episcopi
288 3844 356 3895 sunt
382 3837 546 3906 ordinandi,
572 3836 651 3910 quod
677 3837 801 3893 debeant
853 3841 942 3897 xxvi.
967 3840 1086 3905 Quando
1107 3837 1173 3912 qais
1196 3837 1297 3895 debeat
1311 3854 1329 3892 a
1342 3833 1443 3890 vicinis
1463 3831 1618 3906 provincie
1639 3828 1702 3901 epi·

83 3928 251 3985 examinari.
890 3927 984 4000 acopis
997 3926 1135 3984 ordinari.

74 4016 203 4089 episcopi
226 4015 443 4088 diligentissime
467 4015 627 4087 probentur
645 4020 800 4086 antequam
854 4017 956 4073 xxvii.
988 4017 1022 4072 Ut
1054 4015 1204 4087 episcopos
1236 4028 1295 4068 non
1314 4014 1496 4067 consecretur
1521 4008 1583 4065 sine
1610 4006 1702 4063 tribns

70 4110 168 4162 rantur.
890 4104 1043 4177 episcopis.

70 4194 204 4268 lpopulo
227 4211 286 4250 non
307 4195 394 4251 liceat
407 4209 458 4267 por
472 4210 502 4249 se
516 4194 695 4250 sacerdotum
708 4194 802 4251 lacere
854 4194 968 4250 xxviii.
987 4193 1022 4249 Ut
1041 4191 1193 4265 episcopus
1207 4205 1267 4246 non
1289 4186 1387 4245 minus
1410 4203 1498 4260 quam
1513 4203 1531 4242 a
1544 4184 1636 4242 tribus
1653 4199 1703 4240 or·

70 4299 137 4341 ines.
817 4290 840 4345 1)
862 4344 865 4352 γ
894 4282 1021 4350 dinotor,
1035 4287 1071 4346 et,
1087 4281 1111 4336 si
1125 4280 1187 4337 deri
1201 4279 1299 4353 possit,
1315 4271 1547 4349 archiepiscopus
1562 4275 1597 4331 ab
1613 4273 1704 4330 omni·

70 4373 97 4430 ld
119 4388 179 4428 non
199 4373 360 4428 habeantur
383 4370 521 4443 episcopi,
544 4387 615 4443 qnos
638 4387 692 4428 uec
710 4373 803 4427 cleros
893 4371 948 4426 bus
960 4369 1258 4442 comprovincialibus.

70 4461 193 4533 populus
213 4461 310 4533 elegit,
334 4476 387 4516 nec
409 4459 663 4532 comprovinciales
678 4459 804 4533 episcopi
857 4460 945 4516 xxix.
974 4460 1014 4514 De
1037 4459 1173 4530 episcopo
1199 4457 1251 4530 qni
1275 4455 1365 4512 alium
1391 4453 1452 4510 sine
1480 4469 1532 4509 sna
1558 4451 1705 4508 voluntate

70 4553 204 4605 rcmrant.
622 4548 625 4553 '
894 4547 1060 4619 episcopum
1077 4545 1268 4602 ordinaverat.

70 4635 123 4734 Μ·
138 4635 231 4690 ”unffi
251 4634 379 4691 ”difflui
394 4634 545 4707 θΡῘΜΟῙ)118
569 4634 681 4702 debeat,
697 4634 753 4691 ”5⁸1
769 4652 803 4690 ⁰¹
857 4655 922 4710 xxx
947 4654 986 4708 De
1009 4653 1168 4725 abjectione
1183 4651 1255 4724 ejas,
1278 4665 1365 4721 quem
1389 4650 1445 4705 duo
1469 4644 1704 4720 presumpserint

70 4729 193 4780 ”mm-
894 4741 1027 4797 ordinere
1040 4739 1178 4814 episcopi.

70 4812 156 4869 ”ab
176 4813 226 4885 qni
241 4811 320 4884 accip
323 4829 333 4867 ¹
333 4818 387 4869 ¹¹⁰²
401 4811 542 4912 'eiimim
562 4812 759 4880 Ecdwum’
775 4816 804 4868 οἱ
856 4849 942 4905 xxxl.
960 4848 999 4903 De
1012 4864 1068 4903 non
1091 4844 1259 4903 ordinandis
1274 4843 1415 4916 episcopis
1438 4860 1491 4917 per
1505 4843 1581 4897 vicos
1595 4844 1624 4897 et
1646 4854 1705 4894 mo·

70 4916 108 4957 los
122 4901 198 4956 isstu
212 4903 355 4975 superbae
368 4902 588 4974 parvipendunt.
894 4937 970 4992 dim
981 4937 1118 4993 emme&

70 4991 146 5046 lillis
159 4990 300 5063 episcopis
314 4991 365 5062 qui
380 4990 528 5062 superbire
542 4989 694 5062 incipiunt.

70 5079 104 5135 od
129 5079 326 5135 ordinationes
350 5079 551 5151 episcoporum
573 5078 730 5148 apostolica
750 5093 802 5134 au·
857 5041 958 5098 mu·
975 5041 1014 5095 ⁰⁰
1029 5040 1184 5158 ‘mimum'
1311 5117 1313 5120 ι
1505 5140 1510 5152 Ι

71 5172 118 5224 ge,
153 5185 170 5224 a
201 5168 311 5225 cuncti,
340 5166 627 5241 comprovincialibus
656 5166 719 5222 fleri
751 5166 802 5222 de·
858 5148 972 5205 xxxiii.
990 5149 1030 5203 lle
1054 5147 1175 5202 Wamba
1195 5160 1263 5218 rege
1283 5145 1440 5211 Gallorum,
1462 5158 1513 5214 qur
1536 5138 1703 5197 contraca-

70 5261 86 5312 ι
894 5252 983 5292 nones
1012 5234 1044 5291 in
1075 5235 1199 5307 quadam
1233 5234 1331 5289 villula
1360 5232 1557 5304 episcopatum
1587 5229 1704 5298 fecerat,

70 5360 76 5401 ι
98 5343 190 5403 laicas
204 5344 254 5402 dat
268 5344 418 5419 episcopus
440 5350 505 5401 ante
522 5343 641 5416 triginta
655 5360 758 5411 annos,
774 5348 803 5400 et
893 5323 1300 5398 q⁰⁰m⁰⁶⁰⁸¹1¹¹1¹¹l³lum0⁸b

70 5433 137 5490 anni
150 5433 376 5490 conversionem.
858 5432 966 5488 auxil.
990 5432 1025 5487 Ut
1039 5430 1120 5502 plebs
1141 5445 1207 5500 «ruse
1230 5443 1380 5500 nunquam
1403 5426 1505 5484 babuit
1523 5426 1700 5499 episcopum,

70 5521 180 5579 etnicis
192 5538 253 5579 non
268 5521 536 5579 temerelaciendos
551 5521 711 5594 episcopos.
892 5520 948 5575 nisi
963 5535 996 5575 er
1011 5534 1153 5575 consensu
1172 5533 1231 5573 non
1245 5516 1359 5573 babeat.
