3878 6112
424 312 665 372 oecuutonmt
685 314 778 371 elatu
797 313 852 371 XX.
872 344 907 355 -
926 315 1034 373 staua
1053 316 1245 376 SECUNDUS.
1660 324 1713 381 634

70 435 110 493 bl.
125 465 160 477 -
176 436 218 491 De
239 436 356 505 quodum
377 439 500 508 episcopo
520 441 568 508 qui
582 440 694 494 atterius
706 437 848 509 eptem-A
1077 441 1143 497 Cae.
1159 441 1236 498 XLV.
1253 469 1286 482 -
1302 443 1341 497 De
1355 442 1448 499 eodem
1464 458 1503 498 re.

108 509 141 578 l'i'
150 508 287 574 limma
301 510 457 575 00'1010'1‘22
472 510 657 565 Wdifflll‘ffl‘·
897 532 952 598 (Ec
966 545 1040 587 couc.
1055 531 1180 599 laodic,
1194 547 1254 602 cop.
1274 533 1333 603 lt.)
1346 531 1427 597 Quod
1441 548 1501 587 non
1516 537 1647 604 oporteat
1661 550 1708 588 sa·

79 614 174 670 concil.
199 615 304 681 Atria,
321 630 381 685 cop.
405 618 463 682 lt.)
479 616 636 688 Epigonius
659 616 808 688 episcopus
861 619 1018 688 cerdotem,
1033 620 1077 675 sel
1092 620 1238 687 clericum,
1254 621 1316 677 sina
1340 621 1443 677 litteris
1461 621 1604 694 proficisci
1625 639 1716 678 cano·

72 703 106 757 ln
132 703 229 756 multis
252 703 379 757 conciliis
402 704 458 759 hoc
482 710 620 761 statutum
646 711 697 773 est,
721 705 808 760 etiam
862 707 944 762 nicia.

70 806 108 847 oc
126 791 354 846 confirmandum
371 798 414 848 est
428 810 445 848 a
465 799 560 849 vestra
572 795 738 866 prudentia,
751 793 808 849 lra-
864 797 930 854 Car.
951 798 1039 852 xtvt.
1055 827 1091 839 -
1107 799 1141 852 Ut
1155 800 1275 868 quisque
1297 799 1440 854 ordinatus
1462 800 1568 855 litteras
1583 800 1619 859 ab
1640 802 1715 857 ordi·

69 879 202 948 atissimi,
217 886 249 935 ut
263 881 397 936 clericum
414 883 540 938 alienum
555 885 652 938 nullus
668 884 723 939 sibi
738 901 809 956 prae·
1119 911 1122 915 ·
1138 875 1234 924 'istim
1245 884 1294 924 ⁸¹⁴⁰
1309 873 1437 939 miliat·

70 971 222 1041 episcopus,
245 976 352 1041 praeter
366 972 427 1042 ejus
451 973 603 1028 arbitrium
618 975 701 1045 cujus
723 974 811 1031 luerit
900 959 953 1021 tna
971 971 1043 1012 im·
1065 957 1229 1025 militamt
1247 973 1309 1028 cop.
1334 957 1389 1029 ¹4·)
1413 957 1522 1014 ὓθῑῦἆθ
1547 960 1665 1031 placuit,
1683 966 1716 1016 ui

70 1075 91 1113 ,ι
116 1059 184 1115 Dico
199 1066 294 1115 autem
309 1061 467 1129 yufianum,
483 1063 533 1134 qui
554 1062 686 1135 ingratus
701 1069 744 1120 „st
761 1064 811 1120 Dei
864 1045 1030 1119 quicunque
1053 1047 1188 1118 deinceps
1201 1046 1237 1101 ab
1253 1047 1394 1119 episcopis
1409 1047 1590 1118 ordinantur,
1605 1049 1715 1104 litteras

70 1146 110 1202 ἡ),
132 1165 184 1219 per
207 1164 301 1202 meam
327 1149 498 1220 parvitatem
524 1151 554 1205 jn
569 1168 599 1206 ω
623 1153 743 1217 conaus,
771 1154 812 1208 im
863 1135 1006 1206 accipiant
1029 1135 1066 1190 ab
1090 1135 1303 1190 ordinatoribus
1327 1136 1393 1199 suis,
1413 1152 1502 1191 manu
1523 1153 1624 1192 eorum
1647 1138 1716 1193 sob-

70 1236 514 1309 flumptfludaoemexsffljffl,
533 1246 646 1297 „teum
667 1242 718 1315 qui
737 1259 811 1298 ,me
865 1222 992 1295 scriptas,
1021 1224 1204 1278 continentes
1229 1239 1340 1279 anniam
1369 1223 1484 1278 Domini
1511 1229 1539 1280 et
1566 1225 1654 1295 diem,
1684 1231 1715 1281 ut

70 1328 123 1380 nug
147 1330 199 1393 esi,
227 1341 292 1381 cum
317 1331 391 1383 esset
406 1344 478 1399 puer
501 1329 714 1399 mmmmm·
739 1331 811 1387 mihi
866 1312 950 1367 uultu
978 1311 1125 1366 altercatio
1152 1312 1187 1367 de
1214 1311 1423 1384 posterioribus
1448 1312 1494 1368 sel
1521 1313 1715 1369 anterioribus

70 1413 129 1470 lem
151 1416 382 1481 commendatus,
411 1431 535 1489 cumque
559 1418 656 1474 multis
680 1419 764 1473 annis
794 1434 811 1472 a
865 1400 983 1455 “iamf-

69 1508 159 1573 retur,
182 1508 269 1575 atque
284 1503 465 1573 incresceret,
481 1507 569 1575 bunc,
586 1510 619 1563 ut
632 1507 701 1568 dixi,
716 1506 810 1579 bapti·
865 1489 930 1544 CAP-
955 1487 1058 1544 ΧῙΝῙῙ·
1086 1518 1119 1527 ·
1144 1490 1178 1543 Ui
1206 1488 1350 1545 &dinami
1378 1491 1493 1558 lviiii&
1516 1492 1547 1544 ²³²
1569 1489 1626 1545 ''lit't
1649 1491 1714 1546 1⁰⁰ss

83 1592 195 1647 esseio
218 1593 338 1648 ecclesia
360 1609 426 1649 mea
448 1611 500 1666 per
522 1612 639 1652 manum
662 1596 811 1668 parvitatis
1036 1561 1244 1630 pmmmd
1258 1575 1319 1629 W
1333 1560 1539 1659 mimmii&
1577 1647 1583 1659 .
1628 1626 1631 1631 ⁴

70 1684 161 1735 onstat
176 1697 183 1735 :
200 1679 276 1736 idem
291 1681 322 1736 in
334 1682 450 1738 diaecesi
466 1684 630 1756 blepaliensi
646 1687 735 1742 lector
748 1702 810 1742 esse
902 1650 956 1714 (Ex
968 1663 1041 1702 mm·
1058 1648 1164 1715 ‘ium’
1181 1663 1241 1720 ⁰⁰¹3·
1257 1647 1298 1717 υ
1313 1649 1353 1703 ⁰⁰
1370 1646 1415 1701 ¹¹¹³
1427 1664 1477 1719 ‘¹¹¹¹
1492 1664 1525 1702 ¹¹¹
1535 1648 1714 1718 q⁰¹b¹¹⁵⁰⁸¹¹¹”

70 1771 98 1838 ¹²,
122 1768 180 1823 imo
194 1768 278 1825 annis
292 1770 382 1826 ferme
404 1771 516 1828 duobus
539 1775 657 1845 legem,
674 1791 742 1831 mm
757 1792 807 1831 ne·
825 1722 846 1777 Β
865 1751 921 1808 qua
935 1735 1006 1790 locis
1018 1734 1145 1791 ordinati
1158 1735 1269 1790 luerint
1284 1734 1420 1801 ministri,
1436 1735 1468 1789 in
1480 1734 1551 1806 ipsis
1562 1734 1634 1790 locis
1647 1750 1713 1805 per·

70 1870 94 1912 io
106 1862 270 1929 contemptu
284 1859 493 1917 immanissimo
508 1861 585 1918 idem
597 1863 727 1919 Julianus
742 1881 810 1921 eum
864 1840 1059 1969 xxm„
1093 1941 1129 1954 -
1150 1916 1188 1968 De
1245 1913 1369 1984 ΜΘΝ
1429 1913 1602 1978 imm
1628 1914 1714 1980 sum,

70 1948 94 2013 .t,
119 1961 206 2016 quem
228 1946 333 2003 dicitur
361 1949 444 2020 quasi
466 1951 618 2022 proprium
645 1950 737 2007 civem
765 1955 810 2009 sui
922 1957 927 1968 “
1018 1955 1165 2052 many,
1184 1927 1559 2055 offimuommquoeavmt.

70 2033 207 2089 azaritani
234 2050 280 2091 me
308 2036 473 2092 inconsulto
502 2055 652 2111 usurpare.
681 2041 753 2096 Nam
781 2047 810 2097 et
900 2072 957 2139 (3oe
980 2072 1074 2127 concil·
1103 2071 1236 2128 Cabum

70 2138 111 2177 em
126 2123 209 2179 illum
233 2125 387 2181 ordinavit.
405 2128 462 2182 lloc
475 2127 499 2181 si
520 2128 615 2196 liceat,
631 2133 728 2200 pateat
749 2130 810 2186 hac

70 2228 78 2266 ι
97 2212 218 2280 arobis,
244 2212 403 2270 beatissimi
424 2216 534 2271 iratres.
551 2216 601 2272 Sin
625 2217 730 2287 minus,
750 2224 809 2275 tam

70 2316 115 2355 ens
140 2300 319 2370 cohibeatur,
348 2318 384 2359 ne
413 2321 442 2359 se
470 2305 589 2360 misceat
611 2306 810 2361 communioni

70 2403 143 2443 uam.
158 2389 308 2446 Numidius
323 2391 577 2462 episcopusdixit:
590 2392 630 2462 si,
644 2409 703 2448 non
716 2398 810 2465 postu·

70 2482 129 2548 'que
144 2479 275 2533 consulta
288 2484 337 2534 tua
349 2480 528 2551 dignatione,
544 2481 572 2537 id
589 2481 702 2537 videtur
712 2481 810 2538 iecisse

70 2577 102 2631 is,
128 2563 294 2634 judicamus
321 2582 422 2622 omnes
450 2568 549 2640 inique
576 2571 695 2640 iactum,
725 2576 810 2644 atque

1241 2087 1332 2141 ,cop
1360 2071 1399 2141 5.)
1424 2071 1454 2126 Si
1478 2071 1542 2143 quis
1564 2071 1714 2143 presbyter

864 2165 930 2215 ente
952 2153 1162 2216 ordinationem
1181 2160 1351 2231 peccaverit,
1371 2164 1476 2231 etpost
1499 2159 1712 2215 ordinationem

863 2255 1014 2320 peccatum
1036 2249 1184 2304 confessus
1199 2249 1295 2317 luserit,
1310 2249 1388 2320 quod
1409 2253 1476 2303 ante
1491 2247 1639 2314 erraverit,
1653 2264 1712 2302 non

864 2337 976 2405 offerat,
996 2336 1046 2392 sed
1069 2342 1181 2392 tantum
1194 2353 1246 2407 pro
1262 2337 1400 2408 religione
1423 2352 1530 2392 nomen
1553 2336 1714 2408 presbyteri

864 2431 970 2499 portet.
999 2427 1028 2482 Si
1053 2430 1148 2482 autem
1172 2442 1232 2482 non
1259 2427 1320 2497 ipae
1342 2427 1498 2496 confessus,
1527 2424 1577 2480 sed
1599 2424 1634 2479 ab
1656 2424 1712 2480 alio

864 2513 978 2587 publice
1001 2513 1090 2570 luerit
1111 2514 1269 2582 convictus,
1294 2531 1347 2569 neo
1367 2515 1423 2570 boc
1436 2514 1532 2586 ipsum
1553 2512 1658 2567 hebeat
1681 2515 1713 2567 ut

864 2618 971 2659 nomen
993 2603 1153 2674 presbyteri
1172 2608 1278 2674 portet.
1294 2602 1432 2658 Similiter
1446 2608 1475 2658 et
1489 2602 1524 2657 de
1546 2599 1713 2656 diaconibus

70 2667 94 2707 ⁰¹
119 2653 300 2725 ⁰⁰⁸Pr⁰pter
322 2655 377 2710 ”m
401 2656 490 2756 idm,
505 2658 635 2713 'unm’
656 2661 812 2760 ⁰⁰ff⁰¹⁰fit
865 2689 1076 2745 observandum
1100 2694 1152 2758 est,
1167 2695 1199 2745 ut
1211 2690 1236 2745 si
1259 2690 1319 2762 ipse
1342 2691 1487 2747 confessus
1511 2690 1609 2757 fuerit,
1634 2688 1712 2744 ordi·

70 2755 90 2795 n
114 2757 210 2807 sunm,
226 2745 255 2797 et
275 2758 341 2798 cum
356 2743 550 2800 satisfactione
565 2748 700 2803 eumdem
724 2749 811 2804 clem·
865 2793 933 2833 nem
948 2777 1115 2834 subdiaconi
1129 2778 1262 2833 retineat·

70 2844 142 2901 [uem
166 2829 261 2885 fuerat
283 2847 370 2886 aursus
396 2833 541 2897 ordinare,
565 2837 740 2892 revocaverit
753 2841 811 2892 tuae
1100 2865 1155 2923 c„
1178 2867 1256 2922 mx
1283 2897 1312 2907 ,,
1329 2867 1476 2923 „mm

79 2922 179 2972 contra
208 2923 314 2974 statuta
343 2919 454 2975 concilii
483 2921 601 2990 iaciens,
625 2924 811 2980 contumacia
902 2953 958 3023 (E,
979 2953 1072 3009 my
1100 2908 1309 3011 mm&
1343 2969 1395 3024 cap
1438 2956 1485 3014 8·t
1512 2954 1534 3008 p

70 3007 321 3076 epamtusanobis
340 3008 462 3079 excipiet
481 3010 635 3081 judicium.
653 3000 846 3084 EpigoniusC
1311 2993 1319 3021 ’
1402 2996 1408 3008 ’
1475 3016 1479 3024 ’

70 3108 118 3165 pus
141 3095 212 3150 dixit
233 3111 240 3149 τ
259 3097 350 3152 AEtate
374 3102 467 3168 pater,
491 3104 520 3154 et
543 3100 605 3171 ipsa
628 3101 812 3172 promotione

70 3182 198 3251 issimus,
215 3185 259 3239 vir
283 3185 446 3255 laudabilis,
471 3188 559 3244 irater
584 3194 612 3243 et
627 3191 737 3262 college
759 3207 812 3246 no-

70 3271 148 3341 ictor,
171 3274 233 3329 vult
246 3273 319 3329 hanc
342 3276 510 3347 petitionem
532 3281 695 3349 generalem
718 3280 810 3336 omni-

70 3360 117 3416 ici.

1535 2950 1663 3023 resbyter
1688 2951 1712 3006 si

867 3046 1083 3114 preoccupatus
1113 3041 1258 3113 corporali
1290 3047 1407 3115 peccato
1437 3045 1651 3113 promoveatur,
1672 3043 1713 3097 >at

867 3131 1013 3186 confessus
1035 3131 1123 3186 luerit
1138 3132 1174 3187 de
1198 3146 1228 3186 sa
1244 3130 1323 3202 qood
1346 3133 1412 3185 ante
1427 3129 1649 3198 ordinationem,
1665 3128 1713 3183 de·

866 3219 994 3291 liquerit,
1021 3219 1116 3274 oblate
1135 3235 1192 3274 uon
1218 3224 1372 3286 consecret,
1398 3234 1517 3275 manens
1539 3218 1571 3274 in
1594 3215 1714 3289 reliquis

866 3307 967 3363 officiis
990 3312 1108 3380 propter
1123 3308 1252 3364 studium
1273 3308 1391 3363 bonum.
1408 3307 1490 3374 Quod
1504 3306 1528 3362 si
1552 3306 1587 3362 de
1608 3321 1638 3360 sa
1653 3305 1714 3376 ipse

865 3413 925 3452 non
949 3397 1036 3452 luerit
1062 3397 1217 3464 confessus,
1241 3402 1270 3452 et
1295 3396 1379 3468 argui
1402 3395 1553 3452 manifeste
1575 3395 1713 3467 nequive-

70 3465 464 3526 ¹¹¹¹·“m'10m00lfflfflm
489 3473 609 3528 “limum
628 3475 813 3543 suscipiatis·
866 3484 913 3552 rit,
933 3484 1081 3556 potestatis
1097 3501 1157 3539 suae
1168 3484 1277 3557 judicio
1289 3485 1481 3556 relinquatur.

200 3542 382 3597 'mmmm
393 3544 584 3642 ⁸¹⁸5³P5³⁶⁰l²53
702 3631 708 3642 ,
866 3573 931 3629 Cir.
947 3573 977 3628 L.
997 3601 1032 3614 -
1054 3575 1087 3628 Ut
1101 3573 1192 3628 uultus
1212 3573 1354 3644 presbyter
1377 3572 1478 3642 absque
1500 3570 1714 3627 sacerdotalibus

70 3639 140 3682 conc.
158 3627 299 3698 comico,
317 3644 377 3699 cop.
395 3632 452 3698 eo.)
469 3631 504 3686 Ut
517 3632 654 3686 clericum
672 3632 810 3699 alienum,
1074 3645 1241 3699 vestimentis
1254 3646 1367 3698 missam
1386 3643 1509 3698 celebret.

70 3714 215 3772 incedente
231 3718 347 3789 proprio
369 3719 515 3791 episcopo,
541 3735 626 3774 Demo
650 3721 753 3776 altdeni
768 3721 811 3776 vel
903 3733 955 3800 (Ex
970 3731 1065 3788 concil,
1090 3733 1223 3798 steinensi,
1246 3747 1307 3801 cap,
1324 3731 1364 3800 4,)
1383 3732 1420 3786 Ut
1447 3729 1542 3786 nullus
1564 3729 1714 3802 presbyter

70 3817 106 3870 Ὀ,
136 3804 180 3858 V0¹
207 3821 378 3875 lls⁰m⁰lef⁰
407 3805 437 3860 5¹1
467 3806 585 3861 0⁰⁰¹0³i³
610 3807 663 3862 Sibi
692 3808 809 3878 credita,
866 3820 973 3891 ubsque
996 3818 1114 3885 amictu,
1141 3819 1216 3886 alba,
1231 3824 1261 3873 et
1281 3818 1364 3885 stola,
1388 3817 1546 3884 attenuas,
1570 3822 1599 3871 et
1617 3817 1714 3872 casula

70 3905 131 3946 ΝΜ
153 3897 248 3947 ³⁰²0m
262 3909 369 3949 “0³¹⁰ss
394 3894 481 3949 etim
495 3894 625 3964 ¹0⁰i⁰l0⁵s
650 3899 680 3951 ei
693 3897 811 3966 Pffllmi·
865 3909 1010 3964 ullatenus
1024 3913 1181 3980 praesumat
1193 3907 1310 3962 missam
1333 3907 1478 3962 celebrare
1494 3923 1501 3962 ε
1517 3911 1546 3961 et
1559 3905 1620 3961 baec
1634 3921 1714 3960 sacra

70 3979 193 4035 *02531'55
206 3981 339 4037 fetissffllb
865 3997 1034 4052 vestimento
1050 3995 1240 4051 mundissima
1258 3995 1326 4062 sint,
1355 4000 1383 4050 et
1404 3995 1435 4050 in
1449 3994 1541 4050 nitido
1562 3995 1625 4049 loco
1639 3993 1714 4048 iolra

70 4085 139 4141 [ΙΙΙ.
156 4116 191 4129 -
216 4090 250 4143 Ut
270 4089 361 4143 nullas
384 4091 524 4159 episcopus
545 4091 662 4146 alienum
686 4091 811 4147 clericum
865 4085 1015 4141 ecclesiam
1036 4085 1215 4141 collocentur
1239 4100 1471 4157 :necunquam
1496 4084 1645 4157 presbyter
1667 4082 1713 4138 bis

128 4159 186 4212 ‘W
198 4158 298 4214 immi
313 4162 433 4230 θΡῗδΰθΡῑ
446 4162 490 4215 Μ’
502 4164 645 4231 suscipiat,
864 4174 985 4230 indutus
999 4180 1078 4229 extra
1101 4173 1251 4230 ecclesiam
1273 4179 1357 4231 exeat
1374 4191 1380 4230 :
1397 4173 1535 4246 quiahoc
1559 4172 1654 4228 divina
1668 4173 1713 4229 lex

73 4245 162 4301 codun
184 4262 268 4314 conc,
292 4263 352 4318 cop.
376 4249 412 4319 6.)
432 4249 561 4304 Privatus
585 4249 736 4322 episcopus
760 4252 847 4330 Be-lj
865 4262 1008 4333 prohibet,

70 4347 134 4387 mus
157 4333 249 4389 dixit:
267 4334 397 4408 suggero
424 4336 567 4391 sanctitati
582 4342 682 4393 vestrm
705 4344 738 4393 ut
752 4342 810 4393 sta·
865 4351 930 4407 eff,
947 4351 989 4406 1,1,
1007 4379 1039 4392 -
1066 4351 1225 4407 neotericus
1247 4353 1320 4407 inter
1335 4352 1494 4406 tentationes
1508 4350 1543 4405 ab
1556 4351 1713 4420 officiosae

70 4434 124 4474 non
139 4419 223 4475 licere
238 4422 373 4478 clericum
393 4424 519 4479 alienum
535 4425 570 4479 ab
586 4424 682 4497 aliquo
705 4425 810 4498 suscipi
1227 4422 1350 4478 declinet.

70 4507 144 4562 lteris
156 4510 284 4581 episcopi
302 4512 357 4579 sui,
374 4528 468 4584 neque
484 4512 561 4585 apud
575 4529 604 4569 se
620 4514 744 4568 retinere
759 4531 811 4569 nec
902 4513 954 4576 (ar
968 4509 1064 4567 concii
1085 4510 1237 4580 cartura,
1257 4526 1317 4581 cop.
1335 4512 1391 4578 50.)
1407 4509 1547 4567 clericum
1562 4508 1637 4564 inter
1648 4512 1713 4564 ten·

84 4611 225 4667 usurpare
240 4598 294 4653 sibi
306 4599 341 4655 de
355 4601 440 4671 plebe
451 4602 555 4670 aliena,
568 4608 601 4658 ut
615 4618 682 4658 eum
699 4603 812 4658 ordinet
865 4599 989 4654 tationes
1001 4598 1037 4653 ab
1047 4598 1142 4654 officio
1157 4599 1359 4666 declinantem,
1371 4599 1415 4653 vel
1425 4598 1617 4670 negligentius
1628 4613 1714 4669 agen·

70 4685 213 4741 pacientia
228 4688 289 4757 ejus
313 4688 349 4742 do
364 4690 445 4761 cujus
458 4691 542 4762 plebe
566 4696 616 4746 est.
634 4692 735 4748 Gratus
749 4692 811 4764 epi·
864 4692 935 4758 tenu,
950 4686 1061 4759 abipso
1077 4687 1173 4743 olilcio
1187 4688 1288 4742 dicunt
1301 4687 1518 4742 removendum.

94 4772 165 4828 dixit
180 4791 188 4828 :
203 4776 260 4830 Hoc
284 4777 434 4833 observare
458 4795 558 4849 pacem
581 4781 712 4836 custodit.
740 4782 810 4837 Nam
866 4795 929 4850 (Ἀρ,
947 4795 1002 4849 ffl,
1026 4823 1061 4835 -
1087 4795 1120 4849 [tt
1140 4795 1227 4848 omni,
1245 4792 1387 4862 presbyter
1408 4795 1438 4847 a„
1458 4808 1510 4848 gua
1530 4793 1712 4848 mmmm.

70 4876 119 4915 osa
142 4863 257 4918 concilii
278 4865 451 4920 sanctissimi
476 4867 656 4923 sardinensis
678 4869 813 4925 similiter
976 4865 1048 4934 pulis
1063 4865 1212 4919 Dominicis
1225 4863 1321 4918 dietim
1333 4878 1435 4934 aquom
1451 4862 1598 4917 benedicat.

70 4964 102 5003 m
117 4955 170 5014 est,
184 4956 216 5005 ut
231 4968 316 5008 nemo
330 4955 447 5010 alterius
461 4955 553 5026 plebis
567 4956 715 5012 bominem
731 4974 813 5013 usur·
901 4954 956 5026 (sc
978 4955 1072 5009 cmcil.
1097 4955 1272 5015 Nouueteusi,
1298 4967 1357 5022 cop.
1381 4950 1421 5023 5.)
1450 4950 1589 5007 Omnibus
1611 4947 1713 5005 diebus

70 5037 104 5093 ed
118 5038 144 5092 si
165 5039 238 5095 forte
267 5042 322 5097 erit
336 5043 541 5112 necessarium,
570 5049 681 5116 petata
702 5046 811 5118 collega
865 5042 1023 5098 Dominicis
1049 5042 1170 5114 quisque
1194 5041 1343 5112 presbyter
1368 5041 1399 5095 in
1423 5056 1475 5094 sua
1502 5037 1621 5094 ecclesia
1646 5040 1712 5093 ante

83 5141 254 5184 eonsensum
270 5130 383 5187 lrabeat.
865 5131 1016 5186 missarum
1032 5130 1175 5185 solemnia
1189 5144 1292 5202 aquam
1308 5128 1488 5184 benedictum
1502 5127 1587 5183 iaciat
1602 5125 1632 5181 in
1647 5141 1712 5181 vase

70 5231 133 5288 mv,
150 5264 185 5273 ..
209 5237 247 5290 pe
267 5238 433 5307 presyyymg
456 5243 482 5293 ey
503 5238 663 5296 diaconibus
681 5243 730 5310 qu,-
752 5243 811 5296 ,im
864 5219 967 5283 nitido,
994 5225 1023 5275 at
1043 5225 1122 5274 tanto
1138 5219 1272 5290 mysterio
1285 5217 1477 5285 convenienti,
1494 5216 1530 5272 de
1546 5231 1604 5289 qua
1617 5231 1710 5288 popu·

158 5305 257 5362 litteris
272 5310 392 5378 episcopi
405 5311 450 5363 sui
462 5309 615 5379 ambulant,
863 5309 908 5364 lus
923 5308 1034 5363 intrans
1048 5307 1197 5363 ecclesiam
1222 5311 1401 5378 aspergatur,
1419 5310 1448 5360 et
1462 5305 1567 5361 atrium
1583 5305 1712 5377 ejusdem

70 5407 141 5448 aouc.
158 5394 320 5464 Auctteusi,
336 5412 397 5466 cop.
411 5401 447 5465 5.)
459 5397 610 5468 Presbyter
622 5399 809 5468 etdiaconus,
864 5397 990 5453 ecclesias
1012 5413 1077 5452 cum
1093 5396 1225 5451 crucibus
1242 5394 1445 5450 circumeundo
1467 5393 1599 5449 similiter
1613 5408 1711 5465 asper-

70 5481 165 5549 tricus,
182 5482 206 5537 si
223 5483 284 5538 sina
308 5483 444 5539 antistitis
468 5485 514 5540 sui
528 5485 655 5558 epistolis
672 5488 809 5557 ambulat,
864 5490 922 5560 gat,
943 5490 972 5541 et
991 5501 1044 5557 pro
1065 5484 1216 5540 animabus
1228 5483 1334 5539 ibidem
1356 5482 1570 5555 quiescentibus
1585 5486 1658 5538 oret.
1678 5482 1713 5536 Et

69 5568 198 5627 inionem
214 5570 241 5627 ai
254 5572 352 5628 nullus
366 5571 525 5645 impondat.
864 5576 915 5649 qui
929 5575 1052 5632 soluerit
1073 5574 1104 5631 in
1119 5573 1239 5631 resculis
1259 5573 1318 5629 suis
1341 5573 1464 5647 accipiat
1481 5589 1516 5630 ex
1538 5573 1602 5646 ipsa
1623 5586 1708 5644 aqua,
