3878 6112
58 281 129 336 {029

522 281 759 339 DECRETORUII
780 283 871 338 LIBRI
891 283 943 339 xx.
964 313 997 323 -
1019 283 1122 339 LIBER
1143 284 1335 341 VICESIIIIIS.

1743 297 1810 352 1030

56 408 90 457 at
104 419 164 458 nou
178 408 251 458 osset
268 402 363 458 ocIosa
378 402 430 459 Dei
445 404 567 473 bonitas,
581 406 629 460 sed
644 406 763 461 haberat
785 405 814 460 in
841 405 943 477 qni-h
962 404 1026 462 Cae.
1043 405 1146 461 XLVII.
1162 437 1198 449 -
1215 407 1296 474 Quod
1309 410 1426 478 siugulis
1438 411 1591 468 bominibus
1602 418 1705 484 singuli
1718 420 1811 486 onusti

57 492 112 546 bus
127 493 284 562 permulta
306 498 372 546 aute
402 493 497 564 spacia
520 494 677 548 bonitatem
705 510 787 548 stram
815 499 907 548 osten·

57 581 162 635 deret:
197 587 225 634 et
256 581 296 634 ita
324 581 370 634 hic
396 582 516 636 visibilis
544 583 669 637 mundus
699 598 732 637 ex
764 583 809 637 his
841 599 906 654 quae

56 674 155 724 creata
168 670 292 734 fueraut,
307 670 397 723 lactus
411 678 463 738 est,
481 677 509 725 et
530 677 658 725 ornatus.

58 759 125 814 aar.
142 759 206 813 XLI.
221 759 346 829 -Quod
360 761 481 815 scilcilslt
502 763 698 827 incorporeum,
719 764 745 814 et
770 759 908 814 invisibile

326 836 427 899 praetcr
440 834 528 884 solunt
543 832 639 884 Deum.

96 918 211 988 (Idem.)
226 917 301 972 Nihil
326 919 516 989 incorporem,
545 926 573 972 et
587 918 729 973 iurisibile
750 919 780 973 iu
807 926 908 974 natura

57 1006 247 1074 credendum,
263 1007 318 1060 uisi
329 1006 422 1061 solnm
439 1009 539 1062 Deum.
555 1007 608 1071 Qui
633 1007 697 1061 ideo
722 1008 909 1078 incorporeus

58 1096 188 1149 creditor
204 1111 210 1148 :
226 1095 295 1165 quia
310 1095 415 1166 uquue
430 1103 483 1165 est,
504 1103 533 1150 et
558 1096 655 1150 omnia
681 1097 791 1167 implet,
822 1103 908 1167 atque

58 1184 240 1253 constrIngit.
259 1184 323 1245 Ideo
346 1185 498 1238 invisibilis
526 1187 660 1241 omuibus
688 1186 826 1240 creaturis
855 1190 906 1251 est,

58 1273 130 1342 quia
145 1272 333 1341 incorporeus
347 1279 399 1326 est.

58 1360 126 1416 Cae.
143 1361 220 1414 XLII.
237 1360 358 1427 -Quoi
376 1365 463 1416 omnis
479 1368 606 1416 creatura
616 1363 653 1416 sit
662 1376 800 1430 corporeo.

97 1449 207 1518 (Idem.)
224 1449 464 1504 Creatoraomnis
475 1466 622 1520 corporea,
642 1450 749 1519 angetI,
765 1455 794 1503 et
809 1464 908 1503 omnes

58 1539 192 1610 coelestes
210 1538 328 1591 virtutes
350 1554 509 1608 corporeae,
530 1540 597 1592 licet
618 1553 677 1591 uon
706 1553 790 1592 carue
813 1536 908 1591 subsi-

58 1630 147 1680 stant.
165 1627 230 1680 Ideo
257 1631 353 1680 autem
381 1643 533 1698 corporeas
562 1643 622 1681 csse
651 1626 795 1680 credImus
820 1626 907 1681 iutel-

58 1716 197 1769 lectuales
212 1721 338 1781 naturas,
359 1717 496 1787 quoniam
527 1715 656 1768 localiter
683 1715 907 1769 circunscribun-

59 1809 118 1866 tur,
137 1805 249 1858 sicutet
275 1805 372 1858 anima
396 1805 530 1870 humana,
549 1820 613 1875 quse
644 1820 729 1858 carue
755 1804 908 1871 clauditur,

60 1898 91 1947 et
107 1893 252 1947 daemones
267 1894 317 1965 qui
332 1893 491 1947 substantia
506 1893 641 1963 angelicae
656 1898 766 1946 naturae
777 1897 853 1945 suut.

61 1980 128 2035 Gne.
159 1982 254 2036 XLIII.
279 2011 315 2020 -
341 1980 418 2046 Quod
446 1995 535 2033 omnies
571 1981 763 2034 intellectuales
803 1985 910 2033 uoturae

365 2053 528 2104 immortales
542 2053 607 2105 siut.

99 2139 212 2207 (Idem.)
236 2139 414 2192 Immortales
442 2155 502 2192 esse
531 2138 675 2192 credimus
703 2137 910 2195 intellectuales

57 2231 188 2289 naturas,
204 2242 266 2296 qua
282 2242 366 2280 carne
381 2231 489 2289 carent,
503 2242 555 2279 uec
580 2227 687 2280 habeut
710 2225 788 2297 quod
814 2227 907 2295 cadat,

60 2320 94 2368 ut
112 2315 319 2369 resurrectione
335 2321 418 2385 egeat
433 2321 498 2385 post
518 2314 641 2368 ruinam.

60 2403 127 2458 Cae.
144 2403 237 2456 XLIV.
253 2434 289 2443 -
303 2403 379 2469 Quod
393 2409 525 2472 apostola
540 2405 631 2468 onfrell
647 2405 828 2458 oisteruinom
840 2404 908 2459 llbe-

293 2490 354 2527 rum
374 2477 520 2528 arbitrium
540 2475 677 2528 baberent.

98 2564 192 2630 (Grep.
219 2565 249 2615 in
276 2565 333 2616 suis
357 2562 528 2632 Moralibus.)
556 2563 739 2634 unaqueque
768 2564 845 2618 emm
866 2580 910 2618 res

61 2651 146 2721 quasi
161 2656 202 2704 tot
216 2652 347 2721 passibus
362 2651 486 2705 adalind
503 2651 606 2716 tendit,
623 2659 693 2722 quot
709 2652 910 2706 mutabilitatis

62 2756 123 2794 suoe
136 2740 261 2794 molibus
274 2739 407 2808 subjacet.
425 2741 491 2795 Sola
506 2746 602 2794 autem
623 2746 726 2794 natura
748 2741 909 2811 incompre-

63 2827 215 2881 heusibilis
230 2828 264 2881 ab
280 2834 354 2882 statu
367 2845 418 2881 suo
435 2829 643 2882 uescitmoreri
658 2845 721 2899 quae
737 2830 772 2882 ab
787 2831 909 2900 eoquod

63 2932 178 2986 semper
192 2916 268 2970 idem
294 2920 343 2979 est,
362 2916 451 2970 nescit
478 2915 636 2971 immutari.
656 2916 726 2970 Num
747 2917 770 2969 si
795 2919 910 2987 angelo·

62 3004 301 3059 rumsubstantia
314 3004 554 3059 immutabilitatis
577 3010 656 3059 motu
681 3005 781 3059 fuisset
809 3006 844 3059 ab
863 3023 912 3060 au-

63 3099 143 3146 ctore
158 3093 283 3158 condita,
316 3109 497 3164 nequaqnam
524 3092 745 3146 abeatitudiuis
768 3108 827 3148 susc
849 3110 912 3148 arce

64 3181 220 3236 cecidisset.
249 3183 316 3237 illre
342 3187 438 3235 antem
469 3181 651 3250 omnipotens
681 3180 753 3234 Deus
778 3187 911 3235 naturam

63 3270 408 3341 summorumspIrituum
427 3270 542 3336 bonam,
563 3270 611 3324 sed
634 3270 801 3323 mutabilem
817 3271 914 3325 condi·

64 3360 108 3414 dit
127 3376 134 3413 ε
152 3365 183 3413 ut
198 3366 226 3414 et
240 3360 290 3430 qui
305 3375 474 3430 permanare
491 3358 611 3425 nollent,
628 3366 754 3422 ruerent,
771 3365 799 3413 et
818 3360 868 3430 qui
882 3360 913 3413 iu

65 3449 232 3504 conditione
257 3448 450 3518 persisterent,
481 3452 562 3501 tauto
590 3447 620 3501 iu
648 3464 681 3501 ea
706 3446 767 3516 jam
797 3447 911 3517 dignus,

65 3543 175 3610 quanto
189 3543 266 3592 etex
288 3537 407 3591 arbitrio
431 3540 606 3590 starenl:et
634 3551 667 3589 eo
695 3534 811 3603 rrrajoris
838 3535 913 3605 apud

65 3628 157 3681 Iteum
175 3626 269 3680 meriti
291 3626 405 3691 tierent,
419 3641 476 3696 quo
493 3621 692 3678 mutabilitatis
707 3639 766 3677 suae
790 3627 913 3691 motum,

64 3714 221 3768 voluntatis
236 3714 358 3768 statione
372 3714 511 3768 fixissent.

65 3805 132 3859 Car.
148 3803 222 3858 llLV.
238 3833 273 3843 -
293 3805 352 3857 Cur
371 3803 527 3868 angelorum
548 3802 662 3869 spiritus
686 3799 915 3854 irremissibiliter

396 3878 584 3942 peceaverunt

102 3963 158 4034 (lia
172 3963 294 4030 uadem.)
308 3962 484 4032 augelorum
499 3961 617 4031 spiritus
637 3959 742 4013 ichrco
767 3958 916 4013 irremissi-

64 4052 163 4108 biliter
174 4055 385 4122 peccaverunt:
404 4051 471 4121 quia
487 4054 566 4103 tauto
591 4049 736 4102 robustius
763 4053 837 4102 stare
866 4065 915 4119 po·

64 4147 173 4207 terant,
185 4146 292 4211 quanto
302 4156 351 4194 eos
366 4138 458 4193 carnis
468 4138 586 4192 amixtio
598 4154 656 4191 uon
672 4135 797 4191 tenebat.
823 4137 915 4191 Ilomo

65 4320 181 4373 carnale
196 4333 297 4388 corpus
309 4317 419 4387 aliquid
445 4331 503 4386 quo
531 4314 685 4385 semetipso
709 4314 803 4368 minor
831 4315 914 4381 esset,

64 4406 187 4477 accepit.
203 4407 282 4462 Unde
296 4406 372 4477 apud
387 4410 548 4475 respectum
560 4404 688 4474 Judicem
710 4408 914 4473 argumentum

64 4496 182 4568 pietatis
198 4501 241 4551 est
256 4496 316 4549 haec
331 4494 431 4549 eadem
447 4491 600 4547 infirmitas
619 4492 723 4546 carnis.

64 4587 132 4641 Car.
148 4585 235 4640 XLVI.
249 4615 283 4626 -
298 4583 374 4650 Quod
387 4584 478 4651 angeli
492 4581 614 4706 qustodes
640 4582 794 4635 bominibus
812 4595 915 4649 prepo-

436 4669 492 4708 uon
506 4669 549 4707 ur.

103 4746 198 4815 (Grep.
219 4747 248 4798 in
264 4745 321 4798 suis
340 4742 490 4798 Moralibus
514 4739 604 4811 dicit.)
626 4739 698 4803 Quia
722 4756 789 4795 tcro
819 4739 915 4811 augeli

63 4834 233 4889 homiuIbus
248 4832 379 4903 praesint,
395 4847 446 4902 per
457 4830 628 4901 prophetam
646 4834 766 4886 testatur
779 4830 909 4899 augelus,

62 4923 188 4978 dicens:
230 4922 366 4990 Princeps
406 4919 488 4990 regui
518 4921 668 4974 Persarum
699 4917 803 4972 restitit
829 4917 912 4972 mihi.

62 5012 147 5076 Quod
162 5026 228 5066 vero
248 5010 342 5081 angeli
357 5026 375 5063 a
388 5008 571 5079 superiorum
595 5007 764 5077 angelorum
785 5010 912 5076 potesta·

61 5102 142 5154 tibus
175 5099 386 5170 dispensentur,
416 5097 565 5152 Zacharias
599 5095 733 5166 perhibet
761 5095 911 5165 propheta,

63 5191 115 5262 qui
133 5189 194 5243 ait:
213 5189 283 5243 Ecce
308 5188 426 5259 angelus
441 5186 491 5257 qui
519 5185 693 5257 loquebatur
713 5184 744 5237 iu
760 5199 817 5250 me,
833 5199 914 5254 egre-

63 5280 208 5346 diebatur,
224 5282 252 5332 et
270 5277 391 5348 augelus
407 5276 480 5331 alius
494 5274 695 5345 egrediebatur
709 5272 739 5327 iu
762 5288 912 5327 occursum

63 5369 139 5439 eJ'us,
156 5366 315 5421 etdixitad
336 5381 426 5420 eom:
450 5365 550 5429 Curre,
579 5363 698 5434 loquere
727 5361 761 5415 ad
789 5376 912 5433 puerum

64 5457 164 5522 istum,
195 5455 292 5510 diceus
317 5471 324 5509 :
353 5454 468 5526 Absque
498 5467 581 5507 muro
610 5450 787 5507 habitabitur
811 5449 912 5506 Hieru-

64 5546 166 5599 salem.

1264 479 1363 535 &ntur
1378 484 1509 537 custodes.

998 587 1053 650 (lia
1068 586 1149 640 dictis
1160 587 1304 654 cujusdam
1319 589 1349 643 in
1367 591 1432 643 Vita
1445 592 1580 663 Petrum.)
1594 593 1688 648 abbas
1706 595 1812 651 Paulus

962 672 1083 743 simplex
1099 674 1221 730 habebat
1242 676 1365 746 gratiam
1389 684 1421 732 ut
1447 679 1642 748 ingredientes
1656 683 1688 737 in
1719 685 1812 739 Eccle-

962 761 1035 815 siam
1050 778 1131 816 seues
1142 763 1283 832 aspiceret
1299 780 1306 818 :
1323 770 1351 818 el
1365 781 1399 819 ex
1417 765 1480 836 ipsa
1495 768 1566 823 lacis
1591 786 1692 826 eorum
1716 774 1813 827 truius·

962 851 1101 920 cujusque
1114 851 1312 921 cogitatIones,
1336 853 1394 907 sive
1421 857 1503 911 malm
1531 866 1635 925 essent,
1662 877 1711 915 seu
1727 860 1812 917 bonae

962 939 1091 992 sentiret.
1108 943 1179 994 Cum
1193 956 1261 1011 ergo
1274 941 1400 996 venisset
1412 943 1448 997 ad
1475 946 1637 1015 Ecclesiam,
1665 955 1694 1004 et
1717 949 1812 1021 ingre-

962 1027 1100 1082 derentur
1115 1045 1206 1090 senes,
1224 1031 1296 1086 vidit
1306 1048 1355 1086 eos
1373 1033 1449 1086 clare
1476 1034 1559 1101 lacIc,
1575 1040 1603 1090 el
1619 1039 1684 1092 laeto
1713 1040 1810 1094 anImo

961 1115 1086 1186 ingredi,
1104 1124 1130 1170 et
1143 1119 1259 1187 angelos
1284 1135 1383 1174 eoram
1396 1136 1460 1176 cum
1478 1125 1583 1193 gaudio
1613 1127 1720 1196 pariter
1746 1144 1810 1183 cum

961 1204 1040 1275 ipsis.
1059 1206 1152 1260 Unum
1167 1213 1263 1261 autem
1279 1208 1394 1279 nigrum
1410 1216 1438 1265 ct
1460 1212 1632 1268 nebulosum
1657 1214 1811 1271 habentem

963 1309 1076 1363 corpus,
1093 1299 1121 1347 et
1135 1295 1281 1349 daemones
1296 1297 1373 1364 hiuc,
1388 1303 1474 1369 atque
1489 1299 1556 1355 inde
1572 1302 1717 1358 trahentes
1732 1320 1811 1371 eom,

962 1397 1028 1435 cum
1045 1382 1170 1435 admisso
1185 1383 1266 1437 freno
1281 1384 1311 1438 in
1333 1385 1460 1453 naribus,
1483 1393 1511 1441 et
1526 1391 1660 1459 angelum
1680 1398 1810 1449 sanctum

963 1469 1025 1539 eJus
1039 1469 1073 1524 de
1089 1470 1175 1540 longe
1190 1478 1357 1542 sequentem
1374 1474 1497 1528 tristem.
1515 1477 1617 1531 Beatus
1629 1495 1697 1551 ergo
1708 1481 1811 1535 Paulus

963 1558 1049 1626 coepit
1075 1558 1144 1611 Ilere
1172 1561 1360 1628 amarissime,
1392 1568 1420 1617 et
1437 1570 1534 1634 peetus
1563 1583 1647 1620 suum
1677 1569 1810 1633 tundere,

924 1676 944 1730 Β
964 1647 1065 1700 sedens
1080 1652 1145 1701 ante
1162 1649 1313 1704 Ecclesiam
1331 1655 1447 1722 proptor
1462 1669 1528 1708 eum
1556 1671 1643 1725 quam
1670 1658 1756 1711 talem
1776 1659 1812 1712 vi·

962 1735 1054 1789 derat.
1075 1735 1180 1790 Omnes
1208 1743 1303 1791 autern
1332 1738 1382 1792 alii
1410 1757 1491 1795 senes
1519 1742 1649 1798 sistentes
1676 1760 1742 1799 eum
1773 1747 1813 1801 sic

962 1822 1090 1885 lleutem,
1108 1831 1258 1892 caeperunt
1279 1841 1346 1880 eum
1372 1843 1483 1897 rogare,
1500 1837 1533 1884 ut
1560 1831 1583 1884 si
1611 1832 1681 1903 quid
1697 1833 1729 1889 iu
1755 1835 1813 1889 illis

962 1910 1089 1972 etdisset,
1106 1911 1227 1965 cumeis
1262 1913 1462 1982 ingrederetur
1487 1919 1516 1971 in
1545 1922 1811 1990 congregationem.

964 1997 1014 2051 Ille
1025 2003 1122 2052 autem
1138 2001 1231 2053 noluit
1247 1999 1370 2069 ingredI,
1392 2004 1440 2057 sed
1460 2020 1573 2074 semper
1591 2006 1680 2063 flebat
1695 2015 1813 2081 propter

964 2101 1029 2139 eum
1046 2101 1132 2157 quern
1148 2087 1188 2139 sic
1211 2087 1329 2142 viderat.
1347 2090 1413 2144 Post
1433 2093 1583 2161 paululum
1612 2102 1721 2163 autem,
1747 2114 1812 2153 cnm

963 2175 1094 2228 absoluta
1120 2176 1305 2246 congregatio
1335 2176 1502 2247 discederet,
1542 2183 1647 2239 iterum
1681 2186 1812 2242 omnium

963 2264 1059 2317 rultns
1073 2263 1319 2334 ctrcunspIcIebat,
1337 2267 1361 2318 si
1375 2266 1444 2321 tales
1468 2270 1682 2340 egrederentur,
1712 2277 1813 2346 quales

963 2346 1217 2422 ingressionem
1231 2352 1301 2408 vidit
1321 2354 1403 2409 illum
1416 2372 1502 2427 quem
1528 2365 1613 2414 antea
1643 2362 1752 2417 elderat
1767 2363 1812 2418 ni·

963 2455 1048 2511 grum
1064 2445 1093 2494 et
1107 2441 1278 2495 nebulosum
1291 2458 1437 2513 egressam
1453 2447 1487 2500 de
1505 2447 1626 2503 Ecclesia
1638 2451 1714 2505 clara
1731 2454 1811 2517 lacie,

964 2534 992 2582 et
1007 2528 1128 2584 candido
1141 2545 1272 2600 corpore,
1288 2538 1316 2585 et
1330 2533 1478 2588 daemones
1493 2535 1527 2589 de
1546 2537 1631 2608 longe
1659 2546 1812 2612 sequentes

964 2632 1042 2682 eum,
1070 2621 1201 2671 sanctum
1238 2624 1335 2673 autem
1374 2625 1509 2694 angelum
1533 2624 1592 2694 ejes
1620 2644 1709 2700 prope
1746 2645 1813 2685 eum

964 2705 1098 2772 hilarem,
1114 2710 1142 2759 et
1156 2706 1329 2776 gaudentem
1342 2725 1430 2780 saper
1446 2726 1510 2764 eum
1526 2713 1620 2770 uineis.

965 2812 1028 2866 Cae.
1049 2813 1163 2867 XLVIII.
1178 2842 1213 2854 -
1231 2814 1310 2879 Quod
1323 2815 1435 2870 dextero
1452 2818 1513 2881 Ilei,
1530 2820 1567 2872 sit
1580 2836 1646 2888 pars
1657 2823 1814 2890 angelorum

1000 2885 1091 2951 eleeto,
1114 2887 1230 2938 sinistro
1258 2890 1349 2940 autem
1378 2889 1447 2956 ejus,
1472 2903 1538 2956 pors
1571 2893 1729 2959 angelornm
1768 2910 1813 2949 re-

926 2954 946 3009 C
997 2955 1095 3022 proba.

1003 3061 1095 3129 (Grec.
1111 3064 1141 3114 in
1154 3065 1212 3117 suis
1226 3063 1376 3118 Moralibus
1390 3065 1458 3119 dicit
1474 3071 1493 3132 z)
1507 3065 1579 3129 Quid
1597 3072 1638 3121 est
1650 3085 1718 3140 ergo
1735 3071 1814 3141 quod

967 3149 1186 3205 exercituscoeli
1208 3151 1353 3219 adextris,
1383 3158 1412 3206 et
1425 3154 1549 3209 sinistris
1576 3156 1637 3225 ejus
1659 3163 1734 3212 stare
1752 3174 1814 3231 per·
1920 3163 1923 3168 ’

967 3235 1106 3290 hibetur?
1123 3237 1198 3291 Deus
1213 3239 1289 3293 enim
1302 3239 1351 3311 qui
1364 3241 1453 3296 iteest
1466 3243 1541 3296 iutra
1555 3245 1663 3310 omnia,
1681 3252 1713 3300 ut
1727 3248 1815 3303 etiam

968 3323 1004 3376 sit
1017 3330 1095 3377 extra
1111 3325 1218 3390 omnia,
1240 3342 1293 3380 nec
1315 3327 1430 3383 dextera
1454 3346 1504 3384 nec
1531 3331 1646 3386 siuistra
1671 3336 1817 3391 concludi·

967 3415 1023 3477 tur,
1039 3412 1087 3466 sed
1102 3413 1218 3467 dextera
1235 3415 1284 3467 usi
1303 3418 1472 3485 augelorum
1489 3434 1554 3487 pars
1565 3419 1653 3474 electa
1670 3438 1676 3474 :
1701 3423 1816 3479 siuistra

968 3505 1065 3553 autem
1096 3500 1155 3567 Dei,
1183 3517 1249 3571 pars
1286 3504 1457 3573 augelorum
1490 3508 1612 3577 reproba
1637 3510 1814 3580 designator.

969 3588 1031 3641 Nou
1046 3588 1123 3642 euim
1140 3589 1314 3674 ministrent,
1332 3591 1512 3647 solummodo
1527 3593 1597 3648 boni
1608 3596 1658 3666 qui
1668 3598 1814 3669 adJ'urent.

969 3675 1018 3729 sed
1033 3675 1119 3729 etiam
1135 3675 1186 3729 alii
1200 3677 1249 3747 qui
1266 3676 1430 3747 reprobent,
1443 3679 1471 3733 id
1486 3685 1538 3746 est,
1565 3698 1622 3737 uon
1651 3685 1746 3739 solum
1766 3686 1816 3758 qui

968 3764 1083 3833 aculpa
1100 3765 1253 3818 redeuutes
1277 3765 1438 3836 sublevent,
1464 3769 1514 3824 sed
1539 3770 1626 3824 etiam
1647 3773 1697 3842 qui
1723 3774 1816 3830 redire

969 3854 1099 3906 uolentes
1114 3860 1243 3924 gravent.
1263 3855 1406 3925 Necquod
1432 3857 1496 3910 eceli
1526 3861 1678 3927 exercilus,
1712 3863 1816 3919 dIcitur

970 3942 1138 4011 angelorum
1159 3958 1225 4012 pars
1242 3943 1363 4014 reproba
1383 3945 1411 3998 iu
1426 3960 1459 3998 eo
1474 3946 1597 4019 InteIIIgi
1623 3966 1708 4020 posse
1722 3954 1818 4022 perhi-

969 4029 1062 4084 betur.
1079 4029 1154 4094 Ouas
1182 4031 1260 4084 euim
1285 4032 1420 4104 suspendi
1436 4031 1465 4088 in
1496 4052 1562 4089 aere
1590 4038 1734 4106 norimus,
1752 4058 1817 4096 aves

970 4118 1034 4173 coeli
1059 4119 1252 4173 nominamus.
1283 4121 1316 4175 Et
1343 4121 1377 4175 de
1404 4121 1505 4177 iisdem
1533 4124 1682 4195 spiritibus
1711 4130 1817 4186 Paulus

64 4227 465 4299 seroichrcopostculpam
485 4227 598 4281 ,eniam
623 4226 738 4292 meruit,
768 4225 836 4297 quja
864 4232 952 4297 pern
972 4207 1062 4261 dicis:
1092 4207 1196 4262 Contra
1231 4208 1373 4280 spiritalia
1408 4213 1546 4282 nequitiae
1575 4214 1606 4268 iu
1643 4216 1815 4273 coelesthus.

971 4296 1099 4362 Quorum
1127 4302 1212 4368 capot
1239 4299 1407 4368 canuslnus,
1436 4301 1496 4356 ait:
1522 4301 1688 4360 Secundum
1711 4307 1817 4377 priuci-

969 4402 1035 4456 pem
1057 4385 1131 4440 aeris
1155 4385 1251 4454 hujus.
1269 4389 1293 4440 Α
1308 4387 1407 4442 dextra
1428 4405 1496 4460 ergo
1520 4391 1569 4445 Dei
1584 4396 1613 4446 el
1634 4393 1749 4450 sinistra
1763 4412 1818 4451 aa·

969 4475 1100 4544 gelorum
1123 4475 1261 4528 exercitus
1283 4480 1356 4530 stat:
1379 4477 1446 4547 quia
1461 4482 1489 4532 et
1509 4480 1639 4535 voluntas
1660 4485 1817 4541 electorum

968 4563 1133 4633 spirituum,
1154 4563 1259 4616 dirinae
1277 4564 1376 4633 pietali
1399 4568 1563 4634 concordat,
1580 4575 1607 4623 et
1628 4574 1817 4644 reproborum

968 4668 1069 4706 sensus
1085 4667 1143 4705 suae
1155 4651 1271 4705 malitiae
1286 4651 1423 4720 serviens,
1436 4653 1740 4724 judiciodistrictionis
1756 4663 1818 4731 ejus

968 4746 1157 4812 optemperat.
1172 4740 1251 4794 Unde
1265 4745 1294 4793 et
1305 4756 1368 4794 mor
1380 4741 1464 4795 lallax
1478 4744 1628 4813 spiritibus
1643 4748 1673 4801 iu
1690 4749 1816 4804 medium

967 4827 1817 4906 prosiluissedescribitur,pcrquemltchabrerexigentibus

967 4919 1027 4971 suis
1042 4917 1151 4971 rneritis
1173 4916 1343 4987 depriatur.
1364 4918 1462 4990 Neque
1478 4921 1555 4974 enirn
1578 4923 1620 4976 las
1633 4930 1676 4978 est
1688 4927 1815 4997 credere,

968 5006 1076 5061 bouum
1100 5005 1233 5076 spiritum
1253 5005 1372 5061 fallaciae
1387 5008 1530 5064 desereire
1546 5011 1680 5077 voluisse,
1696 5020 1729 5068 ut
1745 5016 1818 5071 dice·

966 5101 1029 5148 ret:
1049 5093 1193 5164 Egrediar,
1209 5099 1238 5148 et
1249 5109 1298 5147 ero
1314 5095 1436 5150 mendax
1447 5096 1566 5166 spiritus
1582 5100 1610 5153 in
1624 5116 1673 5154 ore
1683 5103 1815 5160 omnium

967 5183 1173 5254 prophetarum
1189 5184 1261 5253 ejus.
1277 5182 1333 5238 Sed
1348 5183 1522 5255 quialtchab
1538 5203 1587 5242 rex
1603 5191 1726 5258 peccatis
1740 5208 1817 5263 prae·

967 5270 1133 5326 cedentibus
1152 5271 1336 5340 dignuserat,
1364 5278 1395 5325 ut
1416 5273 1466 5327 tali
1486 5273 1633 5332 debuisset
1648 5279 1816 5351 deceptione

967 5359 1109 5428 damnari,
1123 5367 1266 5431 quatenus
1287 5359 1337 5431 qui
1358 5376 1435 5431 saepe
1451 5363 1548 5418 rolens
1562 5366 1704 5423 ceciderat
1720 5372 1815 5442 culpa,

968 5450 1142 5521 quandoque
1174 5450 1274 5504 nolens
1319 5455 1470 5520 caperetur
1494 5453 1530 5507 ad
1558 5470 1672 5525 poeuam
1705 5460 1815 5514 occulta

964 5537 1087 5609 justitia,
1116 5537 1231 5593 licentia
1256 5538 1391 5609 malignis
1421 5540 1567 5611 spiritibus
1583 5543 1678 5610 datur,
1695 5552 1727 5600 ut
1744 5563 1815 5618 quos
