3894 6120
54 284 106 338 4³³
742 283 820 339 vtTu
843 288 873 341 S.
898 287 1131 346 adnutriunt.
1759 301 1812 358 434

54 404 196 462 cathedra
220 401 338 475 triginta
365 401 455 457 anuis.
481 404 567 474 Cujus

55 490 123 545 lecit
154 505 208 542 nos
236 486 359 558 pupillos
386 485 494 556 absque
522 494 613 558 patre,

55 584 188 635 sanctam
207 573 521 632 hildenesheimensem
543 577 696 632 aeclesiam
711 575 747 613 ²³⁹
763 577 848 649 quasi
867 577 914 631 vi-

55 669 143 723 dnern
160 663 211 718 ¹⁸⁰.
236 664 305 719 Nam
322 678 388 717 mox
402 663 474 716 tanti
498 665 587 733 patris
603 683 715 722 excessu
733 671 791 721 tota
806 666 914 721 civitas
972 696 1074 753 Christi

56 772 159 828 permo
174 772 193 808 a
207 751 383 823 congemuit,
400 754 428 805 et
443 756 502 804 tem
522 753 590 807 cleri
605 771 689 825 quam
706 756 794 827 plebis
818 760 913 809 cestus

57 846 152 899 omnis
178 844 265 896 corde
287 846 368 895 tenus
390 838 523 895 iudohrit.
549 841 657 912 Ubique
677 844 840 900 vociferatio

594 404 729 459 d¹⁵⁰0³³¹¹⁵
755 404 790 459 ad
810 405 912 461 Deum
940 409 1128 488 detestasuco
1152 436 1278 508 exequiis
1297 436 1350 491 rite
1375 438 1532 503 celebratis,
1557 454 1662 509 corpus
1686 440 1743 494 Deo
1769 441 1811 495 di·

641 494 757 543 mam
776 495 914 543 ”⁰⁵¹¹'⁸¹¹¹
975 517 1039 574 lecti
1062 524 1191 593 praesulis
1210 524 1238 579 in
1257 525 1348 595 cripta
1363 524 1485 581 crenobii
1510 527 1585 597 quod
1602 527 1662 597 ipse
1677 526 1812 582 fundave-

972 613 1024 675 rat,
1042 617 1107 665 ante
1122 614 1208 666 altare
1228 622 1332 668 sanctae
1345 615 1449 680 llariae,
1467 616 1590 669 maxima
1604 631 1669 669 cum
1683 616 1811 671 lidclinm

1111 702 1261 756 devotione
1300 705 1446 773 sepelitur.
1485 703 1674 775 Sepulchrum
1715 710 1811 759 mrtem

970 802 1052 842 suum
1079 796 1175 844 sancta
1202 791 1257 844 sibi
1281 791 1430 845 devotione
1454 791 1514 860 ipse
1538 799 1758 863 praeparaverat,
1783 797 1812 847 et

864 845 913 898 ω’
968 877 1022 931 tale
1038 879 1128 933 solitae
1144 879 1314 934 humilitatis
1334 881 1526 952 epytaphyum
1551 878 1810 952 superscripserat:

57 933 156 1006 9⁸¹⁸?ss
183 939 319 1029 ‘mmm'
336 944 443 983 ΜΝ
458 932 672 986 lnc⁰n⁸⁰¹³b¹li⁸
687 937 824 1006 qu'nsque
841 951 911 1006 pm·
997 984 1060 1033 Pers
1072 985 1186 1034 heminis
1202 986 1373 1035 bernwardus
1383 1000 1469 1034 erum'
1484 1000 1552 1034 nrrnc
1565 986 1674 1035 claudor
1687 987 1715 1036 in
1729 987 1780 1036 isto

57 1022 336 1083 ies-iouisautlrtum
361 1023 390 1071 et
416 1032 503 1087 quem
528 1033 625 1073 secum
646 1030 907 1078 meneutamcom
1027 1046 1274 1111 s„„„1,h„30,p„,‚
1290 1024 1546 1097 viliseteece'etuis.
1627 1019 1640 1035 “

56 1112 137 1165 arsat
173 1109 276 1164 affectu
308 1122 419 1177 semper
450 1107 709 1178 amplectebamur,
743 1113 820 1167 hunc
852 1129 909 1169 non
996 1109 1691 1181 erupturos,arretinorumquittooooepeqesst!

55 1199 205 1253 immerito
220 1198 401 1252 decedentem
418 1196 568 1248 communi
588 1198 794 1255 lamentatione
810 1218 908 1273 prose-
1026 1174 1066 1220 δη
1079 1185 1120 1234 ¹³¹⁰
1136 1186 1185 1235 ω
1200 1184 1305 1231 'mm’
1316 1187 1363 1221 Μ
1378 1179 1404 1221 ει
1417 1174 1499 1222 Amen
1515 1174 1615 1222 wne!

55 1294 198 1359 quuntur.
215 1287 284 1340 llinc
308 1299 477 1356 pauperum,
495 1282 564 1336 hinc
590 1285 741 1342 viduarum
761 1291 909 1359 orphano·
999 1289 1041 1341 56.
1074 1286 1146 1351 Quid
1172 1287 1225 1360 hac
1253 1286 1328 1341 beati
1358 1287 1410 1340 viri
1438 1286 1656 1340 mansuetudine
1689 1284 1809 1346 dulcius,

55 1392 182 1446 rumque
199 1374 282 1428 turba
296 1371 448 1426 miserabili
473 1372 582 1439 ejulatn
600 1380 711 1442 patrem
732 1393 762 1431 se
779 1378 908 1432 emisisse
963 1374 1032 1445 quid
1056 1375 1216 1444 abiectione
1230 1373 1422 1430 laudabilius?
1439 1375 1499 1439 Quo
1514 1375 1591 1428 euivu
1615 1391 1645 1428 se
1660 1374 1743 1428 vilius
1758 1372 1811 1427 sub

10 1476 13 1485 ’
56 1466 225 1536 proclamat,
246 1462 311 1515 hiuc
331 1460 428 1531 patriae
444 1460 636 1531 defensorem,
653 1464 733 1532 pacis
748 1472 908 1521 amatorem
963 1463 1134 1518 humilitatis
1156 1463 1292 1533 deprimit
1308 1463 1415 1529 modio,
1439 1480 1473 1517 eo
1489 1463 1611 1516 lucidius
1632 1462 1662 1514 in
1678 1461 1813 1516 aecclesias

55 1571 85 1609 ac
100 1551 192 1607 totius
205 1549 247 1604 rei
270 1550 387 1619 publicoe
408 1548 624 1619 sagacissimum
640 1552 835 1621 provisorem,
851 1560 910 1609 tam
965 1559 1083 1622 apparet
1102 1553 1287 1618 candelabr0;
1313 1557 1342 1606 ct
1360 1559 1497 1623 quantum
1521 1568 1573 1606 suo
1590 1551 1698 1622 judicio
1723 1567 1812 1605 sacer·

56 1642 198 1697 nobilium
225 1637 355 1710 dignitas,
384 1651 469 1707 quam
496 1637 626 1706 piel-ium
652 1637 818 1705 humilitas,
841 1659 907 1696 con-
965 1640 1179 1696 dotalihonore
1200 1642 1515 1712 indignusdepututur,
1533 1646 1643 1696 tautum
1660 1640 1813 1694 laridabilis

56 1731 131 1787 cordi
148 1727 248 1783 dolore
263 1725 434 1780 subtractum
450 1740 509 1778 esse
525 1726 666 1796 deplorat.
686 1726 794 1780 iliram
807 1745 910 1802 netrtpe
966 1733 1030 1785 vitae
1046 1730 1210 1784 testimonio
1226 1731 1330 1801 dignus
1352 1732 1513 1800 peremnia
1533 1730 1747 1800 comprobatur.
1765 1728 1813 1783 Pie

57 1820 84 1874 iu
100 1819 224 1872 modum
247 1815 352 1869 viriste
367 1813 498 1867 omnibus
520 1815 617 1869 omnia
632 1815 739 1879 taetris,
767 1816 847 1872 iuter
869 1820 911 1873 di·
967 1816 1090 1889 denique
1107 1818 1298 1872 consideranti
1316 1820 1433 1873 modom
1459 1818 1683 1872 conversationis
1703 1819 1765 1888 ejus
1786 1822 1815 1871 et

58 1909 124 1963 vites
147 1911 179 1961 et
202 1919 350 1975 pauperes,
366 1902 439 1957 inter
461 1904 548 1956 clatos
563 1911 592 1958 et
607 1904 749 1972 humiles,
779 1914 912 1962 auctora·
967 1912 1070 1961 sancta
1086 1924 1100 1960 a
1115 1923 1204 1978 puero
1220 1906 1417 1972 iustitutionis,
1442 1908 1540 1978 magni
1562 1907 1657 1961 meriti
1672 1907 1735 1962 luce
1753 1907 1814 1961 cla·

58 1997 105 2053 bili
131 1995 257 2068 quadam
283 1991 418 2048 modestia
437 1991 547 2046 medius
565 1993 734 2059 incedebam
768 2000 803 2050 et
831 2003 912 2051 utro·
967 1997 1028 2050 rius
1048 1997 1206 2067 apparebit,
1220 1997 1351 2067 quamvis
1365 1997 1451 2065 longe
1476 1998 1559 2050 aliter
1573 2014 1602 2050 se
1617 1997 1675 2067 ipse
1689 1995 1814 2051 estima-

59 2085 236 2158 biquejuste
260 2082 402 2154 providus,
427 2097 478 2135 nec
492 2081 608 2136 mitibus
623 2080 836 2153 intractabilis,
860 2102 913 2140 nee
969 2086 1050 2139 verit.
1074 2086 1166 2139 Valles
1179 2085 1267 2151 enim,
1286 2087 1443 2140 secuudum
1463 2084 1652 2151 psalmistam,
1670 2086 1815 2139 frumento

59 2176 198 2247 protervis
214 2172 390 2244 despicabilis
411 2171 573 2241 apparebat.
598 2169 753 2225 Communi
779 2190 863 2247 ergo,
881 2182 914 2230 ut
967 2174 1125 2239 abundant,
1151 2174 1203 2228 hoc
1228 2178 1279 2239 est,
1308 2175 1431 2228 humiles
1454 2173 1556 2244 spiritu
1582 2173 1743 2243 pretioribus
1768 2173 1815 2226 di·

60 2264 165 2319 dictum
190 2266 244 2326 est,
262 2260 438 2331 querimonia
460 2258 609 2312 defunctus
631 2258 839 2333 plangebatur,
862 2265 913 2335 qni
968 2263 1041 2319 vinae
1057 2262 1196 2334 largitatis
1211 2263 1379 2316 muneribus
1399 2262 1563 2318 exuberant.
1583 2263 1635 2318 Sed
1653 2262 1716 2333 pius
1734 2265 1816 2315 Pater

10 2412 13 2437 ι
60 2350 207 2407 communi
231 2349 388 2405 dilectionis
409 2348 518 2402 honore
541 2347 638 2401 virens
664 2348 829 2410 colebatur.
856 2353 912 2408 Sed
968 2352 1026 2405 Deo
1053 2352 1137 2422 plane
1165 2356 1193 2404 et
1219 2352 1353 2405 eecclesiae
1382 2351 1577 2422 dignissimus,
1606 2356 1633 2405 et
1658 2351 1734 2405 inter
1759 2365 1815 2404 cue·

10 2456 12 2463 ·
60 2458 93 2496 ne
109 2438 345 2495 irrationabiliter
358 2452 436 2492 more
453 2451 551 2490 eorum
567 2434 618 2505 qui
634 2450 713 2504 Spem
729 2452 791 2497 tlon
803 2441 913 2496 habent
967 2444 1044 2494 teras
1073 2445 1200 2505 virtutes,
1231 2439 1338 2511 quihus
1364 2440 1516 2494 adornatus
1544 2445 1614 2509 erat,
1643 2438 1816 2497 humilitatis

59 2529 271 2593 contristemur,
296 2527 319 2581 si
335 2528 528 2581 consolantem
553 2524 685 2578 dolemus
700 2525 862 2594 perdidisse
880 2530 911 2584 in
966 2528 1061 2582 cultor
1087 2529 1259 2599 precipuus,
1284 2528 1353 2598 qnid
1370 2544 1422 2599 pro
1442 2528 1505 2599 ipsa
1532 2530 1626 2584 cordis
1654 2531 1815 2585 bumilitate

60 2620 151 2684 terris,
181 2616 408 2689 patrocinantem
427 2614 531 2668 habere
556 2613 735 2681 gaudeamus
763 2615 795 2670 in
820 2619 909 2686 caelis,
965 2617 1179 2679 consolationis,
1199 2613 1273 2688 'quid
1294 2618 1360 2672 lidei
1380 2633 1411 2671 ac
1437 2618 1497 2688 spei
1522 2619 1696 2689 conceperit,
1720 2615 1815 2671 mani·

58 2714 85 2762 et
100 2707 141 2761 sic
164 2704 278 2776 corpori
299 2700 502 2775 compassionis
527 2699 622 2754 olticia
646 2699 856 2774 impendamus,
878 2713 911 2760 ut
963 2704 1050 2763 iestat
1064 2707 1094 2761 in
1111 2707 1193 2760 titulo
1218 2722 1304 2777 quem
1320 2706 1365 2761 his
1388 2707 1482 2760 verbis
1505 2706 1650 2761 interioris
1675 2704 1813 2776 sarcofagi

58 2796 144 2851 etiarn
160 2794 277 2865 spiritui
300 2793 421 2848 feliciter
436 2806 499 2845 cnm
518 2791 575 2842 lleo
600 2790 733 2859 regnanti
753 2801 909 2865 congratu-
965 2792 1117 2867 insculpsit
1145 2795 1239 2850 loculo
1269 2812 1275 2850 :
1305 2797 1364 2852 Scio
1394 2796 1427 2832 ¹⁸¹
1460 2797 1528 2866 (59),
1557 2796 1629 2865 quod
1655 2795 1814 2864 Redemptor

58 2884 172 2940 lationis
187 2883 283 2938 debita
296 2882 502 2954 persolvamus.
965 2898 1040 2938 meus
1063 2887 1142 2950 uiuit,
1160 2889 1185 2938 et
1208 2887 1239 2938 iu
1265 2886 1410 2939 nouissimo
1429 2884 1472 2938 die
1493 2885 1525 2939 de
1552 2890 1626 2939 terre
1644 2889 1814 2939 surrecturus

92 2976 138 3029 55.
163 2973 342 3042 Praeceperat
363 2977 459 3026 autem
476 2975 568 3029 adhuc
584 2972 690 3031 vivens.
710 2973 741 3023 ut
762 2969 908 3040 teretrum,
926 2978 947 3031 l}
966 2987 1036 3039 sum,
1061 2977 1086 3027 et
1106 2989 1215 3028 rursum
1241 2975 1429 3030 circumdabor
1449 2974 1518 3042 pelle
1542 2990 1611 3036 mea,
1634 2978 1660 3028 et
1681 2975 1710 3027 iu
1733 2987 1814 3026 earne

59 3079 113 3134 qno
141 3060 178 3116 ad
202 3061 403 3115 tumulandum
428 3078 531 3132 corpus
555 3064 618 3133 ejus
647 3059 828 3126 ell'erebatnr,
850 3077 909 3114 nou
963 3076 1024 3115 mea
1050 3063 1144 3118 uidebo
1171 3065 1258 3117 Deum
1282 3066 1444 3118 saluatorem
1471 3079 1567 3130 meum,
1597 3079 1677 3134 quem
1704 3064 1813 3117 uisurus

58 3153 156 3222 pallio,
173 3154 205 3203 ut
227 3148 316 3202 moris
340 3148 426 3202 estin
442 3150 504 3204 talis
532 3165 660 3222 persona
686 3148 803 3203 luneree
826 3149 909 3204 obse·
964 3164 1024 3204 sum
1051 3166 1097 3218 epo
1122 3154 1190 3220 ipse,
1219 3158 1244 3206 ct
1266 3154 1337 3206 ocuti
1360 3155 1412 3207 mei
1434 3155 1603 3223 conspecturi
1627 3158 1690 3207 serit
1712 3157 1737 3206 et
1760 3165 1814 3204 non

58 3239 137 3312 quio,
162 3239 212 3294 sed
235 3237 327 3292 cilicio
349 3243 460 3292 tantum
486 3239 658 3309 operiretur.
681 3236 760 3300 Quod
784 3237 848 3291 ideo
863 3237 909 3292 hic
963 3240 1035 3293 nlirrs
1051 3237 1099 3292 Μ.
1124 3243 1254 3311 ltcposr'tu
1277 3248 1317 3297 est
1333 3243 1387 3297 hec
1401 3240 1438 3277 ’¹³
1459 3257 1519 3312 spes
1534 3258 1593 3297 men
1614 3245 1645 3296 in
1667 3243 1731 3296 sinu
1745 3255 1811 3295 mee.

59 3327 242 3383 inserendum
259 3325 436 3396 putavimus,
453 3332 484 3382 ut
496 3328 606 3381 cunctis
625 3325 786 3396 legentibus
800 3330 906 3395 pateat,
964 3326 1033 3391 Quae
1055 3327 1195 3383 nimirum
1223 3329 1296 3385 dicta
1323 3348 1356 3384 eo
1382 3331 1484 3401 spiritu
1510 3331 1546 3385 ab
1569 3331 1631 3402 ipso
1658 3329 1813 3384 creduntur

58 3421 166 3489 quanto
181 3416 225 3468 vir
249 3415 304 3469 iste
329 3416 485 3470 abomiuo
515 3417 602 3470 etiam
627 3413 777 3485 temporali
798 3415 908 3470 honore
963 3416 1096 3486 repetita,
1114 3433 1172 3487 quo
1188 3419 1314 3487 primum
1337 3436 1370 3474 ea
1384 3425 1495 3473 constat
1508 3420 1595 3474 fuisse
1619 3420 1740 3489 prolata,
1755 3417 1814 3471 acsi

58 3505 240 3565 sublimatus,
258 3504 446 3574 semetipsum
470 3503 630 3559 humilitate
650 3502 830 3573 depresserit,
856 3519 906 3557 cu-
963 3503 1027 3556 aliis
1054 3503 1148 3557 verbis
1177 3507 1304 3574 apertius
1330 3507 1436 3562 diceret
1457 3525 1463 3562 :
1487 3529 1500 3556 e
1529 3510 1639 3563 Bunvrm
1667 3512 1812 3561 certamen

55 3593 101 3662 jus
123 3592 246 3647 virentis
261 3593 380 3664 spiritus
397 3593 512 3648 devotio
535 3597 594 3647 tam
611 3592 719 3647 humile
735 3590 907 3662 obsequium
962 3590 1077 3658 certavi,
1101 3606 1216 3646 cursum
1232 3595 1438 3660 consummavi,
1467 3595 1553 3650 tidem
1576 3593 1694 3661 servavi,
1716 3593 1751 3649 de
1771 3610 1799 3647 re

57 3683 198 3738 deiunctae
219 3698 336 3753 quoque
360 3681 439 3735 carui
456 3681 621 3752 providerit.
641 3681 716 3734 blore
740 3681 836 3750 itaque
852 3697 907 3734 rer·
962 3679 1041 3750 liquo
1056 3679 1180 3750 reposita
1195 3686 1240 3735 est
1255 3682 1342 3736 michi
1356 3699 1462 3737 corona
1474 3685 1598 3754 justiciae
1612 3681 1657 3736 ²⁴⁸.

766 3838 880 3892 valttAE
901 3836 1098 3893 LECTIONES.

86 3963 124 4000 ²³⁹
166 3980 190 4018 s.
219 3964 254 4019 11.
282 3980 308 4017 e.
338 3963 435 4018 deserit
463 3968 490 4018 ⁶2.
530 3963 566 3998 ²²⁰
600 3965 705 4034 reliquo
734 3961 829 4015 desunt
858 3966 887 4017 iu
914 3967 942 4023 2.
970 3965 1018 4030 qai
1044 3977 1135 4016 eorum
1165 3963 1219 4017 locu
1249 3965 1303 4018 hee
1331 3963 1475 4030 subiungit
1502 3968 1533 4020 tu
1557 3967 1623 4020 Vita
1652 3963 1808 4020 tiodeherdi

53 4037 172 4106 episcopi
199 4035 302 4089 edendo
325 4051 332 4088 :
353 4036 405 4089 Sed
440 4051 486 4100 ne,
513 4039 562 4089 etc.
613 4035 646 4070 ¹⁴¹
676 4032 752 4089 SClO
787 4033 872 4089 auiti
904 4032 999 4098 QUOD
1031 4036 1083 4086 etc.
1119 4034 1322 4102 Srrrccplrapns.
1353 4034 1391 4069 ²⁴¹
1429 4037 1540 4090 attuit
1570 4037 1646 4092 Sere.
1677 4034 1713 4070 ¹⁶⁸
1741 4035 1809 4091 ΗΕΒ

55 4109 130 4164 Snrc.
170 4107 206 4143 ²⁴¹
233 4107 263 4159 tu
287 4108 302 4160 3
332 4106 386 4159 lter
413 4106 666 4174 trementemque
690 4103 765 4157 houd
792 4110 855 4160 erite
884 4119 987 4159 aunum
1018 4106 1096 4165 ttae,
1129 4106 1233 4173 scriptu
1263 4120 1328 4170 esse,
1353 4106 1452 4159 ultime
1479 4108 1562 4161 uerba
1590 4107 1806 4160 demerrstraut:

57 4179 111 4233 lsta
126 4192 184 4248 que
212 4175 415 4247 sequunturin
433 4177 578 4246 plerisque
609 4175 689 4228 lihris
713 4178 742 4227 et
766 4175 911 4230 codicibus
941 4172 1129 4228 inveniuntur
1151 4175 1186 4228 dc
1211 4175 1291 4230 obitu
1319 4176 1409 4230 suncti
1433 4178 1565 4247 presulis.
1590 4175 1737 4232 Transitus
1756 4176 1808 4232 riri

57 4249 106 4304 Dei
134 4247 307 4302 sanctissimi
335 4247 457 4316 presulis
491 4245 581 4299 nostri
612 4244 774 4299 bernwardi
803 4244 950 4301 nonnullis
978 4244 1116 4298 divinitus
1142 4253 1273 4299 ostensus
1299 4253 1351 4312 est,
1382 4248 1429 4300 sed
1456 4249 1492 4301 ad
1524 4249 1579 4301 ista
1608 4247 1808 4317 prosequenda

57 4320 125 4374 libet
151 4317 249 4387 priora
265 4318 414 4386 paululum
434 4317 589 4372 attendere.
608 4317 729 4372 Sedebat
755 4315 911 4386 aliquando
926 4315 969 4369 vir
984 4315 1034 4369 Dei
1057 4315 1240 4369 bernwardus
1266 4317 1359 4370 adhue
1374 4317 1470 4372 vivens
1493 4335 1558 4372 cum
1575 4318 1734 4388 hospitibus
1750 4318 1808 4372 suis

56 4390 84 4443 in
99 4390 167 4444 aula
183 4405 242 4442 sna.
268 4388 412 4443 scholaris
435 4405 500 4442 vero
526 4389 643 4456 qrridnrn
659 4401 768 4457 pauper
789 4389 945 4442 anteferes
968 4385 1137 4440 elemosinas
1153 4386 1286 4454 petendo.
1304 4388 1383 4457 pium
1409 4391 1565 4457 presulem,
1582 4395 1612 4442 ut
1626 4389 1669 4442 sui
1687 4390 1808 4445 misere-

56 4466 146 4524 retur,
178 4459 328 4514 invocavit.
356 4459 438 4523 Quod
472 4459 591 4513 audiens
620 4461 706 4512 lromo
736 4457 922 4528 propheticus
950 4460 978 4510 et
1006 4456 1108 4525 spiritu
1143 4457 1192 4511 Dei
1221 4458 1332 4527 plenus,
1353 4459 1450 4528 jussit,
1482 4465 1513 4513 ut
1541 4461 1693 4530 episcopus
1726 4460 1807 4515 Colo·

56 4530 164 4586 niensis
194 4530 263 4584 ioris
294 4537 371 4583 stans
407 4546 471 4584 mox
501 4529 737 4583 introduceretur.
769 4531 920 4584 Currentes
953 4542 1022 4596 ergo
1051 4526 1175 4581 ministri
1201 4530 1452 4594 renunciaverunt,
1482 4533 1628 4584 neminem
1654 4531 1722 4584 loris
1747 4547 1807 4586 esse

55 4608 153 4673 preter
165 4601 247 4656 illum
272 4601 431 4655 scholarem
460 4616 626 4672 pauperem.
655 4600 773 4655 Sanctus
790 4603 885 4653 autem
911 4597 1107 4665 bernwardus,
1122 4599 1270 4652 altirmans
1283 4600 1378 4675 ipsum
1403 4617 1463 4655 esse
1482 4602 1680 4655 Coloniensem
1696 4602 1805 4672 episco-

57 4689 137 4745 pum,
154 4670 323 4726 festinanter
339 4671 441 4726 adduci
458 4671 598 4742 precepit3
623 4671 836 4739 adductumque
859 4669 983 4741 benigne
998 4668 1166 4738 suscipiens,
1181 4669 1211 4722 in
1226 4670 1317 4740 capite
1342 4686 1448 4724 mensae
1465 4687 1620 4742 pauperem
1638 4673 1807 4727 renitentem

56 4742 214 4798 collocavit.
240 4744 299 4810 Cui,
320 4748 385 4814 post
410 4758 539 4796 mensam
572 4742 676 4797 rubore
698 4739 814 4812 pertuso
838 4748 866 4794 et
882 4739 1044 4794 verecundo
1069 4756 1121 4810 pro
1142 4741 1303 4794 reverencia
1323 4741 1378 4795 sibi
1402 4749 1512 4795 atanto
1535 4743 1649 4813 presule
1668 4744 1805 4810 exhibita,

55 4815 98 4869 vir
116 4816 230 4877 beatus,
250 4818 326 4884 quod
344 4816 405 4883 ipse
429 4813 606 4867 Coloniensis
620 4813 772 4882 episcopus
787 4817 860 4865 esset
873 4812 998 4877 tuturus,
1020 4810 1158 4880 predixit;
1179 4811 1327 4865 humiliter
1341 4827 1472 4879 exorans,
1489 4818 1520 4866 nt
1535 4813 1656 4883 primam
1672 4815 1805 4880 missam;

56 4900 143 4956 quem
159 4884 190 4938 in
214 4883 331 4939 Colonia
358 4884 525 4951 celebraret,
542 4901 593 4954 pro
610 4899 736 4956 paupere
752 4882 921 4937 bernwardo
947 4881 1176 4936 decantaretur
1197 4882 1256 4949 ille,
1280 4898 1346 4936 cum
1365 4898 1478 4937 stimma
1504 4883 1660 4939 devocione
1676 4884 1807 4954 precibus

56 4958 119 5026 ejus
140 4971 281 5022 annuens,
308 4955 510 5010 benedictione
533 4956 623 5025 petita
637 4965 666 5010 et
687 4960 811 5024 accepts,
840 4951 957 5007 recessit
975 4952 1011 5007 ab
1035 4968 1080 5007 co.
1096 4953 1194 5007 Factus
1212 4952 1302 5023 igitur
1327 4953 1561 5026 archiepiscopus
1580 4955 1618 5024 (o)
1637 4957 1717 5024 juxta
1734 4955 1805 5009 rati-

875 5107 988 5164 NOTAE.

92 5230 148 5299 (ὅθ’)
162 5229 313 5299 inscriptio
328 5230 390 5282 haec
405 5226 549 5296 hodieque
563 5226 594 5280 in
608 5227 785 5297 sarcophago
801 5228 905 5291 exstat,
961 5239 1026 5294 pars
1050 5223 1123 5278 hanc
1147 5223 1363 5294 inscriptionem
1389 5225 1503 5280 exhibet
1530 5242 1537 5280 τ
1563 5226 1806 5284 aauuwauutts

58 5318 82 5355 v.
100 5303 184 5356 liratz
206 5299 427 5369 descriptionem
451 5299 576 5352 ecclesias
600 5297 830 5379 rnetropolitanm
852 5296 908 5377 llil·
961 5304 1023 5367 [ζῇς
1042 5312 1173 5367 sssgvvs
1192 5313 1377 5368 SERVORVM
1397 5305 1462 5368 xpp·

57 5371 263 5427 desheimensis
288 5376 357 5425 tom.
386 5369 433 5438 lll,
462 5369 518 5422 tab.
549 5371 590 5422 ta.
621 5368 740 5421 inferior
766 5368 906 5437 sarcofagi

93 5538 131 5601 ra)
148 5530 319 5601 Pilegriuus.
