3878 6112
54 248 122 303 toll
528 247 767 306 DECRETORUM
789 249 882 305 LIBRI
899 248 954 305 XX.
970 277 1005 290 -
1021 250 1124 306 clean
1145 249 1340 306 vicesimus.
1740 253 1809 308 {⁰42

51 369 185 438 piuntur.
201 366 396 438 Quodetipsa
410 384 463 440 per
477 387 506 424 se
520 370 629 424 Veritas
643 375 774 437 testatur,
788 371 902 427 diceus:
919 373 942 427 Α
961 371 1053 425 verbis
1081 376 1178 441 aperte
1206 371 1363 426 declaratur
1393 371 1461 442 quia
1489 380 1518 427 et
1550 373 1619 427 boni
1649 375 1749 442 bonos,
1778 379 1807 430 et

52 457 221 527 Ubicunque
237 456 448 528 lueritcorpus,
471 458 901 531 illuccongregabunturaqui·
957 460 1023 514 mali
1051 466 1206 529 agnoscant
1221 461 1321 514 malos.
1348 460 1377 515 Si
1396 460 1643 531 igilurAbrabam
1668 464 1805 518 Lazarum

50 545 88 600 ιω
107 562 114 600 :
133 545 202 615 quia
222 545 272 599 ubi
296 545 356 615 ipse
380 548 556 617 Redemptor
579 554 678 602 noster
704 556 747 602 est
769 564 899 620 corpore,
956 548 1075 602 minime
1095 555 1321 618 recognosceret,
1339 565 1522 620 nequaquam
1545 552 1579 606 ad
1596 551 1712 606 divitem
1729 552 1802 623 posi·

48 633 121 688 illuc
142 633 242 704 procul
266 633 353 688 dubio
377 634 553 705 colliguntur
568 641 595 689 et
618 635 722 689 auimae
743 636 898 704 justorum.
954 641 1016 690 tum
1037 637 1068 690 in
1091 637 1240 691 tormentis
1264 638 1299 691 de
1321 642 1463 691 transacta
1484 639 1545 708 ejus
1570 640 1743 694 contritione
1765 640 1806 694 lo·

50 725 85 779 Et
112 724 216 778 Paulus
239 722 355 776 dissolvi
379 724 531 790 desiderat,
557 730 586 776 et
604 740 667 776 cuni
691 723 802 778 Christo
826 736 897 775 esse.
954 729 1101 793 queretur,
1121 724 1219 779 dicens
1240 725 1344 790 :Quod
1370 727 1444 778 mala
1459 728 1600 797 receperit
1619 727 1648 782 iu
1668 728 1802 794 silasne,

50 811 106 876 Qui
127 827 196 881 ergo
222 810 365 865 Christum
390 812 496 865 esseio
518 812 596 866 ccctis
613 827 672 865 non
700 810 821 876 dubitat,
847 825 899 863 nec
953 810 1025 865 Etsi
1054 813 1123 867 mali
1144 814 1235 868 malos
1259 829 1318 867 non
1343 821 1592 884 recognoscerent,
1619 832 1803 887 nequaquam

47 899 132 955 Pauli
155 899 281 952 animam
311 916 372 952 csse
396 900 426 953 in
449 902 519 954 coslo
548 906 646 970 negat.
670 899 724 964 Qui
752 899 838 952 etiam
863 899 898 951 de
952 898 1083 955 diresin
1111 902 1262 956 tormentis
1286 902 1397 972 positus
1424 902 1545 956 fratrum
1573 919 1690 958 suorum
1714 904 1801 960 etiam

46 987 241 1043 dissolutione
266 987 461 1056 snicorporis,
487 994 572 1058 atque
595 988 774 1042 habitatione
797 985 897 1058 patriae
951 989 1110 1043 absentiam
1141 990 1325 1044 meminisset.
1357 991 1505 1054 Quomodo
1533 992 1610 1045 enim
1647 997 1802 1062 praesentcs

46 1075 171 1130 coelestis
196 1073 286 1127 dicit:
304 1073 414 1128 Scimus
438 1076 543 1146 quiesi
560 1075 699 1129 terrestris
724 1076 826 1129 domus
842 1089 895 1127 uo·
952 1093 1009 1132 non
1032 1084 1128 1149 posset
1143 1095 1308 1148 agnoscere,
1325 1078 1376 1149 qui
1391 1079 1477 1134 edam
1493 1095 1545 1148 pro
1560 1080 1723 1134 absentium
1737 1096 1800 1135 me·

45 1170 106 1220 stra
136 1165 220 1233 liujus
245 1162 430 1216 habitationis
457 1163 638 1229 dissolvatur,
669 1163 745 1234 quod
773 1162 895 1216 adifica-
951 1167 1043 1221 moria
1056 1168 1166 1221 curavit
1181 1167 1389 1231 exorareiQua
1402 1167 1431 1220 iu
1450 1184 1480 1221 re
1494 1169 1564 1222 illud
1576 1184 1692 1240 quoque
1708 1175 1801 1224 osten·

44 1247 156 1302 tionem
177 1250 317 1304 babemus
331 1268 365 1305 ex
382 1254 448 1316 lleo,
475 1252 592 1307 domum
609 1269 668 1308 nou
691 1253 894 1318 manufactam,
950 1255 1037 1321 ditur,
1054 1257 1130 1326 quod
1146 1272 1327 1328 nequaquam
1344 1258 1405 1326 ipse
1421 1257 1588 1327 requisisti:
1604 1257 1800 1327 quiaetboni

43 1338 99 1391 scd
115 1345 248 1393 aternam
265 1340 294 1394 iu
309 1341 396 1396 coelis.

43 1441 112 1498 Car.
131 1444 215 1498 LXVI.
232 1473 268 1485 -
282 1444 358 1510 Quod
364 1447 447 1514 justi,
465 1449 493 1500 in
509 1447 552 1500 die
562 1448 674 1515 judicii,
691 1450 845 1502 animorum
859 1450 894 1501 si·

198 1515 256 1570 mul
271 1522 295 1570 ct
310 1532 451 1586 corporum
467 1519 556 1585 glorio
570 1519 743 1573 laetabuntur.

82 1601 142 1673 (Ea
157 1602 256 1657 eodem.
272 1605 343 1658 Petr.
363 1608 412 1659 int.
428 1604 510 1674 ὓπερ.
527 1607 610 1676 respJ)
626 1606 654 1661 Si
671 1606 760 1677 igitur
773 1622 850 1661 nuuc
862 1607 893 1660 iu

949 1345 1050 1409 malos,
1075 1351 1103 1397 et
1117 1344 1185 1398 mali
1202 1351 1382 1413 cognoscunt
1403 1345 1504 1399 bonos.
1531 1346 1601 1399 Nam
1626 1350 1654 1398 et
1671 1345 1749 1399 dives
1764 1345 1799 1401 ab

948 1432 1093 1487 Abrabam
1116 1435 1309 1502 cognoscitur,
1326 1448 1391 1486 cum
1417 1433 1523 1487 dictum
1544 1440 1587 1486 est
1604 1451 1610 1486 :
1627 1433 1797 1500 Recordare,

949 1520 1015 1590 quia
1042 1520 1173 1589 recepisti
1198 1520 1272 1574 bona
1296 1522 1326 1573 in
1343 1522 1399 1573 vita
1414 1528 1524 1575 trratet
1548 1523 1655 1576 electus
1678 1522 1799 1576 Lazarus

949 1608 1102 1679 arcprobo
1127 1612 1169 1662 est
1184 1608 1272 1663 divite
1296 1609 1438 1678 cognitos,
1459 1625 1546 1679 quem
1564 1610 1637 1663 mitti
1665 1615 1798 1680 precatur

40 1690 117 1745 coelo
140 1695 206 1755 scint
230 1691 333 1747 animae
355 1692 513 1762 justorum,
539 1694 608 1764 quid
632 1699 675 1748 est
697 1695 751 1748 boc
769 1694 891 1765 quodin
948 1712 982 1750 ex
1015 1696 1144 1764 nomine,
1177 1697 1273 1752 dicens
1298 1714 1305 1751 t
1331 1698 1407 1752 llitte
1438 1699 1586 1761 Lazarum,
1615 1704 1646 1751 ut
1675 1698 1798 1769 intingat

39 1776 91 1832 die
104 1779 205 1847 ,uuicti
221 1796 273 1850 pro
294 1780 414 1849 justitiae
437 1796 495 1833 suae
518 1781 706 1835 retributione
726 1783 893 1851 recipiunt?

38 1894 78 1906 -
96 1866 153 1921 Huc
170 1867 200 1921 iu
215 1868 256 1921 cis
271 1869 408 1921 nimirum
425 1870 525 1922 crescit
548 1869 576 1922 ιιι
589 1869 708 1938 judicio,
725 1871 800 1941 quod
816 1886 892 1924 nunc

38 1955 208 2009 animarum
233 1956 302 2024 sola,
329 1958 510 2026 postmodum
536 1973 600 2011 rero
624 1973 775 2028 corporum
801 1958 891 2012 beati·

36 2044 144 2099 tudine
167 2045 362 2115 perimantur,
386 2050 416 2099 ot
439 2045 468 2100 iu
491 2045 553 2116 ipsa
576 2062 692 2116 quoque
714 2062 798 2099 carne
820 2062 890 2116 gau·

36 2131 139 2199 deaut,
174 2134 203 2186 in
235 2149 291 2203 qua
315 2133 428 2198 dolores
458 2150 510 2204 pro
539 2134 661 2187 Domino
694 2133 890 2206 cruciatusque

36 2221 233 2292 pertulerunt.
251 2222 304 2274 Pro
329 2220 383 2275 bac
396 2221 503 2292 quippe
522 2221 668 2292 geminata
683 2238 782 2274 eorum
799 2221 891 2292 gloria

35 2309 181 2377 scriptum
209 2314 250 2363 est
272 2326 279 2363 :
300 2311 332 2364 ln
362 2315 437 2364 terra
462 2327 513 2364 sua
541 2310 667 2380 duplicia
694 2310 889 2380 possidebunt.

37 2396 114 2451 ilinc
129 2398 215 2451 etiam
240 2402 306 2452 ante
332 2398 547 2453 resurrectionis
562 2398 638 2453 diem
665 2398 700 2452 de
726 2407 889 2453 sanctorum

948 1791 1106 1838 extremum
1133 1784 1215 1855 digiti
1244 1785 1288 1839 sui
1314 1785 1344 1839 in
1372 1802 1487 1856 aquam,
1505 1791 1535 1840 ut
1560 1785 1712 1856 refrigeret
1741 1786 1797 1840 lin-

946 1888 1034 1944 guam
1059 1888 1162 1927 meam.
1179 1874 1210 1928 lu
1227 1889 1285 1944 qua
1306 1874 1435 1927 videlicet
1459 1874 1623 1943 cognitione
1647 1874 1797 1946 utriusque

947 1961 1036 2030 partis
1051 1961 1183 2014 cumulus
1199 1960 1396 2015 retributionis
1411 1963 1556 2028 excrescit,
1574 1967 1602 2016 et
1614 1968 1644 2016 ut
1657 1963 1723 2016 boni
1738 1978 1797 2016 am·

946 2047 1023 2116 plius
1042 2048 1187 2118 gaudeant
1204 2064 1210 2100 :
1227 2047 1297 2118 quia
1312 2063 1406 2101 secum
1425 2064 1472 2102 cos
1488 2049 1579 2102 letari
1603 2049 1793 2120 conspiciunt,

946 2152 1019 2208 quos
1042 2141 1211 2190 amaverunt
1227 2152 1233 2190 :
1250 2141 1280 2190 et
1296 2135 1363 2190 mali
1377 2137 1446 2190 dum
1461 2152 1525 2190 cum
1549 2136 1589 2189 eis
1611 2141 1794 2207 torquentur,

946 2241 1017 2296 quos
1030 2224 1061 2279 in
1075 2225 1129 2278 boc
1145 2225 1251 2278 mundo
1264 2223 1398 2292 despecto
1414 2224 1472 2278 Deo
1488 2224 1658 2289 dilexerunt,
1674 2240 1722 2277 eos
1737 2240 1794 2280 non

945 2314 1039 2367 solum
1064 2328 1124 2379 sua,
1155 2313 1306 2366 sedetiam
1333 2328 1432 2366 eornm
1458 2328 1543 2382 poena
1565 2316 1726 2366 consumat.
1751 2313 1796 2367 ιἰι

945 2407 1043 2456 autem
1065 2401 1096 2456 in
1111 2402 1208 2456 electis
1231 2401 1367 2471 quiddam
1393 2401 1553 2456 mirabilius
1570 2417 1577 2454 ε
1594 2400 1733 2470 quianon
1749 2418 1795 2455 so·

36 2484 192 2539 animabus
207 2485 343 2557 scriptum
361 2491 403 2540 est
415 2502 422 2539 :
436 2488 513 2540 [latre
528 2490 595 2540 sunt
610 2487 666 2540 illis
679 2486 799 2558 singulae
810 2488 888 2541 stola

38 2573 126 2636 albae,
142 2579 170 2626 et
194 2573 301 2627 dictum
327 2580 370 2628 est
393 2574 449 2628 illis
477 2580 507 2628 nt
531 2575 746 2647 requiescerent
774 2583 889 2647 tempus

945 2491 1005 2545 lum
1030 2506 1079 2544 eos
1094 2496 1273 2560 cognoscunt
1298 2506 1368 2560 quos
1392 2489 1423 2543 in
1438 2489 1491 2543 buc
1507 2489 1615 2542 inundo
1640 2494 1793 2555 noverunt,

945 2579 994 2633 sed
1008 2579 1085 2633 velut
1099 2578 1173 2632 visos
1188 2593 1220 2631 ac
1235 2577 1365 2647 cognitos
1380 2585 1588 2647 recognoscunt
1605 2577 1704 2643 bonos,
1721 2592 1794 2646 quos

37 2660 136 2716 adbuc
158 2663 315 2731 modicum,
338 2663 428 2718 donec
443 2663 598 2733 impleatur
620 2680 756 2718 numerus
775 2681 889 2720 couser-
945 2681 1094 2736 nonquam
1110 2667 1251 2719 viderunt.
1271 2667 1342 2719 Nam
1358 2681 1422 2718 com
1439 2665 1572 2734 antiquos
1587 2674 1684 2734 patres
1699 2665 1728 2718 in
1743 2665 1793 2719 illa

36 2764 153 2814 rorum,
169 2757 197 2803 et
213 2751 336 2804 fratrum
351 2767 462 2805 eorum.
484 2751 539 2816 Qui
553 2751 650 2823 itaque
672 2769 748 2806 nuuc
763 2753 890 2824 singulas
945 2761 1051 2809 esterna
1064 2754 1234 2808 hereditate
1244 2753 1378 2815 viderint,
1389 2753 1430 2807 eis
1444 2753 1582 2822 incogniti
1593 2768 1644 2823 per
1654 2751 1793 2807 visionem

37 2843 223 2907 acceperuut,
249 2839 404 2907 injudicio
432 2840 512 2894 binas
535 2841 621 2894 stolas
646 2841 769 2895 babituri
798 2847 887 2897 sunt:
944 2860 1002 2897 non
1027 2847 1121 2909 erunt,
1150 2858 1222 2912 quos
1247 2841 1381 2911 inopere
1405 2857 1519 2911 semper
1543 2846 1695 2918 noverunt.
1720 2841 1792 2906 Quia

37 2926 111 2997 quia
131 2927 216 2981 modo
233 2928 396 2982 animarum
417 2945 460 2983 res
475 2930 675 2985 tautummodo
700 2931 805 3002 agitur,
822 2932 925 2988 tuucC
944 2933 1021 2984 enim
1042 2930 1101 2985 illic
1116 2945 1216 2984 omnes
1239 2930 1388 2984 communi
1413 2930 1540 2983 claritate
1557 2931 1647 2983 Deum
1674 2928 1790 3000 conspi-

38 3020 136 3073 autem
159 3014 320 3069 animarum
347 3016 434 3070 simul
458 3021 486 3070 et
514 3033 667 3088 corporum
691 3018 782 3089 gloria
806 3019 887 3074 laeta·
943 3018 1032 3081 ciunt,
1048 3020 1118 3090 quid
1134 3017 1262 3088 estquod
1277 3018 1315 3072 ibi
1328 3019 1463 3081 nesciant,
1480 3018 1528 3071 ubi
1545 3017 1682 3071 scientem
1694 3018 1791 3071 omnia

36 3101 157 3159 buntur·
943 3106 1060 3162 sciunt‘l
1084 3109 1155 3161 Nam
1172 3107 1290 3178 quidam
1306 3112 1404 3161 noster
1418 3112 1447 3160 et
1461 3106 1526 3159 ritae
1550 3106 1720 3159 venerabilis
1736 3106 1789 3174 ιιι,

38 3209 105 3265 cns,
123 3208 223 3263 mvn,
247 3238 284 3251 ..
299 3208 338 3264 02
360 3210 418 3275 ΜΟ,
443 3212 544 3266 siponi
559 3212 638 3266 pom,
657 3213 793 3279 immo,
809 3214 889 3267 „9155
943 3195 1152 3266 religiosusque
1177 3196 1257 3248 valde
1282 3201 1311 3249 et
1333 3194 1497 3261 laudabilis,
1518 3210 1584 3247 cum
1610 3201 1675 3248 ante
1698 3193 1789 3248 trien·

201 3281 267 3334 mati
281 3281 366 3335 inuios
377 3283 407 3334 iu
421 3270 555 3351 supplicio
569 3287 727 3351 agnoscent.
924 3283 1024 3337 ¹oium
1048 3288 1220 3341 moreretur,
1244 3281 1316 3336 sicut
1340 3281 1467 3352 religiosi
1488 3282 1546 3349 alii,
1570 3282 1619 3353 qui
1637 3286 1790 3351 presentes

75 3368 131 3438 (Ec
147 3367 244 3422 eodem.
261 3369 333 3422 Petr.
352 3371 401 3423 int.
420 3371 502 3436 Grec.
526 3371 611 3440 resp.)
628 3371 714 3425 Nosse
733 3370 844 3432 vellem,
864 3371 888 3425 si
941 3371 1067 3437 luerunt,
1100 3370 1196 3424 testati
1229 3375 1303 3435 suut,
1333 3369 1361 3423 in
1395 3371 1465 3424 bora
1498 3370 1543 3423 sui
1567 3369 1659 3424 exitus
1688 3371 1790 3424 lunam

39 3456 109 3512 boni
131 3456 222 3510 bonos
246 3456 275 3510 iu
295 3472 393 3528 regno,
416 3458 460 3512 vel
484 3457 553 3512 mali
574 3459 664 3512 malos
688 3458 718 3512 iu
742 3459 888 3529 suppliciis
942 3460 1123 3530 prophetam,
1150 3457 1324 3511 Ezechielem
1350 3473 1466 3528 quoque
1482 3465 1510 3510 et
1533 3458 1681 3512 Danielem
1705 3458 1791 3528 coepit

38 3544 360 3622 agnoscant.-llujus
376 3545 416 3598 rei
432 3546 575 3600 sententia
589 3545 618 3600 in
633 3545 726 3599 verbis
739 3552 782 3598 est
799 3546 889 3600 domi·
943 3547 1078 3617 aspicere.
1109 3544 1277 3608 Quosdam
1307 3545 1416 3597 senisse
1442 3544 1475 3597 ad
1500 3544 1660 3607 sedicerat,
1689 3551 1718 3597 ct
1740 3545 1789 3599 de·

38 3632 124 3698 uicis,
150 3649 236 3703 quam
257 3633 317 3703 jam
335 3634 467 3703 superius
491 3633 674 3703 protulimus,
698 3634 758 3687 luce
784 3633 888 3687 clarius
942 3634 1049 3705 pressis
1063 3633 1219 3687 luminibus
1229 3633 1270 3685 eis
1280 3632 1445 3686 reverentia
1457 3631 1789 3702 obsequiumprarberet‚

38 3722 245 3777 demonstrata.
272 3722 303 3775 lu
330 3722 435 3792 quibos
458 3738 523 3776 cum
548 3722 654 3776 dictum
681 3727 778 3775 esset:
798 3723 887 3775 llomo
943 3739 975 3777 er
989 3737 1073 3776 carue
1089 3722 1206 3776 eductus
1216 3724 1267 3773 est.
1284 3720 1346 3785 Qua
1356 3719 1384 3772 in
1402 3736 1431 3773 re
1447 3726 1544 3789 aperte
1556 3720 1639 3774 datur
1654 3720 1787 3790 intelligi,

39 3809 160 3882 quidam
176 3815 236 3862 erat
260 3810 348 3875 dives,
370 3815 398 3864 et
413 3810 588 3864 induebatur
607 3826 733 3881 purpura
750 3815 778 3864 el
792 3810 886 3882 bysso,
942 3827 1007 3882 quae
1022 3810 1077 3864 crit
1092 3809 1121 3863 iu
1136 3809 1186 3863 illa
1209 3806 1418 3877 incorruptibili
1434 3807 1490 3861 vita
1506 3808 1618 3874 notitia,
1634 3807 1657 3861 si
1680 3808 1789 3863 viriste

39 3904 69 3954 ct
90 3898 262 3968 epulabatur
289 3897 418 3968 quotidie
447 3899 663 3968 splendidezet
687 3887 747 3952 erat
771 3898 887 3968 quidam
942 3899 1036 3954 adbuc
1056 3900 1184 3953 incarne
1207 3896 1387 3966 corruptibili
1411 3896 1530 3966 positus,
1550 3897 1705 3966 prophotas
1728 3913 1791 3950 san·

40 3985 190 4042 mendicus
208 3984 324 4039 uomina
354 3985 486 4051 Lazarus,
510 3985 560 4056 qui
582 3985 696 4056 jacebat
721 3986 755 4039 ad
767 3986 887 4056 januam
942 3994 1012 4057 ctos,
1038 4003 1111 4058 quos
1127 3985 1263 4040 nimirum
1287 4000 1435 4054 uunquam
1452 3983 1533 4049 ridit,
1560 3984 1687 4052 agnovit.
1713 3984 1791 4040 Solet

39 4075 102 4146 ejus
118 4073 261 4128 ulceribus
276 4074 389 4144 plenus,
411 4074 528 4145 cupiens
544 4073 664 4128 saturari
679 4075 713 4127 de
728 4074 808 4128 micis
823 4089 888 4144 quse
943 4082 1037 4131 aulem
1061 4076 1230 4146 plerumque
1254 4073 1433 4143 contingere,
1459 4077 1491 4127 ut
1516 4089 1666 4143 egressura
1693 4073 1790 4128 anima

39 4161 180 4218 cedebant
194 4162 229 4217 de
253 4178 351 4216 rnensa
374 4162 480 4229 divitis,
497 4168 525 4217 et
550 4178 635 4216 nemo
650 4162 693 4216 illi
714 4162 812 4229 dabat;
837 4164 888 4220 sed
944 4182 993 4219 reos
1017 4167 1103 4219 etiam
1127 4166 1311 4232 recognoscat
1336 4175 1402 4214 cnm
1422 4160 1527 4231 quibus
1548 4176 1600 4231 pro
1625 4160 1790 4231 equalitate

39 4256 69 4306 et
92 4267 177 4305 canes
193 4250 356 4319 veniebant,
380 4256 408 4305 ct
423 4251 571 4322 lingebant
593 4252 688 4304 ulcera
710 4251 791 4321 ejus;
817 4253 885 4306 sub-
944 4256 1104 4324 culparum,
1130 4249 1174 4303 rel
1198 4248 1283 4302 etiarn
1301 4247 1500 4319 premiorum,
1524 4248 1554 4302 in
1568 4264 1625 4302 nne
1648 4255 1691 4303 est
1706 4265 1790 4304 man·

36 4339 172 4411 junctum
197 4343 247 4403 est,
274 4339 350 4409 quod
374 4340 493 4393 Lazarus
519 4345 647 4393 mortuus
677 4345 838 4409 portaretur
854 4342 888 4395 ab
943 4341 1023 4398 sione
1039 4338 1201 4410 deputanda
1218 4354 1225 4392 :
1242 4337 1319 4408 quod
1334 4336 1418 4391 multi
1436 4336 1466 4390 in
1481 4352 1514 4390 eo
1530 4336 1608 4391 exitu
1631 4337 1727 4392 vident
1740 4337 1790 4409 qui

39 4427 153 4498 angelis
171 4427 200 4481 in
217 4428 312 4481 sinum
330 4427 460 4495 abraba,
477 4435 506 4481 et
521 4433 651 4481 mortuus
667 4428 745 4482 diras
761 4431 889 4499 sepultus
943 4432 992 4484 aut
1006 4428 1036 4482 in
1050 4442 1140 4497 reguo
1154 4431 1204 4479 aut
1218 4426 1248 4479 in
1262 4425 1404 4496 supplicio
1422 4440 1505 4494 pares
1520 4423 1711 4480 habebuntur.

39 4523 85 4572 est
104 4516 134 4570 in
158 4515 282 4570 interno.
305 4515 359 4580 Qui
375 4517 489 4570 elevans
512 4518 609 4569 oculos
626 4532 702 4581 suos,
726 4532 791 4570 cum
815 4523 889 4572 esset
944 4535 1007 4589 (Ἀρ,
1031 4533 1148 4588 valn,
1167 4561 1197 4573 -
1215 4535 1252 4588 De
1267 4532 1325 4598 leuc,
1341 4534 1366 4586 et
1384 4534 1457 4598 ignis
1481 4535 1661 4601 purgatorius
1677 4533 1790 4587 mum.

38 4605 69 4660 in
87 4604 248 4670 tormentis,
264 4604 336 4659 vidit
358 4605 533 4659 abrahama
549 4606 643 4674 longo,
664 4610 692 4657 et
706 4605 843 4660 Lazarum
859 4608 888 4660 iu
943 4605 994 4661 dus
1009 4608 1055 4671 rit,
1076 4607 1125 4675 qui
1143 4608 1329 4674 postmortem
1351 4606 1491 4658 animaru
1510 4606 1628 4671 peccatis
1647 4608 1788 4672 expurget.

39 4693 106 4748 sino
131 4693 203 4762 ejus,
221 4698 249 4747 et
269 4694 331 4763 ipse
355 4693 492 4760 clamans,
515 4693 586 4746 dixit
604 4695 710 4747 :Pater
733 4693 887 4761 Abraham,
979 4693 1033 4764 (Etr
1047 4692 1146 4747 eodem.
1164 4693 1236 4746 Petr.
1259 4693 1309 4744 int.
1327 4690 1407 4755 Grec.
1423 4691 1508 4757 resp.)
1527 4689 1638 4744 Discere
1650 4690 1750 4744 vellem
1767 4689 1792 4742 si

39 4782 179 4838 miserere
204 4782 272 4845 mei,
289 4787 317 4836 et
340 4783 421 4837 mitte
439 4783 587 4849 Lazarum,
612 4789 642 4836 ut
659 4781 782 4855 intingat
796 4788 888 4838 extra·
943 4786 1142 4853 postmortem
1160 4779 1235 4851 ignis
1249 4778 1432 4848 purgatorius
1447 4792 1508 4831 esse
1522 4777 1682 4831 credendus
1695 4780 1792 4833 est.-

39 4886 123 4928 mum
133 4870 216 4941 digiti
226 4870 308 4925 suiiu
319 4887 434 4941 equum,
447 4875 478 4924 ut
489 4871 637 4941 refrigeret
648 4871 774 4941 linguam
783 4888 886 4928 meam.
943 4869 974 4925 lu
989 4868 1141 4938 Evangelio
1163 4866 1301 4921 Dominus
1323 4865 1391 4920 dicit
1408 4880 1415 4919 :
1430 4864 1591 4929 ambulate,
1611 4864 1680 4919 dum
1698 4866 1790 4919 lucem

38 4959 96 5015 Cui
115 4958 258 5013 Abrabam
284 4960 373 5013 dicit:
392 4959 454 5024 Fili,
481 4958 641 5024 recordare,
667 4959 736 5030 quia
756 4962 888 5030 recepisti
943 4957 1064 5013 habetis.
1081 4957 1135 5011 Per
1155 4954 1323 5025 prophetam
1345 4969 1461 5024 quoque
1476 4954 1517 5007 ait
1534 4969 1541 5006 ι
1556 4954 1695 5023 Tempore
1711 4968 1790 5006 acce·

37 5046 235 5102 bonainvita
260 5053 318 5115 tua,
341 5052 369 5100 et
392 5047 513 5101 Lazarus
538 5046 670 5100 similiter
693 5047 776 5101 mala.
807 5048 889 5103 llives
936 5051 992 5117 pto
1017 5043 1148 5099 exaudiri
1165 5050 1199 5105 te,
1227 5042 1301 5097 etin
1326 5041 1372 5097 die
1397 5042 1497 5096 salutis
1525 5041 1622 5112 adjuvi
1646 5046 1683 5096 te.
1710 5039 1791 5105 Quod

37 5139 138 5188 autem
155 5133 190 5188 de
213 5135 307 5203 seipso
326 5134 387 5204 jam
411 5150 491 5203 spem
509 5134 608 5188 salutis
633 5151 691 5188 non
718 5116 838 5201 habens,
852 5137 888 5191 ad
945 5134 1048 5189 Paulus
1062 5132 1207 5202 apostolus
1221 5146 1378 5199 exponens,
1394 5130 1466 5185 dixit
1481 5147 1487 5183 :
1501 5131 1569 5184 Ecce
1583 5144 1661 5184 nunc
1675 5134 1791 5201 tempus

38 5222 263 5294 promerendam
289 5238 405 5276 suorum
422 5223 542 5276 salutem
565 5222 751 5289 convertitur,
768 5221 888 5277 dicens:
943 5219 1126 5292 acceptabile,
1149 5224 1202 5274 etc.
1228 5220 1363 5274 Salomon
1380 5235 1496 5290 quoque
1511 5218 1552 5277 ait
1573 5235 1579 5273 :
1597 5218 1791 5290 Quodcunque

40 5311 124 5381 Rogo
140 5316 178 5375 le,
194 5318 285 5380 pater,
300 5317 332 5365 nt
345 5310 441 5365 mittas
456 5327 521 5364 eum
538 5310 568 5364 in
579 5310 698 5364 domum
710 5312 798 5380 patris
813 5311 870 5365 mei
882 5332 888 5366 a
944 5313 1036 5380 potest
1048 5324 1151 5362 manos
1164 5313 1213 5363 tua
1227 5307 1330 5373 lacere,
1344 5306 1483 5360 instanter
1496 5321 1616 5377 operare
1633 5322 1640 5362 ε
1657 5305 1726 5377 quia
1739 5321 1793 5361 nec

39 5398 136 5454 habco
151 5399 228 5453 cuim
251 5399 379 5470 quinque
407 5399 518 5464 tratres,
536 5403 566 5451 ut
589 5404 707 5451 testetur
729 5398 794 5460 iltis,
813 5413 847 5451 ne
861 5403 890 5452 et
944 5413 1026 5468 opus,
1041 5413 1093 5451 uec
1108 5395 1191 5461 ratio,
1205 5412 1257 5451 nec
1277 5395 1408 5462 scientia,
1423 5411 1473 5448 nec
1489 5394 1630 5465 sapientia
1644 5393 1701 5448 erit
1714 5394 1791 5465 apud

39 5486 99 5556 ipsi
123 5485 240 5540 saniant
261 5485 291 5539 in
316 5487 410 5540 locum
433 5487 510 5541 bunc
536 5490 756 5540 tormentorum.
782 5485 890 5550 Quibus
944 5485 1058 5550 interos,
1074 5501 1133 5556 quo
1148 5489 1179 5540 tu
1195 5499 1341 5556 properas.
1355 5481 1791 5555 Daridquoqueaitrssuoniam
