3878 6112
1532 106 1603 161 U

598 292 677 351 vrrs
695 290 723 348 s.
743 281 969 347 asenniam.
1608 297 1661 355 ιω

70 422 113 464 rm
141 407 318 477 citabantur,
343 408 445 464 babitu
481 409 637 466 admodum
660 409 752 466 nitido
771 412 791 466 a
808 416 974 481 suppetere,
990 411 1206 482 oboedientiam,
1224 417 1323 469 tanim
1356 415 1506 473 caritatem
1532 424 1561 474 et
1580 436 1660 477 reve·

70 499 107 553 tto
136 496 296 564 venientes,
338 502 372 553 ut
405 513 479 553 verra
503 499 554 554 liei
579 501 690 556 ancillae
722 501 758 554 ab
811 499 935 554 rentiam
956 498 1016 554 suis
1053 501 1281 556 antecessoribus
1304 501 1339 557 ab
1358 503 1474 560 illerum
1503 508 1661 578 majoribus

70 584 241 641 iubebantur
260 600 292 639 uc
308 586 525 641 venerabantur.
540 587 594 643 Sed
606 594 757 660 postquam
812 584 980 653 exhibitam,
991 601 1051 641 non
1065 601 1167 641 ausum
1196 603 1249 642 sua
1275 588 1389 645 levitate
1416 592 1572 665 negligere.
1596 594 1661 652 ilaec
1720 639 1725 647 .

70 673 233 746 uperlluitas
247 674 376 743 accessit,
392 690 507 730 morum
522 675 677 731 insolentia
694 676 757 731 sub·
812 689 877 728 cum
892 677 1013 744 paterno
1024 674 1121 730 animo
1137 682 1307 745 perorasset,
1334 680 1436 750 majori
1453 681 1519 736 odio
1538 685 1661 754 peccatis

70 761 236 819 rhoedientia
263 763 385 833 torpuit,
413 765 527 834 repulsa
555 765 757 836 episcoporum
812 761 1027 817 stimulantibus
1056 762 1119 817 illus
1147 762 1177 818 iu
1210 780 1240 818 se
1268 767 1431 834 concitavit,
1451 769 1558 843 Sophia
1584 777 1661 828 utro·

76 867 84 918 ;
99 850 179 923 quod
192 851 295 921 cuique
317 857 379 907 eret
398 852 545 922 placitum,
563 854 685 909 iaciebat
700 854 759 909 lici·
813 849 899 923 hique
914 867 948 905 ex
972 853 1053 922 parte
1076 851 1285 924 archiepiscopi
1299 870 1331 909 ac
1344 859 1577 929 congregationis
1592 877 1659 933 per·

70 939 104 995 ita
118 945 162 994 est
180 955 294 1011 quoqne
305 925 341 995 ad
356 946 544 1011 augmentum
557 942 625 997 mali
647 942 759 998 diutina
812 944 946 1010 urgente.

79 1027 194 1084 domnas
208 1027 371 1100 Gerburgis,
386 1028 516 1099 ejusdem
536 1031 659 1087 coenobii
675 1047 758 1086 vene·
850 1030 892 1082 lu.
914 1027 1040 1083 instabat
1058 1033 1156 1084 autem
1182 1030 1264 1097 hora,
1292 1047 1351 1103 qua
1371 1031 1478 1089 domna
1506 1036 1661 1110 Gerhurgis

77 1118 100 1183 ’ξ
115 1119 225 1185 matris,
237 1117 267 1171 in
282 1118 515 1188 qnamllominus
529 1119 653 1189 plurima
668 1118 757 1175 virtu·
812 1115 969 1171 aecclesiam
983 1132 1069 1188 quam
1083 1122 1284 1173 construxerat
1302 1121 1462 1176 consecrari
1482 1122 1659 1195 depoposce-

70 1203 116 1260 nia
124 1206 242 1260 contulit
253 1225 261 1272 ;
272 1205 404 1261 decessus
419 1222 536 1278 quoque
555 1207 757 1279 religiosarum
812 1208 868 1260 rat.
888 1204 967 1260 Unde
983 1203 1052 1276 quia
1064 1205 1135 1275 ipsa,
1153 1205 1264 1261 diutina
1287 1206 1454 1264 infirmitate
1476 1209 1606 1283 fatigate,
1621 1214 1656 1268 ed

72 1307 138 1364 quae
152 1292 206 1347 sub
221 1292 380 1348 nutrimine
394 1293 520 1365 antiquae
535 1294 694 1366 disciplinas
712 1295 757 1350 in·
812 1292 944 1348 obeunda
955 1298 1042 1348 tantm
1055 1293 1216 1348 festivitatis
1231 1295 1403 1366 sollempnia
1429 1298 1548 1354 minime
1573 1300 1658 1356 suile·

70 1384 158 1436 srant.
176 1380 442 1436 Numerosauutem
457 1381 594 1452 juventus
614 1381 757 1452 virginum
811 1385 899 1450 cerat,
923 1380 1038 1453 Sophia,
1066 1381 1184 1437 domina
1208 1387 1238 1437 et
1265 1388 1355 1439 matre
1371 1386 1578 1454 consentiente,
1593 1393 1657 1444 stu·

70 1472 131 1523 erat
155 1468 185 1522 in
222 1469 362 1537 tyrocinio
374 1470 486 1525 Claristi.
510 1470 579 1536 Qum
602 1469 757 1540 {delicatius
812 1469 891 1524 dium
904 1470 978 1524 tanti
991 1468 1097 1525 laboris
1112 1475 1314 1542 assumpserat.
1340 1473 1372 1526 El
1387 1489 1469 1528 more
1508 1491 1559 1530 suo
1587 1492 1656 1546 prc-
1701 1475 1708 1486 '

84 1561 191 1611 metam
215 1557 319 1628 prioris
350 1557 508 1628 disciplina
533 1575 566 1613 ac
598 1558 756 1614 severitatis
811 1557 908 1629 prium
920 1557 1121 1630 episcopum⁶¹
1142 1562 1359 1631 postponuntet
1384 1560 1537 1632 abjiciunt;
1564 1563 1680 1618 archi·'

70 1660 89 1713 s,
105 1649 136 1698 nt
150 1647 194 1700 est
208 1645 367 1700 humanum
395 1651 460 1716 post
478 1663 530 1701 sua
549 1651 614 1701 vota
628 1647 755 1703 declina·
811 1645 964 1718 episcopus
974 1645 1137 1713 accersitur,
1153 1662 1209 1719 quo
1239 1647 1389 1702 ordinante
1407 1654 1510 1704 cuncta
1523 1650 1560 1705 ad
1572 1650 1658 1706 dedi·

70 1731 252 1804 hiaquoque,
274 1733 380 1788 domna
396 1734 543 1806 Gerburga
567 1735 656 1790 invita
680 1735 755 1790 mul·
811 1735 953 1791 cntionem
986 1734 1160 1807 pertinentis
1195 1735 1402 1806 disponuntur;
1438 1738 1659 1795 consecrationis

70 1821 208 1891 enitente,
239 1822 274 1877 ad
302 1821 441 1892 palatium
471 1822 595 1878 factione
619 1821 757 1893 willegisi
810 1823 1043 1892 diem'statuunt,
1063 1823 1243 1878 exaltationis
1271 1823 1403 1880 videlicet
1426 1831 1533 1881 sanctas
1567 1827 1658 1883 crucis

71 1909 122 1982 opi
136 1926 166 1965 se
180 1909 311 1976 contulit,
323 1909 421 1981 ibique
434 1926 543 1964 annum
553 1910 596 1965 vel
606 1910 756 1965 biennium
810 1911 1053 1983 sollempnitatem
1070 1910 1154 1983 (Sept.
1173 1912 1226 1982 li).
1242 1911 1362 1968 llittitur
1376 1919 1473 1969 autem
1497 1921 1527 1970 et
1545 1915 1659 1986 legatus

70 2014 98 2067 a,
136 1997 311 2054 dissolubilis
351 1998 417 2052 vitae
454 1998 599 2054 tramitem
621 1998 757 2055 incedens
810 1999 1242 2069 exlateredomnasabbatissm‚
1268 1999 1320 2071 qui
1343 2001 1482 2056 domnum
1511 2003 1659 2059 Bernvvar-

70 2103 87 2143 a
110 2102 141 2141 se
166 2086 271 2158 sparsit
296 2102 452 2141 rumorem.
477 2087 559 2152 Quod
586 2088 757 2142 venerabilis
809 2088 879 2144 dum
916 2088 953 2144 ad
976 2087 1184 2144 dedicationem
1207 2087 1317 2147 invitet,
1333 2088 1469 2160 diemque
1493 2091 1656 2147 denunciet.

70 2174 263 2246 usspiscopns
280 2174 458 2244 noniarens,
492 2174 757 2247 quippequiillam
809 2177 1052 2249 Sedqnamquam
1070 2175 1167 2247 plures
1189 2175 1274 2231 illum
1304 2177 1492 2248 anticipatum
1519 2181 1659 2251 archiepi-
1749 2208 1758 2228 .

70 2278 156 2318 immo
170 2278 267 2317 amore
283 2268 311 2318 et
325 2264 417 2335 gratia
440 2265 615 2334 percolebat,
645 2264 757 2320 blandis
810 2266 891 2337 scopi
905 2265 1090 2320 advocatione
1101 2263 1269 2335 oincerenl,
1290 2264 1347 2319 leni
1367 2271 1465 2321 tamen
1484 2266 1581 2321 animo
1596 2268 1657 2323 suf-

70 2351 123 2406 u'tis
133 2351 168 2408 ad
182 2351 491 2407 monasteriumredire
507 2353 657 2424 persuasit.
674 2353 758 2409 Cum·
810 2355 914 2417 ferens,
929 2353 966 2409 ad
979 2352 1180 2425 praescriptum
1195 2353 1272 2409 diem
1287 2368 1318 2408 se
1330 2357 1485 2409 venturum
1513 2355 1656 2425 promisit.

69 2439 185 2495 nteriori
209 2440 310 2495 auditu
323 2439 366 2495 vir
382 2441 468 2495 verba
482 2440 559 2496 illius
582 2441 755 2506 admitteret,
810 2444 934 2511 Interea,
950 2441 1090 2496 incertum
1114 2457 1170 2511 qna
1185 2441 1219 2496 de
1234 2456 1328 2509 causa,
1358 2441 1588 2513 archiepiscopus
1600 2447 1655 2497 sta·

70 2527 127 2583 lem
143 2532 274 2599 repetens
289 2529 324 2584 ad
339 2529 502 2584 caenobium
528 2545 593 2583 eam
618 2530 756 2601 repedare
810 2535 906 2586 tutum
918 2534 1020 2597 mutat,
1036 2529 1112 2585 diem
1124 2529 1240 2598 abdicit,
1260 2533 1346 2601 atque
1367 2529 1489 2585 eandem
1503 2530 1657 2586 dedicatio·

70 2615 505 2672 radmonnit⁸⁸.lllaavrtem⁸⁷
537 2618 756 2687 ejusaccessum
810 2636 877 2675 nem
908 2619 938 2674 in
958 2619 1140 2675 festivitatem
1163 2618 1255 2674 saneti
1277 2618 1381 2673 llathei
1406 2619 1531 2690 apostoli
1556 2619 1658 2675 indicit

73 2704 164 2761 latum
181 2704 275 2775 primo
300 2705 448 2771 delinarit,
472 2704 576 2760 deinde
603 2706 637 2760 ad
663 2706 756 2761 archi·
810 2711 898 2778 (Sept.
912 2710 970 2776 itt,
987 2707 1094 2762 domno
1108 2723 1223 2778 qnoque
1239 2707 1407 2762 Bernwerdo
1436 2707 1498 2778 pari
1514 2713 1657 2778 potestate

70 2808 79 2848 ι
94 2792 170 2847 velut
183 2793 391 2864 patrocinanda
404 2793 440 2847 ab
454 2792 504 2848 illo
520 2794 658 2865 confugit,
674 2810 755 2848 ama·
810 2800 842 2852 ut
852 2795 921 2850 olim
934 2795 965 2849 in
975 2794 1116 2849 velatione
1131 2794 1244 2865 Sopliim
1258 2794 1414 2850 venerabili
1424 2795 1530 2850 domno
1545 2795 1655 2866 Osdago

70 2880 154 2936 rerbis
182 2882 245 2951 ejus
269 2880 399 2936 animum
424 2882 610 2952 exasperavit,
640 2887 755 2952 pactum
810 2883 983 2954 legationem
998 2882 1105 2950 dirigit,
1123 2883 1261 2937 mandans
1287 2886 1320 2937 ut
1338 2883 1535 2937 incunctanter
1548 2883 1592 2938 illi
1621 2885 1656 2939 ad

78 2985 131 3025 sua
153 2969 295 3025 velatione
319 2969 454 3026 inanibus
470 2970 564 3025 verbis
587 2971 755 3027 annullavit·
772 2993 792 3048 q
811 2971 1021 3028 dedicationem
1047 2971 1078 3024 in
1105 2970 1224 3041 praetuta
1246 2970 1399 3025 festivitate
1427 2974 1565 3025 occvrrrat.
1594 2973 1657 3043 lpse

70 3059 117 3115 illo
140 3075 170 3113 se
195 3060 327 3124 velatam,
345 3075 404 3113 non
418 3059 454 3113 ab
479 3058 757 3115 hildenesheimensi
812 3073 974 3114 verosnnm
988 3057 1114 3129 legatum
1129 3062 1214 3128 atque
1241 3056 1345 3123 scripta
1369 3056 1585 3127 archiepiscopo
1610 3074 1656 3112 re·

85 3148 123 3203 ad
156 3147 346 3218 provisionem
380 3147 690 3219 bernwardi-episcopi
726 3165 756 3202 se
811 3147 910 3215 mittit,
925 3150 1054 3201 astruens
1065 3143 1261 3216 imperialibus
1273 3143 1362 3213 jussis
1376 3144 1557 3210 obstrictum,
1572 3144 1655 3199 seriis

70 3233 218 3306 pertinere,
255 3235 290 3290 ed
312 3251 393 3290 suem
421 3235 558 3290 diocesim
592 3235 756 3292 coenohium
811 3235 984 3308 quibusdam
995 3232 1140 3302 occupari,
1158 3248 1211 3287 nec
1223 3248 1307 3303 posse
1329 3231 1366 3287 ad
1396 3231 1606 3287 dedicationem
1625 3239 1658 3288 ut

69 3322 208 3378 reimense
219 3322 370 3393 respicere,
382 3324 479 3395 plnres
491 3339 521 3378 se
544 3323 687 3378 invenisse
705 3324 757 3396 qui
807 3322 920 3393 jussum
934 3326 977 3376 cst
991 3320 1052 3392 ipsa
1062 3319 1109 3373 die
1128 3318 1172 3373 illi
1183 3334 1342 3372 occurrere.

70 3414 276 3465 tartestentur.
293 3410 340 3464 llis
369 3416 398 3465 et
416 3411 586 3481 hujusmodi
612 3411 635 3449 ⁵⁸
662 3413 755 3468 verbis
848 3415 889 3466 Π.
915 3410 947 3464 ln
969 3408 1140 3464 exaltatione
1166 3413 1261 3461 tamen
1297 3409 1402 3462 sancte
1436 3407 1513 3462 curis
1544 3407 1656 3463 Ganda-

70 3497 116 3570 opi
138 3499 267 3553 animum
295 3498 431 3554 adversus
450 3500 590 3555 domnum
609 3502 755 3555 Rernvvar·
810 3497 939 3554 nesheim
958 3497 1045 3560 venit,
1063 3495 1219 3550 aeclesiam
1234 3494 1426 3562 dedicaturus,
1456 3495 1528 3550 sicut
1551 3495 1656 3551 domna

70 3585 123 3640 iter
134 3586 299 3641 commovit.
315 3587 382 3641 Post
408 3586 470 3642 bac
489 3587 716 3644 Gandeucsheim
731 3585 754 3625 ⁸⁹
809 3585 952 3642 abbatissa
966 3583 997 3639 in
1011 3582 1151 3654 principio
1170 3582 1327 3653 disposuit;
1349 3582 1390 3637 nil
1402 3588 1534 3654 paratum
1550 3598 1655 3654 reppe-

70 3672 119 3729 uia
145 3673 180 3728 de
195 3673 329 3745 episcopo
338 3674 414 3729 inter
425 3690 535 3730 sorores
545 3675 753 3744 disseminavit,
809 3674 856 3741 rit,
873 3674 962 3728 immo
977 3671 1245 3742 eliquescollectos,
1277 3670 1327 3741 qui
1349 3669 1391 3725 illi
1418 3671 1593 3738 resisterent,
1626 3676 1656 3726 et

70 3761 271 3832 poteratillum
297 3763 360 3818 loco
377 3763 520 3834 expellere
535 3768 621 3835 atqua
649 3764 754 3819 abalie·
809 3759 996 3831 cuminjuria
1010 3757 1157 3828 ejicerent,
1173 3757 1198 3810 si
1226 3757 1298 3812 lorle
1324 3772 1390 3811 cum
1414 3757 1474 3812 suis
1498 3757 1654 3814 aecclesiam

70 3853 121 3906 rat.
809 3863 975 3905 consecrare
999 3846 1139 3901 violenter
1153 3849 1310 3916 appeteret.
1343 3846 1419 3899 Hanc
1448 3845 1525 3900 enim
1548 3845 1655 3900 famam

70 3937 658 4011 .lutto.)intersaepiscopuseognoscens
686 3940 754 3994 talia
808 3939 865 3994 illae
879 3937 1080 4009 disperserant,
1100 3950 1164 3988 cum
1181 3933 1231 3989 Dei
1247 3938 1317 3988 teste
1338 3932 1426 3987 nichil
1456 3931 1654 4003 hujuscemodi

70 4025 160 4093 ooliri,
188 4026 415 4082 Gandenesheim
434 4027 522 4094 venit,
550 4027 675 4099 graviter
689 4029 755 4082 tulit
809 4029 993 4097 attemptaret
1014 4025 1057 4079 vel
1083 4027 1177 4078 mente
1204 4022 1377 4091 conciperet.
1403 4021 1466 4075 lam
1496 4021 1574 4076 enim
1595 4026 1655 4076 tota

70 4112 120 4180 ari,
133 4129 185 4169 nec
207 4114 315 4186 aliquid
343 4115 468 4170 caritatis
494 4116 538 4170 vcl
567 4115 685 4171 honoris
699 4116 753 4171 sibi
809 4119 904 4170 mente
923 4114 958 4168 ad
977 4111 1223 4183 archiepiscopum
1239 4110 1438 4180 confugerant,
1453 4124 1482 4163 se
1510 4112 1597 4179 atque
1609 4110 1655 4163 lo-

70 4201 180 4258 auribus
195 4203 254 4256 suis
276 4203 415 4268 exhiberi,
432 4204 480 4258 sed
506 4202 580 4259 inira
604 4209 752 4259 extraneos
809 4218 875 4258 cum
899 4202 961 4272 ejus
987 4198 1103 4255 tuitioni
1128 4198 1310 4253 devoverant.
1337 4197 1444 4267 Sophia
1470 4195 1583 4251 assidua
1613 4195 1655 4250 illi

70 4305 99 4346 ra
122 4289 248 4357 tractari,
264 4306 329 4344 cum
343 4295 440 4345 tamen
464 4290 500 4345 ab
525 4292 752 4345 antecessoribus
773 4262 994 4345 Dcohaerenset
1006 4286 1181 4350 cohabitans,
1197 4286 1259 4340 lroec
1274 4284 1400 4339 interdiu
1419 4289 1563 4355 noctuque
1592 4300 1653 4339 sm·

70 4381 158 4435 totum
178 4378 273 4432 locum
286 4377 439 4432 innumera
462 4379 539 4433 hona
562 4380 665 4435 collata
685 4378 751 4446 sint,
807 4378 912 4433 biebat.
928 4376 1076 4433 blissarnm
1092 4389 1158 4428 vero
1172 4371 1197 4409 ⁰¹
1211 4371 1383 4444 sollempnia
1408 4372 1531 4426 domnus
1546 4371 1654 4443 episco-

70 4472 368 4538 uoqueexauaparte
384 4468 526 4537 plnreset
544 4467 702 4539 antiquitus
725 4471 753 4521 et
808 4482 862 4536 pus
876 4465 938 4537 ipsa
954 4463 1000 4519 die
1014 4463 1121 4524 ibidem
1136 4460 1300 4526 celebravit,
1332 4459 1399 4514 lieet
1428 4460 1553 4514 maxima
1585 4477 1653 4515 con-

70 4559 197 4626 tempora
229 4555 385 4625 impensa,
413 4560 442 4609 et
461 4571 513 4626 pro
536 4555 580 4609 his
607 4555 753 4611 beneficiis
809 4550 1207 4626 gregationisindignatione,
1224 4548 1463 4614 easdemtamcn,
1484 4553 1515 4602 nt
1535 4548 1655 4602 oblatio·

70 4643 308 4697 rtcontnmeliam
322 4643 377 4698 sibi
402 4644 616 4715 reconpensari,
647 4644 753 4699 tributa
810 4658 859 4696 nes
873 4639 898 4675 ’ὅ
913 4640 1050 4695 offerrent
1072 4639 1361 4708 benedictionemque
1385 4636 1575 4707 perciperent,
1601 4636 1654 4690 ad-

70 4730 188 4787 decimis
211 4733 348 4787 solvenda
374 4738 469 4788 essent
491 4733 654 4799 imminuta,
680 4750 753 4802 sape
809 4729 932 4785 monuit.
958 4729 1039 4783 Plebs
1057 4743 1184 4798 quoque,
1210 4731 1357 4796 comporto
1382 4725 1428 4778 sui
1451 4724 1579 4795 episcopi
1604 4724 1654 4778 ud-

70 4818 272 4889 rudenegata3
301 4820 516 4887 oboedientiam,
535 4838 591 4890 qno
616 4821 753 4875 nullavi-
809 4816 1054 4888 ventu,quasiad
1090 4815 1331 4884 sollempnitatem
1357 4812 1500 4879 convenit,
1533 4827 1656 4866 moerens

82 4907 194 4979 gratior
206 4911 258 4972 est,
273 4924 338 4962 cum
361 4909 568 4963 bumilitatein
596 4925 643 4962 ara
663 4909 756 4963 cordis
811 4912 839 4961 et
853 4907 928 4960 ultra
942 4920 1029 4975 quam
1048 4903 1125 4958 credi
1141 4906 1237 4974 posset
1252 4917 1328 4973 agre
1356 4901 1459 4965 ferens,
1488 4899 1655 4971 episcopum

78 4994 236 5061 immolari,
252 4997 394 5068 patienter
407 5014 436 5051 sa
465 4997 562 5051 omnia
590 5013 672 5067 posse
701 4997 756 5050 sul-
810 4992 963 5049 insolentia
978 4997 1063 5062 atque
1079 4990 1284 5046 inoboedientia
1307 4990 1371 5044 loco
1392 4988 1516 5043 detrudi.
1537 4988 1657 5053 eroset
1730 4985 1734 4990 “

70 5087 110 5139 sat
131 5088 228 5139 tamen
261 5085 416 5152 Christum,
443 5085 525 5156 cirins
539 5086 599 5140 vice
613 5085 755 5156 fungitur,
812 5098 912 5137 omnes
926 5081 1110 5136 adventantes
1129 5081 1228 5134 limato
1239 5093 1370 5133 sermone
1395 5077 1554 5142 consolans,
1571 5075 1655 5130 leeri-

73 5170 152 5240 dere‚
167 5172 303 5244 quicquid
321 5174 454 5243 ingerant
465 5190 515 5243 pro
527 5174 637 5229 meritis
661 5173 757 5228 ⁶⁰sibi
814 5169 1030 5241 mobiliqueetu
1054 5168 1167 5239 publice
1191 5166 1446 5231 commemorabat,
1474 5180 1503 5219 se
1521 5164 1582 5235 ipsa
1610 5164 1655 5219 die

618 5314 734 5369 VARlAE
751 5310 948 5368 Lectiones.

70 5448 92 5502 Ι.
117 5447 144 5511 2,
175 5449 201 5501 et
228 5418 370 5500 heodem
399 5461 482 5501 manv
511 5444 773 5501 venerabilissimae.
811 5440 834 5482 ⁸⁰
861 5441 1075 5496 ammonuit't.
1113 5436 1322 5516 transaquas.
1363 5433 1387 5473 ⁸⁸
1417 5435 1615 5507 hujuscemodi
1628 5439 1654 5494 2.

70 5513 372 5570 chambconatmter.
411 5514 634 5569 ⁸⁰m.suiss.a.
672 5511 695 5548 ⁶¹
711 5513 821 5590 dealt.
858 5509 884 5548 θ’
898 5511 1050 5585 quoquot.
1088 5509 1111 5546 ⁰⁸
1130 5522 1158 5562 o.
1172 5506 1207 5560 ad
1220 5520 1338 5561 missurn
1366 5522 1393 5561 o.
1409 5507 1439 5562 t.
