3878 6112
56 293 94 346 5³
887 295 989 352 tuta.
1785 305 1819 360 bl

58 413 297 482 deam,satissit
320 413 562 486 Legendrelidem
588 414 618 469 in
635 415 688 471 hac
717 419 802 470 etiam
830 423 911 488 parte
930 418 1033 472 Aoum
1059 419 1225 474 lteverendo
1255 419 1286 473 ll.
1299 419 1417 473 custode
1445 420 1694 492 perlustraverim;
1725 438 1820 495 neque

60 504 235 559 vindicasse.
969 508 1000 562 l).
1029 509 1197 578 Eppenauer
1224 508 1254 562 in
1279 508 1373 562 Monte
1390 508 1416 562 S.
1447 508 1765 582 llicbaetisquidquam
1778 527 1821 567 rs.

98 596 147 649 83.
165 594 226 649 Nou
240 592 280 647 ita
297 592 540 664 acquiescendum
555 592 654 647 censui
670 593 813 665 superiori
835 594 912 666 capi·
968 595 1061 666 perire
1078 595 1179 666 potuit.
1195 617 1209 645 »
1231 597 1269 651 En
1285 596 1373 667 igitur
1385 596 1520 651 relectam
1536 597 1732 670 undequaque
1752 599 1817 655 uni·

61 683 114 736 lali
138 680 356 747 concertationi,
371 681 407 735 de
435 681 606 735 intemerata
631 681 781 753 utriusque
796 683 914 738 sanctis·
968 689 1084 738 ramtot
1112 684 1262 738 fictionum
1285 684 1500 755 scaturiginem,
1523 685 1603 739 nullo
1624 686 1741 758 negotio
1764 703 1816 743 ex·

61 771 131 825 simi
159 769 294 840 conjugis
312 774 422 823 servata
450 769 481 824 in
505 770 689 825 matrimonio
716 771 912 837 contineutia3
968 771 1161 843 purgandam.
1183 771 1280 842 llajori
1309 773 1432 827 caudore
1447 790 1480 826 ac
1494 773 1658 828 sinceritate
1683 789 1729 830 res
1758 779 1820 830 tota

63 874 153 929 quarn
168 874 235 913 cum
250 857 387 928 speciosis
402 858 570 913 Koeleriauis
588 859 696 914 cavillis
725 860 914 931 aliquousque
967 859 1069 914 reterri
1083 860 1193 931 nequit.
1214 876 1301 930 quam
1323 876 1357 914 ex
1369 860 1497 930 epistolis
1520 860 1712 915 familiaribus
1739 862 1817 916 ultro

62 947 180 1018 impeti,
197 947 298 1001 saltem
314 945 465 1016 suggillari
480 963 562 1017 posse
581 949 770 1014 adverterem,
792 965 842 1004 seu
867 966 914 1002 ve·
967 948 1096 1019 citroque
1135 948 1257 1017 scriptis,
1287 964 1410 1020 querum
1436 950 1523 1003 verba
1551 951 1732 1020 exponimus.
1763 950 1816 1004 Vix

64 1036 104 1090 ris
119 1051 172 1090 seu
193 1034 343 1106 praetensis
363 1035 421 1090 illis
435 1036 568 1107 precibus
582 1053 635 1109 pro
664 1037 791 1109 conjugii
806 1038 914 1093 locun·
968 1036 1102 1106 equidem
1119 1035 1217 1090 induci
1232 1052 1347 1106 possum
1364 1042 1397 1091 ut
1410 1036 1447 1091 ad
1464 1037 1553 1107 ipsius
1581 1038 1671 1092 sancti
1704 1038 1818 1093 ilenrici

62 1123 163 1190 ditate,
193 1127 256 1177 tuna
285 1138 354 1177 vero
382 1129 458 1178 recte
485 1123 593 1194 aliqua,
618 1125 642 1179 si
667 1126 778 1197 superis
806 1125 912 1197 placet!
968 1125 1208 1179 aetatemcitatum
1223 1126 1350 1179 codicem
1365 1125 1510 1194 pertinere
1525 1125 1817 1198 existimem‚quarn-

64 1209 527 1282 prolealicubiiusinuata‚nihil
557 1214 833 1283 pretermittendum
861 1231 914 1285 pu·
967 1212 1009 1266 vis
1023 1212 1106 1267 tacite
1118 1211 1268 1266 admittam
1282 1229 1316 1266 ex
1332 1213 1492 1283 antiquiori
1508 1214 1605 1285 aliquo
1629 1215 1814 1285 descriptum,

63 1299 122 1353 tavi
147 1297 356 1354 adobturanda
379 1314 436 1353 uon
464 1299 556 1354 solum
599 1300 839 1356 heterodoxorum
866 1302 913 1355 sed
966 1299 1026 1354 imo
1044 1315 1161 1370 precum
1176 1299 1324 1366 tornatas,
1350 1301 1496 1370 praedictis
1522 1301 1637 1356 litaniis
1660 1301 1691 1355 in
1712 1301 1816 1372 quibos

61 1392 90 1441 et
105 1387 303 1448 audaciorum.
321 1386 534 1441 Catholicorum
550 1387 770 1459 obloquentium
787 1405 847 1455 oro,
863 1407 914 1444 nec
967 1388 1010 1442 rei
1025 1389 1110 1443 cardo
1129 1388 1258 1454 vertitur,
1289 1387 1420 1453 insertas,
1448 1389 1552 1443 Sancto
1576 1391 1638 1460 ipso
1663 1391 1749 1460 longe
1767 1404 1815 1442 ve·

62 1474 142 1546 prim
169 1474 269 1529 destiti
295 1488 381 1543 quam
408 1474 518 1528 iontem
544 1476 665 1529 omniuo
689 1476 860 1531 detexissem
879 1494 913 1531 ex
967 1476 1102 1531 tustiores
1124 1492 1185 1530 esse
1212 1476 1337 1542 credam,
1361 1481 1390 1530 et
1417 1477 1445 1530 iu
1471 1477 1647 1531 Germanicis
1679 1477 1815 1538 ecclesiis,

62 1568 195 1634 quotam
219 1564 309 1632 varia,
336 1569 396 1617 tam
415 1561 538 1631 diversa,
565 1568 625 1618 tam
654 1579 756 1634 parum
785 1581 914 1619 connexa
967 1569 1028 1619 tum
1044 1564 1227 1635 procedenti,
1245 1580 1310 1618 cum
1335 1564 1522 1635 sequentibus
1547 1565 1659 1619 seculis
1687 1564 1815 1632 usitatas,

61 1651 246 1722 profluxisse,
262 1652 374 1723 liquido
396 1651 511 1707 demum
539 1651 796 1723 deprehenderem.
821 1654 913 1718 Quem
929 1696 948 1750 B
968 1658 1000 1708 ut
1019 1652 1105 1707 modo
1122 1668 1220 1723 preces
1236 1652 1299 1706 alim
1317 1653 1434 1706 suntab
1450 1652 1602 1706 universali
1634 1652 1765 1708 Romana
1787 1656 1816 1706 et

61 1738 192 1794 intinem
206 1739 349 1795 tabularia
369 1739 477 1803 omnia,
495 1744 617 1809 regesta,
634 1741 808 1812 necrologia,
824 1743 913 1797 libros
968 1742 1003 1795 ab
1017 1740 1079 1795 allis
1093 1740 1219 1796 ecclesiis
1233 1746 1364 1812 receptae.
1383 1741 1553 1795 Rectissime
1567 1745 1663 1795 autem
1693 1739 1816 1795 advertit

63 1827 193 1882 morales
214 1827 433 1897 Bambergeusis
462 1826 589 1882 ecclesiia
618 1828 712 1882 excuti
739 1829 846 1895 curavi,
868 1846 913 1884 ex·
968 1828 1284 1884 Pottuviusnullumin
1299 1828 1334 1882 iis
1354 1828 1666 1900 formulispraesidium
1693 1829 1815 1899 vulgatta

62 1917 230 1987 ploraturus
256 1916 348 1970 sicubi
373 1921 432 1970 tam
457 1916 570 1970 enormi
601 1916 753 1971 calumniae
781 1918 812 1972 in
836 1919 912 1972 anti·
966 1917 1120 1973 calumnie
1135 1933 1294 1988 superesse.
1310 1918 1494 1988 quantumvis
1520 1917 1588 1971 iude
1614 1917 1742 1988 argutari
1768 1916 1813 1970 vi·

62 2003 215 2075 quioribus
232 2004 346 2076 scriptis
361 2020 431 2058 ansa
440 2004 629 2073 preberetur.
645 2005 792 2075 Atquebic
804 2006 911 2072 denuo,
967 2007 1090 2061 deantur
1104 2005 1281 2061 llenriciauve
1303 2005 1479 2059 castimonia
1496 2005 1725 2075 impugnatores,
1753 2004 1815 2076 qui·

63 2108 111 2163 pro
125 2092 240 2164 insigni
255 2109 307 2146 suo
319 2093 349 2147 in
364 2092 393 2147 S.
409 2093 563 2147 llenricum
574 2092 683 2159 studio,
697 2110 813 2164 operam
841 2110 911 2165 gua·
966 2094 1080 2148 bushic
1099 2094 1174 2148 ultro
1204 2093 1396 2163 suggerimus,
1425 2094 1504 2147 nullo
1519 2092 1698 2147 dissimulato
1722 2093 1813 2163 apios,

10 2210 12 2215 ·
64 2181 273 2236 vitercontulit
288 2181 370 2235 toties
391 2180 522 2236 laudatus
538 2182 570 2236 ll.
588 2183 618 2236 P.
650 2183 754 2236 Rector
782 2183 913 2237 Nicotaus
965 2178 1106 2254 quidquid
1117 2183 1161 2236 vel
1178 2181 1363 2236 remotissimi
1389 2181 1560 2251 spargendis
1587 2180 1814 2252 exornandisque

10 2300 12 2313 ι
64 2270 156 2334 Pollu,
171 2285 206 2324 ex
222 2271 305 2339 quus
316 2269 428 2337 titteris,
445 2269 498 2323 hoc
513 2284 588 2324 anuo
606 2272 673 2324 tres
690 2271 723 2325 ad
754 2286 800 2326 me
826 2271 910 2335 datis,
967 2269 1119 2324 calumniis
1161 2269 1321 2323 lomentum
1354 2268 1500 2339 prebuit:
1528 2268 1661 2338 quocirca
1690 2266 1815 2322 Litanias

10 2318 14 2453 Ι
66 2373 120 2412 rem
135 2358 337 2428 patentissime
352 2358 533 2428 explanatam
549 2357 614 2411 faxo
643 2357 796 2430 intelligas,
826 2365 911 2432 alque
965 2359 1050 2429 ipsas,
1062 2373 1214 2430 quousque
1228 2356 1304 2428 typis
1322 2356 1427 2410 nostris
1454 2355 1482 2410 id
1498 2354 1561 2410 lieri
1572 2356 1676 2426 potuit,
1701 2355 1747 2410 bic
1761 2371 1813 2410 ex-

10 2462 15 2557 Ι
67 2446 123 2500 luce
152 2446 316 2501 meridiana
349 2445 453 2501 clarius
492 2445 664 2516 perspicias,
708 2462 819 2502 merum
856 2449 913 2519 lig-
964 2446 1129 2518 pandimus,
1148 2445 1279 2517 sequenti
1294 2446 1475 2516 paragrapho
1489 2444 1680 2514 explicandas.

10 2560 16 2619 Ι
70 2540 193 2587 mentum
211 2533 248 2587 de
269 2532 403 2605 precibus
431 2549 483 2604 pro
505 2533 692 2589 loecunditate
714 2533 909 2603 circrrmlerri;
1045 2534 1171 2589 LETAN.
1192 2535 1239 2589 ltu
1258 2533 1344 2588 lllSS.
1365 2533 1400 2587 tu
1422 2533 1480 2587 lllE
1498 2532 1561 2588 SCO
1581 2531 1725 2587 Pascua.

72 2622 201 2692 rprolem
214 2643 225 2670 ι
238 2637 306 2676 vero
318 2622 448 2691 «regiam
461 2627 616 2676 »toucnou
628 2621 719 2693 magis
731 2624 911 2693 quommodo
1000 2625 1044 2677 86.
1064 2623 1118 2677 lieo
1137 2637 1236 2690 viucrr,
1254 2623 1309 2676 ltro
1328 2637 1441 2675 neonar.

72 2709 202 2764 exstitisse
217 2708 249 2763 iu
269 2724 366 2764 rerum
384 2715 497 2764 natura.
511 2710 582 2764 Rem
597 2725 651 2780 ego
668 2726 795 2778 omnem,
825 2718 912 2782 prout
962 2711 1020 2779 lipc
1034 2709 1167 2779 imperat.

73 2804 141 2867 gesta
152 2802 206 2860 est,
228 2797 380 2869 ipsiusmet
394 2797 519 2852 Pottuvii
535 2798 627 2852 verbis
642 2799 718 2853 uude
734 2804 762 2853 et
789 2800 911 2854 candide
966 2795 1072 2850 Exaudi
1093 2812 1159 2866 xpe.
1189 2795 1307 2850 Summo
1324 2793 1454 2865 pontilici
1482 2799 1511 2848 et
1541 2791 1697 2848 universali
1729 2808 1812 2864 pape

73 2900 235 2955 proponam.
370 2870 372 2879 ’
966 2884 1035 2939 uita.

10 2968 17 3043 'j
98 2973 140 3027 et.
161 2972 215 3028 Ubi
242 2989 278 3027 ex
302 2972 403 3028 litteris
431 2971 638 3044 maisobjectas
664 2973 823 3028 calumnias
842 2990 910 3044 per·
926 2976 946 3031 C
964 2973 1092 3027 Salvator
1106 2971 1216 3026 mundi.
1386 2971 1430 3026 Tu
1445 2970 1527 3024 illum
1543 2969 1657 3025 adiuua.

73 3060 318 3129 representatione
343 3060 405 3130 ipse
428 3062 516 3115 verba
541 3061 708 3131 rospondit:
741 3082 752 3110 ‹
780 3061 911 3132 Acceptis
963 3062 1014 3116 Sce
1033 3062 1114 3116 Petro
1386 3060 1428 3114 Tu
1446 3058 1528 3113 illum
1548 3058 1664 3113 adiuua.

74 3147 233 3218 penultimis
248 3148 316 3203 Rev.
333 3152 383 3218 v.,
396 3148 492 3219 prima
506 3164 649 3203 meacura
670 3149 735 3213 tuit.
764 3149 911 3221 inquirere
963 3149 1014 3204 Sco
1031 3150 1128 3204 Paule.
1387 3148 1429 3202 Tu
1448 3147 1531 3201 iilum
1550 3147 1667 3201 adiuua.

73 3234 363 3306 inoralionemquam
380 3235 497 3306 quidem
518 3236 652 3291 malevoli
665 3237 854 3307 compositam
882 3244 912 3294 et
963 3237 1014 3292 Sue
1032 3237 1156 3293 Andrea.
1385 3236 1427 3290 Tu
1445 3235 1527 3289 illum
1547 3235 1664 3289 adiuua.

71 3322 260 3393 praescriptam
275 3323 400 3393 lingunt,
417 3322 506 3393 ipsius
520 3324 549 3380 S.
564 3323 678 3379 Eenrici
688 3324 782 3395 iussu,
807 3327 842 3382 ad
859 3326 912 3381 im·
964 3328 1071 3383 Exaudi
1087 3343 1151 3399 xpe.
1387 3325 1519 3381 lleiurico
1532 3343 1548 3380 a
1559 3325 1595 3380 dd
1606 3329 1742 3380 coronato
1753 3340 1813 3379 ma·

71 3409 233 3479 plorandam
248 3415 278 3467 et
297 3411 509 3481 impetrandam
523 3412 651 3484 conjugii
674 3412 720 3468 sui
740 3413 911 3470 foecundita·
999 3432 1056 3486 gno
1072 3421 1101 3471 et
1112 3415 1229 3488 pacillco
1248 3414 1416 3485 imperatori
1430 3413 1489 3468 vita
1504 3419 1533 3468 et
1545 3413 1675 3469 victoria.

70 3504 129 3564 tm,
147 3504 182 3552 nt
204 3498 380 3554 seilicetbac
398 3500 511 3554 ratione
524 3499 695 3571 impugnare
725 3503 836 3572 possint
849 3504 911 3574 ejus
963 3505 1137 3576 Redemptor
1150 3503 1263 3559 mundi.
1387 3504 1429 3558 Tu
1448 3502 1531 3557 illum
1551 3502 1658 3557 adiuua

68 3590 211 3640 stsauctre
223 3585 354 3657 conjugis
381 3590 552 3658 perpetuam
573 3588 783 3644 castimoniam.
813 3591 913 3646 luveni
963 3595 1014 3649 Sce
1032 3593 1163 3648 Miconas.
1386 3592 1427 3646 Tu
1448 3591 1532 3645 illum
1550 3590 1656 3645 adiuua

65 3672 232 3730 incustodia
247 3674 372 3730 ecclesiae
395 3675 555 3746 Imperialis
575 3676 682 3731 librum
704 3679 911 3751 perantiquum
963 3681 1014 3736 See
1033 3681 1176 3737 Gabribel.
1387 3680 1429 3734 Tu
1448 3679 1530 3733 illum
1549 3678 1665 3733 adiuna.

63 3762 161 3834 utique
175 3762 326 3835 scriptum,
342 3767 374 3817 ut
387 3764 486 3819 omnia
499 3764 581 3836 signa
607 3765 774 3833 ostendunt,
798 3767 911 3823 vivente
963 3769 1014 3824 Sce
1033 3767 1192 3839 Rapbahel.
1388 3767 1430 3821 Tu
1449 3765 1531 3820 illum
1550 3765 1670 3821 adiuua.

63 3852 156 3906 aduam
190 3856 290 3906 sancto
324 3851 508 3923 imperatore.
538 3854 671 3908 Formam
701 3854 768 3908 libri
795 3856 911 3912 exhibet
963 3857 1014 3912 Sce
1032 3856 1186 3911 lohannes.
1389 3854 1431 3908 Tu
1451 3853 1533 3907 illum
1554 3852 1669 3907 adiuua.

62 3940 160 3993 charla
177 3940 300 3995 esclusa.
316 3940 431 3996 Extima
452 3942 612 4012 tegumenti
636 3959 702 4013 pars
714 3943 841 3999 anterior
865 3961 910 4000 re·
964 3947 1015 4000 Sce
1033 3943 1186 4014 Stephane.
1388 3942 1430 3996 Tu
1449 3941 1532 3994 illum
1551 3940 1666 3994 adiuua.

64 4031 219 4098 presentat
247 4027 371 4098 effigiem
397 4030 488 4084 saneti
515 4029 593 4085 Petri
605 4031 750 4101 Apostoli;
770 4034 913 4103 posterior
964 4031 1072 4087 Exaudi
1084 4047 1148 4102 xpe.
1386 4026 1815 4098 cnuoigunoercgincsatusct

64 4115 153 4170 uncti
182 4115 283 4183 Pauli3
310 4116 424 4188 paginus
443 4121 510 4172 suut
536 4134 569 4173 ex
593 4135 778 4190 pergameno.
801 4122 911 4178 Titulus
1002 4119 1070 4174 uita.

62 4203 130 4259 libri
155 4207 209 4269 est,
244 4204 374 4260 brennius
402 4207 564 4262 Gaionatis.
614 4208 721 4263 Deinde
758 4216 909 4281 ponuntur
965 4209 1016 4263 Sca
1035 4205 1130 4262 llario.
1390 4204 1429 4258 Tu
1450 4202 1530 4258 illam
1549 4201 1665 4258 adiuua.

62 4291 217 4348 Gradualia
231 4292 396 4365 incipiendo
410 4294 445 4350 ab
461 4295 602 4350 Adventu.
622 4296 743 4360 Quando
757 4298 909 4355 devenitur
966 4296 1018 4350 Sca
1037 4291 1231 4363 Redagundis.
1390 4291 1432 4345 Tu
1451 4291 1532 4345 ittam
1551 4290 1666 4345 adiuue.

62 4381 98 4435 ad
114 4381 235 4447 Pascha,
259 4387 408 4452 ponuntur
423 4381 540 4439 Litanlae
559 4383 660 4439 eadem
674 4384 765 4439 torma
780 4387 911 4458 etfigura
966 4383 1018 4438 Soa
1036 4379 1199 4438 Gerdrudis.
1389 4380 1428 4433 Tu
1449 4377 1527 4432 illam
1547 4378 1663 4432 adiuua.

62 4468 227 4524 litterarum
244 4470 404 4543 descripte,
434 4472 630 4542 quamcharta
654 4473 765 4527 acclusa
785 4474 909 4530 exhibet.
965 4469 1073 4525 Exaudi
1089 4484 1152 4539 xpe.
1392 4465 1813 4537 Nobilissimaeproliregalisa·

63 4558 96 4612 ln
110 4557 171 4612 illis
185 4557 302 4613 Litaniis
320 4563 475 4632 postquam
484 4560 558 4616 lacta
572 4559 673 4616 luisset
693 4561 834 4617 invocatio
857 4580 911 4634 pro
1002 4559 1045 4612 lus
1056 4562 1085 4612 et
1098 4557 1168 4612 uita.

62 4661 181 4701 summ
194 4647 343 4714 Pontitlce‚
369 4649 543 4720 imperatore
566 4649 696 4714 ilenrico,
720 4651 913 4724 chunigunde
965 4646 1016 4702 See
1035 4648 1175 4701 Clemens.
1392 4644 1433 4697 Tu
1453 4644 1484 4698 ill
1503 4644 1620 4698 adiuua-

64 4734 180 4806 regina,
197 4735 397 4809 tltetiempro
426 4737 602 4793 nobilissima
626 4738 709 4809 prole
736 4740 836 4810 regali.
857 4741 911 4796 Sed
967 4734 1016 4788 See
1038 4732 1109 4788 Uile-
1392 4732 1433 4785 Tu
1453 4731 1483 4784 ill
1504 4730 1618 4786 adiuua.

64 4821 253 4878 maiiestum
282 4830 325 4879 est
354 4826 430 4896 qrrod
453 4843 486 4880 ex
512 4827 564 4881 bac
578 4825 759 4881 invocatione
769 4828 913 4882 calomnia
967 4823 1018 4877 Sca
1037 4821 1203 4876 Pantaleon.
1393 4819 1435 4873 'lu
1455 4819 1485 4872 ill
1503 4818 1618 4873 adiuua.

64 4910 182 4965 nullum
203 4910 308 4966 babeat
330 4912 495 4984 presidium
512 4901 519 4967 ἐ
538 4935 549 4961 ι
568 4913 645 4984 quod
661 4928 726 4967 mox
751 4915 837 4984 paulo
849 4913 914 4967 ube-
969 4908 1076 4964 Exaudi
1092 4924 1156 4979 xpe.
1392 4907 1424 4961 N.
1437 4906 1547 4961 ductori
1567 4905 1685 4976 pacilico
1696 4902 1772 4957 salus
1784 4906 1813 4956 et

65 4998 136 5064 rius,
162 4998 198 5053 ed
227 5001 302 5054 mata
326 5001 516 5071 garrientium
544 5018 594 5056 orn
623 5001 840 5071 comprimenda
864 5001 913 5055 de·
1006 4997 1075 5051 uita.

66 5087 284 5142 monstrabitur.
303 5089 399 5159 Pergit
411 5090 555 5160 epistola:
968 5087 1019 5142 Sce
1039 5083 1164 5139 ltourioi.
1395 5085 1435 5136 Tu
1456 5083 1537 5135 illum
1556 5078 1669 5134 adiuua.

99 5173 143 5225 85.
161 5193 175 5218 ι
206 5171 319 5226 Nullam
343 5174 427 5228 aliam
457 5174 618 5228 orationem
643 5188 696 5244 pro
735 5172 915 5245 impetranda
969 5174 1020 5229 Sca
1041 5174 1210 5227 hunuanus.
1393 5171 1435 5224 Tu
1453 5169 1535 5223 illurn
1554 5166 1670 5222 adiuua.

65 5259 251 5314 iucunditate
261 5260 390 5332 conjugii
402 5261 574 5316 sanctissimi
590 5263 774 5331 Imperatoris
790 5262 915 5333 reperire
971 5263 1022 5317 Sce
1041 5261 1161 5314 Gereou.
1392 5259 1432 5313 Tu
1453 5257 1535 5309 illum
1554 5254 1669 5310 adiuuu.

66 5346 160 5417 potui,
189 5347 304 5402 etiamsi
333 5350 487 5404 secundam
513 5354 625 5420 purtem
648 5348 809 5416 Gradualis,
837 5348 916 5403 varia
964 5343 1157 5418 'Exaudixpe
1398 5345 1430 5398 N.
1443 5347 1531 5414 epost
1545 5348 1818 5414 cuncttecongrega·

68 5433 190 5489 E'usalia
200 5439 230 5490 et
244 5435 399 5500 breviaria,
414 5442 545 5508 tempore
556 5438 584 5492 S.
612 5437 728 5493 Henrici
742 5438 859 5507 scripta,
887 5443 916 5492 et
1008 5436 1081 5491 tioni
1093 5438 1125 5491 N.
1140 5437 1216 5490 salus
1228 5439 1256 5488 ot
1269 5433 1339 5487 uita

70 5523 166 5592 aliqua
181 5521 348 5592 postipsius
368 5523 478 5578 felicem
492 5526 662 5591 transitum„
685 5526 834 5597 diligenter
860 5541 915 5579 unu
975 5529 1026 5581 Sco
1045 5525 1187 5580 Siluesler.
1399 5521 1439 5574 Tu
1460 5520 1540 5574 illum
1561 5520 1675 5574 adiuua.
