3878 6112
48 272 104 327 tis

51 483 104 539 tris
118 484 219 553 irater,
234 490 264 541 et
278 501 370 542 soror.

377 629 532 685 eorunm
552 630 579 686 4.

85 769 197 836 Quarto
226 771 317 843 gradu
344 770 466 827 veniunt
496 788 592 843 supra,
623 773 739 840 abavus,
769 774 869 830 abavia
894 792 900 830 :

51 857 130 915 iutra
150 860 289 931 abnepos,
316 859 468 931 abneptis:
487 876 520 914 ex
546 861 663 932 obliquo
684 862 780 917 fratris
805 867 834 918 et
857 881 903 918 10-

50 947 137 1015 roris,
158 963 261 1019 nepos.
290 948 394 1018 neptis,
423 949 571 1019 patruelis,
597 966 678 1004 soror
701 951 849 1022 patruelis,
874 951 903 1007 id

51 1039 106 1101 est,
132 1036 228 1108 patrui
243 1035 330 1104 illius,
347 1037 391 1091 vel
407 1037 476 1092 lilia.
500 1037 705 1105 Consobrinus,
722 1041 901 1107 consobrina,

51 1122 152 1192 idest,
177 1125 308 1180 avunculi
324 1130 352 1179 et
377 1130 538 1180 materterae
561 1126 648 1196 lilius,
666 1129 707 1182 vel
729 1128 798 1183 lilia.
824 1130 902 1185 Ami·

50 1212 142 1280 tinus,
156 1212 287 1279 amitina,
303 1213 400 1281 idest,
416 1215 513 1268 amitte
528 1214 614 1281 lilius,
630 1217 674 1270 vel
689 1216 757 1272 lilia.
774 1219 902 1288 Itemque

50 1300 248 1355 consobrini:
274 1300 342 1372 quia
368 1317 402 1356 ax
427 1301 537 1356 duabus
562 1303 709 1359 sororibus
733 1310 900 1359 nascuntur.

51 1386 163 1451 Quibus
183 1389 319 1443 accrescit
342 1394 463 1459 patruus
478 1405 610 1462 maguus,
627 1391 715 1446 amita
735 1407 849 1463 magna,
872 1393 901 1447 id

51 1481 104 1543 est,
121 1476 169 1531 avi
182 1476 297 1547 paterni
318 1476 407 1531 irater
423 1484 453 1532 ct
474 1493 565 1532 soror.
582 1480 746 1533 Avunculus
769 1495 900 1549 maguus,

52 1567 207 1617 matertera
222 1577 337 1633 magua,
353 1562 383 1618 id
405 1568 458 1633 est,
481 1565 552 1620 avim
567 1572 626 1621 tam
647 1571 786 1637 paterna,
812 1584 900 1639 00101

53 1655 202 1720 materna,
220 1651 309 1708 irater
322 1657 351 1707 01
364 1667 455 1708 soror.

378 1812 534 1867 Carnunuu
554 1816 580 1868 5.

93 1951 197 2018 Quinto
212 1951 304 2023 gradu
321 1951 441 2008 veniunt
463 1970 551 2025 supra
572 1955 689 2026 quidem
705 1961 812 2028 atavus,
837 1965 902 2014 ata·

65 2038 105 2095 via
117 2057 130 2105 1,
140 2040 216 2096 infra
238 2040 375 2112 adnepos,
399 2042 554 2114 adneptis:
571 2060 605 2099 ex
621 2045 739 2117 obliquo
763 2046 858 2102 fratris
873 2054 902 2103 et

69 2128 170 2198 uraris,
203 2143 355 2200 pronepos,
386 2132 534 2202 proneptis
568 2147 575 2188 ε
609 2133 711 2189 1101101
743 2136 901 2207 patrueles,

10 2208 21 2291 ξ’
72 2232 168 2272 acroma
194 2219 339 2288 patrueles
363 2234 371 2272 :
399 2218 523 2282 amitini,
551 2221 679 2277 amitinae
700 2238 706 2277 :
725 2224 900 2290 consobrini,

11 2296 22 2373 ξ
74 2303 235 2361 mnsobrinre
260 2305 349 2369 lilius,
378 2307 421 2360 vel
449 2305 518 2375 lilia,
546 2309 681 2379 proprius
704 2312 900 2381 consobrinus,

14 2398 22 2453 ξ
76 2393 234 2462 consobrina,
259 2393 288 2449 id
315 2397 368 2461 est,
398 2395 493 2467 patrui
518 2397 626 2468 magni,
656 2399 752 2455 amitae
777 2416 900 2472 magnae,

77 2481 188 2536 avunnui
211 2481 319 2552 magni,
344 2487 504 2539 matertera
530 2500 642 2557 magma
658 2485 745 2554 filius,
769 2489 814 2543 vel
830 2488 900 2546 filia.

78 2566 164 2633 uiuo
191 2575 367 2633 accrescunt¹
383 2576 567 2642 propatruus,
595 2575 746 2644 proamita.
775 2576 812 2630 111
836 2583 904 2633 1001

10 2640 26 2741 J
79 2657 156 2726 proavi
179 2659 302 2714 materni
322 2659 454 2715 scateret
474 2677 564 2728 soror,
589 2665 810 2732 proavunculus,
834 2682 902 2737 pro-

81 2751 219 2802 matertera.
244 2747 278 2803 lli
304 2752 372 2803 sunt
399 2749 525 2820 proavire
546 2756 683 2820 paternae,
709 2759 902 2825 maternaeque

80 2830 148 2890 irater
158 2839 187 2892 et
199 2851 289 2903 soror,
304 2837 460 2909 proavique
485 2839 617 2894 materni.
634 2841 701 2896 llaec
715 2842 834 2912 species,
850 2859 902 2897 uec

80 2920 128 2977 aliis
139 2923 271 2994 gradibus
297 2940 384 2995 quam
411 2925 517 2998 scriptu
535 2937 589 2996 ast,
606 2944 658 2982 nec
680 2929 744 2984 aliis
757 2931 903 2986 vocabulis

80 3006 195 3068 declarari
210 3016 313 3085 potest.

380 3174 536 3230 (1111100011
556 3177 582 3228 d.

100 3308 174 3367 sixto
189 3310 282 3383 gradu
305 3311 424 3368 veniunt
444 3328 531 3386 supra
551 3313 681 3381 tritavus,
704 3315 820 3370 tritavia
836 3333 843 3371 :
857 3317 901 3372 iu·

74 3391 105 3450 111
123 3401 259 3471 trinepos,
275 3401 408 3473 trineptis
424 3418 430 3456 :
447 3417 480 3456 cx
497 3400 614 3473 obliquo
635 3403 728 3457 fratris
743 3406 772 3458 01
786 3405 901 3473 1010111,

73 3482 182 3559 abnepos
202 3487 343 3558 abneptis,
360 3487 463 3545 iratres
483 3491 632 3561 patruelis,
650 3507 763 3546 sorores
785 3498 903 3562 patrue-

532 275 770 334 uacuatotwlt
791 278 883 336 1111111
901 280 955 337 xx.
972 309 1008 321 -·
1028 280 1134 338 Lllllill
1152 280 1335 340 surtinus,

47 394 142 467 patris
163 395 264 462 trater,
290 400 319 451 at
333 412 424 454 soror.
450 399 627 466 Avunculus,
654 405 819 469 matertera,
841 405 944 459 mal

1755 289 1808 342 vso

1281 404 1437 460 0111101011
1455 408 1484 459 7.

992 525 1118 597 Septimo
1141 527 1244 598 gradu,
1266 528 1399 598 quisunt
1420 527 1536 598 cognati
1552 533 1628 585 recta
1651 528 1740 597 linea,
1755 547 1808 586 su-

956 629 1010 686 pra
1023 614 1156 687 intraque
1170 631 1223 687 pro
1245 616 1368 687 propriis
1388 617 1554 671 nominibus
1576 633 1635 673 non
1655 619 1808 689 appellan-

957 707 1014 770 tur,
1042 718 1091 757 sex
1117 719 1150 758 ex
1190 711 1349 759 transversa
1381 705 1458 759 linea
1494 705 1680 761 continentur
1710 707 1807 764 fratris

957 789 1064 845 sororis
1088 790 1214 862 adnepos
1237 792 1379 862 adneptis,
1404 793 1567 851 consobrini
1593 794 1657 860 lilii,
1680 794 1807 868 filiaque

957 879 1152 935 successionis.
1170 879 1277 934 ldcirco
1292 885 1398 951 gradus
1419 885 1528 950 septem
1546 881 1695 937 constituti
1715 890 1804 939 suut:

956 967 1008 1039 qui
1031 969 1151 1023 ulterius
1168 984 1220 1039 per
1242 984 1341 1024 rerum
1356 973 1500 1028 naturam.
1516 985 1569 1023 uec
1592 969 1709 1025 nomina
1729 972 1806 1028 inve-

944 1055 1024 1123 niri,
1054 1072 1107 1112 nec
1133 1056 1191 1112 vita
1216 1057 1434 1111 succedentibus
1461 1057 1611 1128 prorogari
1643 1065 1745 1129 potest.
1771 1061 1805 1117 Iu

955 1145 1001 1200 his
1016 1152 1127 1217 septem
1143 1145 1281 1218 gradibus
1305 1145 1403 1200 omnia
1419 1147 1669 1218 propinquitatum
1686 1149 1805 1204 uomina

956 1232 1150 1300 continentur,
1161 1234 1237 1288 ultra
1245 1249 1317 1304 quos
1326 1233 1450 1289 afliuitaa
1457 1233 1591 1302 inveniri,
1601 1250 1653 1290 nec
1663 1238 1804 1293 successio

956 1326 1049 1393 potest
1060 1322 1185 1394 amplius
1199 1322 1364 1393 propagari.

955 1461 1021 1518 Cur.
1038 1463 1170 1517 1111111-
1183 1464 1220 1516 lte
1233 1462 1389 1516 incestuosis
1409 1462 1457 1529 qai
1484 1461 1681 1518 admonitiones
1709 1478 1802 1518 socer·

1123 1593 1125 1598 ¹
1226 1530 1318 1587 dotum
1334 1537 1513 1586 contemnunt.

922 1681 941 1735 Β
992 1656 1053 1727 (Εο
1075 1656 1187 1711 concilio
1213 1657 1323 1720 Toron,
1348 1657 1438 1724 cupite
1457 1654 1495 1724 l.)
1521 1655 1685 1721 lncastuosi‚
1710 1656 1802 1727 parri-

956 1743 1038 1812 cidae,
1054 1742 1218 1808 homicidae,
1244 1741 1326 1796 multi
1340 1744 1418 1812 apud
1432 1757 1495 1808 uos,
1512 1741 1585 1810 proh
1606 1742 1702 1798 dolor!
1717 1759 1804 1815 rape·
1841 1730 1852 1749 ⁸

956 1832 1071 1886 riantur
1099 1847 1106 1886 :
1133 1831 1182 1886 sad
1210 1830 1301 1901 aliqui
1335 1845 1370 1884 ex
1403 1829 1461 1884 illis
1488 1830 1668 1885 sacerdotum
1701 1832 1804 1886 nolunt

956 1918 1200 1975 admonitionibus
1225 1933 1323 1973 aurem
1352 1917 1588 1985 accommodare,
1617 1920 1744 1974 volentes
1771 1919 1803 1975 in

956 2007 1086 2080 pristinis
1115 2006 1272 2079 perdurare
1301 2005 1494 2060 criminibus:
1512 2022 1585 2078 quos
1610 2011 1724 2077 oportet
1752 2023 1804 2078 par

956 2095 1100 2151 saecularis
1121 2096 1258 2167 potentine
1281 2094 1462 2165 disciplinam
1479 2100 1568 2173 atam
1581 2111 1670 2166 prava
1683 2112 1803 2151 consue·

956 2184 1056 2240 tudine
1077 2183 1213 2250 coerceri,
1231 2183 1282 2255 qui
1300 2199 1352 2254 per
1375 2182 1522 2238 salutifera
1543 2185 1723 2240 secerdotum
1737 2201 1802 2240 mo·

957 2274 1018 2327 nita
1032 2275 1189 2328 noluerunt
1204 2271 1341 2327 revocari.

957 2418 1020 2474 Car.
1036 2418 1109 2472 litll.
1124 2443 1161 2457 -
1187 2415 1264 2487 Quod
1288 2416 1366 2480 infru
1392 2421 1498 2469 sectam
1523 2416 1719 2483 permotionem
1745 2430 1805 2470 con·

1254 2486 1338 2555 jugia
1354 2500 1408 2540 non
1424 2488 1502 2554 punt.

993 2611 1050 2681 (Eo
1063 2611 1174 2667 concilio
1200 2609 1276 2680 opud
1299 2610 1498 2679 confluentium
1523 2608 1709 2675 oriintersuv't
1732 2610 1805 2664 lien·

957 2701 1042 2761 11000,
1066 2704 1092 2754 et
1119 2700 1241 2763 Carolus,
1264 2713 1351 2766 repes,
1376 2700 1464 2766 capite
1486 2701 1523 2763 l.)
1538 2701 1621 2751 anuo
1649 2696 1804 2752 Dominicaa

957 2785 1161 2842 iucarnationis
1185 2785 1372 2851 uccccxxtt,
1397 2785 1473 2854 apud
1493 2785 1703 2841 Conlluentiam
1722 2784 1805 2854 jussu

958 2875 1165 2932 venerabilium
1188 2873 1352 2944 principum
1372 2872 1467 2928 Caroli
1485 2872 1624 2941 videlicet,
1647 2878 1676 2927 et
1690 2872 1806 2929 llsnrici

922 2960 943 3015 C
957 2979 1059 3036 regum
1073 2961 1387 3027 reverendissimorum,
1411 2961 1577 3032 congregati
1599 2964 1666 3015 sunt
1680 2960 1806 3032 episcopi

957 3067 1078 3108 numero
1091 3051 1151 3106 Vlll
1167 3067 1174 3106 :
1191 3052 1371 3106 [dermannus
1383 3049 1603 3121 Agrippinensis
1616 3049 1805 3120 arehiepisco-

957 3157 1021 3212 pus,
1037 3139 1191 3210 llerigerus
1211 3136 1415 3208 Moguutiensis
1438 3137 1679 3208 archiepiscopus,
1699 3136 1806 3193 Thiadc

957 3226 1201 3298 wirceburgensis
1226 3226 1389 3296 episcopus,
1416 3225 1591 3281 luittharius
1616 3225 1807 3281 ltindauensis

957 3316 1118 3388 episcopus,
1144 3315 1215 3369 lloto
1231 3313 1460 3384 Osneburgensis
1474 3313 1634 3385 episcopus,
1661 3313 1807 3383 llichgou·

956 3419 998 3458 vvo
1024 3401 1244 3457 Wormaciensis
1269 3402 1436 3472 episcopus,
1464 3401 1628 3456 Ricbvvinus
1655 3401 1807 3456 811011101-

956 3490 1053 3562 gensis
1084 3491 1245 3562 episcopus,
1278 3490 1402 3545 Unvvauo
1436 3487 1663 3543 Pudebrunensis
1698 3488 1806 3560 spisco-

72 3566 235 3629 11111011101
259 3574 398 3643 amitinae,
422 3576 789 3634 consobriniconsobrinae.
805 3580 903 3635 Patrai
956 3595 1019 3652 pus,
1049 3594 1114 3634 cum
1145 3577 1296 3633 abbatibus
1331 3576 1452 3647 aliisque
1484 3576 1557 3630 sacri
1590 3575 1700 3630 ordinis
1738 3575 1807 3630 viris

71 3661 166 3732 negiu,
192 3660 287 3717 amitae
311 3678 434 3733 magnoe,
457 3665 591 3720 avunculi
606 3665 714 3736 magni,
741 3671 904 3724 materterae
957 3665 1186 3739 quamplurimis.
1215 3666 1282 3737 Gap.
1300 3669 1324 3719 l.
1341 3663 1405 3731 Qui,
1431 3664 1494 3734 ipso
1509 3668 1682 3733 cooperante
1701 3667 1729 3718 at
1742 3679 1806 3719 sen·

68 3759 178 3821 01000.
207 3751 300 3821 Nepos
324 3751 419 3823 neptis
451 3753 611 3823 proprioris
638 3755 803 3811 consobrini
826 3757 903 3812 111101
957 3755 1061 3811 tentiae
1092 3770 1194 3809 eorum
1231 3752 1421 3808 confirmante
1455 3751 1575 3806 Domino
1610 3755 1710 3806 nostro
1741 3752 1808 3806 lesu

69 3838 102 3892 vel
113 3838 184 3905 lilia,
201 3839 252 3910 qui
262 3839 427 3895 consobrini
441 3842 754 3911 appellantur.Quibus
768 3845 903 3900 exlatere
957 3843 1080 3911 Christo,
1100 3843 1132 3898 in
1147 3840 1277 3913 synodali
1300 3840 1460 3895 residentes
1482 3845 1624 3894 conventu
1647 3839 1739 3894 multa
1752 3839 1808 3895 uti·

69 3929 220 3981 1001010001
241 3928 405 3996 propatrui,
427 3929 579 3998 proamita
596 3929 818 4000 :proavunculi
838 3946 904 4001 pro·
957 3932 996 3987 lia
1019 3947 1053 3987 ac
1078 3934 1184 3987 sancte
1208 3930 1260 3985 Dei
1283 3928 1414 3984 Ecclesia
1444 3927 1596 3999 profutura
1621 3926 1809 3983 saluberrimo

68 4018 217 4069 1101011010
239 4014 327 4079 lilius,
360 4015 403 4069 vel
427 4016 498 4083 lilia,
522 4017 688 4089 adpatruus,
712 4017 847 4073 adamita.
870 4017 904 4075 lli
957 4024 1110 4076 tractantes
1134 4017 1252 4073 consilio
1265 4016 1343 4072 inter
1357 4022 1461 4071 coetera
1483 4030 1548 4087 000
1567 4018 1738 4080 1101001001,
1755 4014 1809 4070 boc

69 4101 219 4157 suntabavi
239 4102 352 4174 paterni
367 4102 455 4158 irater
470 4109 497 4159 et
518 4120 610 4170 soror,
627 4105 833 4172 abavunculus,
850 4106 902 4161 ab·
958 4108 1082 4165 maxime
1106 4106 1311 4174 necessarium,
1327 4108 1354 4159 et
1375 4104 1506 4170 instanti,
1526 4103 1602 4173 prob
1617 4102 1717 4159 dolort
1734 4107 1808 4158 tem·

69 4195 221 4246 001011011.
256 4190 290 4246 111
321 4195 388 4246 1001
418 4191 524 4246 abaviae
557 4199 685 4264 paternas
708 4199 903 4265 maternaeque
919 4240 941 4294 D
960 4213 1030 4269 pore
1056 4212 1108 4267 per
1135 4194 1302 4250 abusionem
1335 4191 1603 4263 frequentissimum
1632 4191 1809 4262 cognationis

69 4273 143 4333 111101
174 4282 204 4334 01
235 4294 327 4346 10101,
360 4272 502 4351 abavique
533 4281 665 4336 materni.
691 4284 756 4339 llaec
788 4299 904 4355 quoque
960 4286 1111 4352 incestum,
1135 4298 1248 4337 summa
1275 4281 1387 4336 cautela
1414 4280 1564 4335 vitandum
1587 4281 1776 4336 ttrmsverunt
1802 4296 1810 4335 :

71 4366 203 4438 explanari
227 4366 353 4438 amplius
374 4383 434 4423 non
461 4374 592 4440 possunt,
620 4386 706 4443 quam
723 4377 820 4427 auctor
845 4372 907 4443 ipse
960 4373 1014 4428 hoc
1038 4375 1091 4440 est,
1106 4386 1142 4426 ne
1158 4371 1233 4425 ullus
1259 4369 1439 4427 Christianus
1461 4368 1538 4424 inira
1554 4373 1664 4425 sextam
1687 4383 1809 4440 genera·

73 4451 204 4511 1111101011.
961 4460 1069 4515 1100010
1085 4460 1200 4531 nuptias
1214 4459 1348 4530 copulare
1365 4461 1530 4530 praesumat.

747 4635 835 4676 ullus
861 4635 950 4678 blunt
973 4636 1120 4677 sortist.
