3878 6112
108 227 166 281 ³57

494 347 582 403 cxlx.

107 437 141 490 S.
159 437 291 491 liutricus
313 435 460 505 confirmat
487 438 648 491 moirasterio
676 438 771 493 Sancti
797 441 960 494 Emmcromi

146 510 240 561 omnia
252 507 321 560 bono
335 509 494 574 patiemim,
513 507 606 561 obtato
620 510 743 578 episcope
759 510 880 578 aliisque
897 512 961 566 otia·

145 577 236 632 nandi
244 578 387 644 facultate.

379 648 695 720 (einnolOitl,3lulii.)

238 734 333 807 [Ried,
348 734 440 790 Codes
459 735 571 806 diplom.
590 736 710 802 uariae,
722 737 745 804 l,
763 735 836 808 lat]

145 823 177 875 ln
193 821 311 876 nomine
340 829 444 876 sanctae
458 827 486 876 et
505 822 662 878 individuae
690 823 846 892 Trinitatis,
872 826 960 880 ileru-

108 925 187 964 arcus
198 909 414 964 divinafaiente
434 909 587 965 clementia
602 912 685 965 Rom.
695 911 764 983 imp.
778 914 852 983 Aug.

146 997 329 1068 Imperialcm
353 997 444 1051 nostri
459 998 585 1052 nominis
600 1000 798 1054 excellentiam
827 1001 881 1054 hoc
906 999 958 1054 sci·

109 1102 175 1140 mus
205 1085 318 1158 exigere
344 1085 403 1140 imo
430 1087 465 1140 ad
486 1092 593 1141 statum
624 1087 707 1158 regni
730 1090 758 1142 el
780 1087 816 1142 ad
838 1089 959 1143 salutem

109 1174 217 1228 animos
246 1179 352 1228 nostrae
376 1174 501 1229 multum
528 1174 680 1246 prolicere,
706 1192 835 1247 quosque
871 1176 960 1231 divini

109 1261 220 1314 servitii
233 1266 386 1328 amatores,
403 1266 435 1316 nt
457 1263 519 1316 sine
535 1264 652 1335 querela
680 1263 710 1316 in
735 1263 786 1318 bet
805 1264 960 1335 persistant

109 1348 207 1417 laude,
232 1348 411 1404 liberalitatis
438 1355 542 1404 nostrae
566 1351 758 1405 sustentaculo
786 1350 959 1422 confortare,

108 1436 235 1491 maxime
250 1441 347 1492 autem
368 1453 415 1491 eos
444 1453 568 1508 quorum
591 1438 695 1492 laboris
721 1439 833 1494 devotio
862 1439 958 1494 divino

108 1540 168 1596 prae
184 1525 297 1579 caeteris
307 1524 439 1597 invigilat
456 1526 605 1597 obsequio.
632 1526 756 1581 Proinde
771 1527 881 1581 noverit
893 1543 958 1582 om·

109 1613 193 1666 nium
207 1613 313 1668 Christi
331 1613 479 1686 nostrique
498 1614 630 1669 fidelium
647 1614 817 1669 universitas
836 1615 959 1686 qualiter
974 1626 995 1681 Β

111 1715 164 1755 nos
179 1699 285 1756 divinae
311 1701 551 1756 remunerationis
579 1719 628 1773 spe
650 1701 770 1768 incitati,
797 1701 959 1757 interventu

109 1788 321 1843 etiamdilectae
347 1789 478 1861 conjugis
498 1795 603 1844 nostru,
633 1789 812 1860 Cunigundae
833 1790 957 1861 impera·

47 1902 49 1911 ·
108 1875 187 1931 tricis
208 1880 345 1948 Augustae
368 1884 397 1932 et
412 1878 567 1932 venerandi
593 1877 715 1933 Richolli
743 1878 853 1932 abbatis
879 1894 957 1933 com·

107 1964 213 2019 moniti
241 1965 355 2020 cuidam
379 1965 510 2020 Ecclesiae
538 1965 588 2020 liei
611 1965 686 2021 infra
710 1965 853 2021 civitatem
876 1967 957 2021 itate

107 2069 281 2123 sponensem
296 2054 325 2107 in
350 2053 489 2108 houna-ni
507 2054 623 2124 pretiosi
641 2053 691 2109 Dei
705 2053 839 2124 martyris
865 2055 957 2109 Helm·

106 2142 232 2196 merami
246 2142 485 2211 construeremus
499 2142 660 2197 venerabile
676 2159 779 2214 corpus
790 2144 851 2213 ejus
868 2143 955 2196 miru-

105 2229 178 2282 culis
195 2229 406 2284 declarantibus
418 2229 596 2302 requiescere
616 2231 830 2301 comprobatur,
846 2230 954 2297 omnia,

105 2333 171 2387 quae
185 2317 222 2371 ab
238 2317 463 2372 antecessoribus
484 2319 597 2386 uostris,
621 2319 736 2389 regibus
759 2319 803 2373 vel
828 2318 954 2389 impera-

105 2404 228 2472 toribus,
245 2405 436 2478 omnibusque
449 2406 554 2462 Christi
571 2407 702 2462 fidelibus
717 2407 761 2461 vel
777 2406 955 2479 infraipsam

104 2493 355 2564 Ratasponensom
370 2494 515 2549 civitatem
532 2495 573 2549 vel
597 2495 628 2549 in
657 2495 793 2550 suburbio
810 2494 883 2566 ejus,
910 2496 954 2550 vel

103 2581 273 2653 ubicunqne
287 2582 417 2636 locorum
432 2582 570 2637 hactenus
583 2583 685 2637 tradita
700 2588 767 2637 sunt
788 2587 817 2638 et
841 2583 953 2651 collata,

103 2669 241 2740 perhanc
263 2669 442 2741 imperialem
456 2671 592 2742 paginam
612 2672 641 2725 iu
665 2676 838 2742 perpetuum
854 2671 956 2725 contir-

103 2772 230 2825 mamns,
243 2763 272 2812 et
286 2758 393 2830 absque
407 2759 537 2814 omnium
552 2759 702 2814 hominum
727 2759 953 2814 contradictione

742 230 939 290 uirtutium
957 234 1236 293 ECCLESth'flGA.

1811 248 1864 303 ³58

980 353 1063 406 Acus
1074 350 1172 406 divina
1184 351 1297 407 favente
1316 353 1470 409 clementia
1498 357 1579 412 Rom.
1611 358 1681 430 imp.
1705 362 1862 431 Augustus.

1052 440 1233 511 Imperialem
1246 441 1336 495 uestri
1350 443 1475 497 nominis
1484 445 1679 500 excellentiam
1691 449 1745 502 hoc
1759 450 1865 505 scimus

1016 529 1140 598 erigere,
1157 529 1216 582 imo
1232 529 1268 584 ad
1288 535 1394 584 statum
1418 533 1500 601 regui
1517 539 1544 587 et
1568 534 1601 587 ad
1625 537 1746 591 salutem
1759 537 1864 593 anima

1015 622 1120 670 nostrae
1147 617 1270 670 multum
1297 619 1447 687 prolicere,
1475 635 1605 692 quosque
1632 622 1721 676 divini
1757 624 1865 680 servitii

1015 710 1167 772 amatores,
1181 705 1288 759 utsine
1311 709 1429 776 querula
1452 708 1481 761 in
1508 708 1559 762 uei
1584 709 1740 776 persistant
1768 711 1862 780 laude,

1014 791 1195 846 liberalitatis
1211 799 1315 847 nostrae
1330 797 1521 850 sustentaculo
1546 797 1718 865 confortare,
1742 801 1863 855 maxime

1014 885 1111 933 autem
1126 895 1173 933 eos
1185 896 1308 951 quorum
1323 882 1429 936 laboris
1445 883 1558 937 devotio
1575 885 1670 939 divino
1691 902 1752 956 prae
1777 894 1863 943 caete·

1014 967 1053 1022 ris
1066 968 1198 1038 invigilat
1213 969 1361 1040 obsequio.
1373 970 1496 1025 Proinde
1508 973 1621 1027 noverit
1635 975 1764 1028 omnium
1781 976 1862 1031 Chri·

1015 1055 1051 1108 sti
1061 1055 1210 1126 nostrique
1224 1056 1354 1112 fidelium
1364 1058 1536 1112 universitas
1553 1062 1676 1130 qualiter
1687 1078 1749 1129 nos,
1759 1063 1863 1119 divinae

1014 1145 1256 1198 remunerationis
1278 1161 1327 1215 spe
1342 1146 1463 1213 incitati,
1483 1147 1647 1202 interventu
1672 1150 1760 1205 etiam
1788 1152 1862 1206 dile-

1014 1236 1066 1285 clun
1080 1232 1211 1302 conjugis
1227 1239 1332 1286 nostrae
1361 1235 1557 1304 chunigundae
1585 1236 1774 1307 imperatricis
1801 1239 1861 1295 Au·

1014 1323 1106 1389 gustae
1150 1327 1178 1373 et
1207 1321 1362 1374 venerandi
1392 1321 1514 1375 llicholli
1543 1323 1652 1377 abbatis
1683 1327 1861 1392 commoniti,

1013 1406 1126 1460 cuidam
1144 1407 1274 1461 Ecclesia
1287 1409 1337 1461 [tei
1352 1408 1426 1462 infra
1446 1409 1590 1465 civitatem
1619 1412 1804 1483 Ratisponeu.
1830 1414 1862 1469 in

1013 1494 1152 1549 bonorem
1168 1496 1283 1565 pretiosi
1293 1497 1343 1550 Dei
1357 1497 1489 1568 martyris
1500 1498 1703 1553 Heimmerami
1729 1506 1858 1555 constru-

1013 1588 1077 1651 cta,
1088 1583 1137 1638 ubi
1152 1585 1314 1639 venerabile
1331 1601 1433 1655 corpus
1452 1585 1514 1657 ejus
1536 1587 1680 1642 miraculis
1713 1588 1860 1645 declaran-

1015 1671 1091 1725 tibus
1124 1671 1302 1742 requiescere
1342 1673 1547 1744 comprobatur
1574 1675 1731 1745 quamdam
1767 1676 1861 1730 nostri

1009 1759 1084 1829 juris
1109 1765 1218 1814 curtem
1245 1760 1460 1827 lliutedictam,
1480 1761 1510 1815 in
1534 1778 1607 1833 pago
1637 1764 1858 1835 chymengowe,

1011 1847 1195 1901 incomitata
1220 1848 1343 1903 Pabonis
1369 1850 1481 1903 comitis
1508 1850 1603 1918 sitam,
1632 1868 1718 1922 qnam
1741 1853 1860 1923 quidem

1012 1935 1118 1990 nobilis
1132 1935 1218 1990 homo
1235 1938 1426 1992 Warmnudus
1436 1955 1531 1993 comes
1541 1938 1635 1993 eidem
1646 1940 1776 1995 coenobio
1790 1957 1858 1996 con-

1011 2024 1087 2090 tulit,
1104 2039 1169 2077 cnm
1181 2024 1314 2078 omnibus
1331 2025 1519 2095 appendiciis,
1535 2026 1609 2081 villis
1624 2027 1741 2096 scilicet,
1772 2029 1857 2098 areis,

1012 2112 1097 2182 agris,
1113 2112 1212 2182 pratis,
1228 2113 1350 2182 pascuis,
1365 2113 1446 2183 aquis
1475 2130 1651 2185 aquarumve
1677 2115 1857 2187 decursibus,

1011 2199 1087 2254 vadis
1109 2201 1289 2263 molendinis,
1315 2201 1530 2271 piscationibus,
1560 2203 1683 2256 exitibus
1711 2209 1740 2258 et
1762 2205 1858 2260 rediti-

1009 2286 1073 2354 bus,
1100 2288 1152 2340 viis
1178 2294 1206 2342 et
1235 2289 1328 2355 inviis,
1355 2289 1469 2360 quaestis
1492 2295 1519 2343 et
1546 2289 1736 2360 inquirendis,
1766 2293 1855 2361 silvis,

1010 2376 1221 2444 venationibus,
1236 2376 1353 2431 familiis
1372 2379 1458 2432 etiam
1475 2378 1623 2449 utriusque
1650 2395 1743 2445 sexus,
1768 2385 1855 2436 cteta·

1009 2463 1116 2534 risque,
1133 2481 1197 2536 qum
1212 2465 1342 2536 quolibet
1368 2466 1452 2518 modo
1468 2465 1523 2519 dici
1538 2471 1588 2520 aut
1611 2467 1696 2520 scribi
1724 2474 1855 2538 possunt,

1011 2552 1181 2605 utilitatibus
1197 2553 1231 2606 ad
1244 2553 1375 2606 eamdem
1388 2558 1498 2607 curtem
1505 2555 1570 2624 iure
1583 2559 1611 2608 et
1624 2555 1754 2623 legaliter
1764 2555 1856 2626 perti-

1009 2639 1153 2707 nentibus,
1168 2656 1220 2710 per
1235 2641 1308 2694 hauc
1322 2640 1502 2710 imperialem
1515 2642 1648 2712 paginam
1664 2643 1694 2696 in
1707 2643 1857 2713 proprium

1009 2727 1158 2797 largimur.
1177 2733 1204 2782 et
1215 2729 1353 2798 ejusdem,
1367 2730 1534 2783 Warmundi
1545 2730 1657 2783 comitis
1670 2730 1856 2786 traditionem

103 2845 301 2918 mmmmm
324 2846 538 2919 1ΜείωωίΘὸ
559 2847 690 2902 videlice,
710 2847 820 2901 ratione
844 2853 876 2902 u,
903 2864 954 2902 nec
1009 2821 1148 2885 perpetuo
1162 2817 1226 2886 jure
1255 2817 1399 2887 praedictae
1421 2818 1546 2870 ecclesiae
1576 2818 1795 2885 continuamus,
1823 2835 1857 2873 ea

104 2935 257 3005 episcopus
281 2936 408 3006 ejusdam
435 2935 501 3002 loci,
531 2936 669 3008 nullaque
683 2936 837 3008 judiciaria
848 2936 892 2990 vel
908 2953 952 2991 ec·

104 3023 262 3078 clesiastica
276 3040 398 3096 persona
410 3024 536 3095 aliquam
552 3025 656 3079 haheat
679 3030 850 3097 potestatem
879 3041 952 3096 prae·

103 3111 251 3167 nominata
264 3112 340 3168 bona
353 3113 480 3183 praefatae
495 3114 621 3168 ecclesiae
646 3115 770 3180 auferre,
786 3114 830 3168 vel
854 3113 954 3167 usibus

103 3200 225 3256 baham
238 3200 346 3255 ibidem
361 3201 411 3256 sub
426 3201 594 3256 monachica
616 3201 797 3256 institutione
812 3203 871 3256 Deo
894 3217 953 3256 ser·

103 3288 243 3343 viantium
258 3288 430 3356 abalienare,
451 3291 500 3345 sed
522 3290 674 3363 praedictus
704 3290 852 3345 llicholfus
880 3291 953 3360 ejus

104 3375 167 3430 dem
183 3376 240 3431 loci
264 3378 352 3432 abbas
379 3379 495 3449 suisque
521 3394 696 3433 successores
718 3378 837 3433 liberam
853 3378 953 3432 exinde

103 3463 229 3520 babeant
241 3470 414 3535 potestatem
429 3466 565 3537 quicquid
594 3467 636 3521 eis
663 3467 803 3537 placuerit
817 3465 951 3534 faciendi,

104 3552 136 3607 ad
150 3553 307 3608 utilitatem
317 3555 515 3609 tautummodo
531 3555 651 3609 fratrum
666 3554 775 3609 ibidem
795 3554 847 3609 sub
865 3571 952 3624 regn-

103 3639 231 3696 lasancti
253 3641 395 3697 benedicti
422 3644 479 3697 lieo
504 3647 658 3715 sanctoque
673 3643 886 3697 lleimmeramo
910 3644 952 3697 fa·

102 3729 287 3784 mutantium.
308 3731 342 3785 Et
354 3735 387 3784 ut
401 3731 462 3785 hac
478 3737 583 3785 nostrae
597 3730 825 3786 confirmationis
840 3737 868 3785 et
892 3731 951 3785 lar-

100 3817 219 3889 gitionis
235 3817 388 3872 auctoritas
411 3818 520 3873 stabilis
547 3825 575 3874 et
597 3819 765 3874 inconvulsa
780 3819 859 3874 omni
885 3835 950 3890 per-

100 3910 218 3961 maneat
228 3922 299 3974 aevo,
314 3906 369 3961 hoc
381 3912 557 3978 praeceptum
580 3907 647 3962 inde
675 3907 869 3979 conscriptum
888 3923 951 3977 pro

99 3993 163 4066 pria
176 4010 267 4048 mana
278 3995 505 4064 corroborantes,
535 3996 623 4068 sigilli
645 3996 735 4051 nostri
762 3996 950 4066 impressione

97 4081 237 4154 jussimus
251 4082 393 4154 insigniri.

133 4172 248 4240 Signum
294 4171 387 4226 domm
423 4173 535 4227 Hauriat
568 4175 742 4228 invictissimi
761 4149 985 4232 'Romanoremli

98 4260 273 4329 inperatoris
283 4261 412 4329 Augusti.
426 4262 661 4329 (Mmtoqrommu.)

133 4347 311 4403 Guntherius
326 4349 512 4404 cancellarius
527 4350 562 4405 ad
577 4349 669 4405 vicem
699 4348 874 4404 Erlrenbaldi
903 4366 947 4404 ar·

98 4434 287 4505 chicapellani
302 4437 465 4507 recognovi.

134 4524 232 4578 Datav
247 4525 342 4579 Nonas
356 4525 433 4593 tulii,
455 4525 611 4581 indictione
626 4543 668 4593 ιιι,
688 4541 764 4581 anno
792 4524 948 4580 Dominicae

97 4612 306 4668 incarnationis
322 4616 400 4682 toul,
411 4631 488 4669 anno
503 4631 570 4669 vero
591 4615 695 4670 Domni
707 4614 821 4671 Haurici
843 4631 947 4670 secuu-

98 4701 127 4756 di
141 4702 291 4773 regnantis
301 4702 522 4774 xr,imperaniis
532 4720 591 4758 vrri.

131 4792 237 4844 Actum
250 4789 375 4845 Coloniae
384 4790 513 4845 feliciter.
529 4793 622 4846 Amen

132 4878 264 4947 Sigillum
273 4879 411 4948 majestat.
427 4880 564 4948 inteqrum
579 4883 679 4935 castet.

97 5055 128 5111 S.
151 5055 284 5109 ilenricuc
309 5058 450 5124 amptruet
474 5057 637 5111 monasterio
660 5056 755 5111 Sancti
783 5057 949 5110 Emmeromi

132 5125 309 5179 traditionem
333 5129 417 5181 curtis
432 5127 524 5182 Ruitae
542 5128 714 5198 (ventarent)
737 5128 842 5193 {actam
869 5142 947 5181 oco·

131 5198 197 5250 mite
213 5197 392 5251 Wamnundo.

367 5287 461 5354 (Anno
473 5287 548 5353 leil,
565 5285 681 5355 etalii.)

313 5372 398 5446 [Eied
419 5374 468 5429 ubi
487 5390 582 5444 supro,
608 5392 640 5445 p.
661 5373 732 5446 lid]

130 5459 164 5513 ln
178 5459 299 5516 nomine
309 5465 413 5518 sancta
423 5467 452 5517 et
474 5461 632 5518 individua
656 5461 814 5529 trinitatis,
841 5459 947 5516 Henat-

970 2898 1140 2958 Cvidrlicet
1167 2905 1276 2959 ratione
1303 2911 1333 2959 nt
1368 2922 1421 2959 nec
1451 2907 1604 2976 episcopus
1628 2907 1755 2976 ejusdem
1791 2907 1856 2974 loci,

1006 2993 1144 3063 nullaque
1157 2993 1347 3047 ecclesiastica
1363 2995 1406 3048 vel
1419 2994 1572 3065 judiciaria
1590 3009 1714 3065 persona
1729 2995 1855 3066 aliquam

1007 3080 1110 3134 babeat
1135 3086 1316 3150 potestatem,
1347 3083 1590 3152 pvraerrominalum
1619 3088 1857 3154 curtempruno·

1007 3169 1123 3223 minatae
1141 3170 1270 3224 Ecclesiae
1301 3172 1413 3224 anferre
1437 3171 1480 3225 vel
1496 3171 1592 3225 usibus
1608 3171 1729 3226 fratrum
1749 3171 1856 3228 ibidem

1007 3258 1060 3311 sub
1072 3258 1240 3311 monachica
1254 3258 1437 3312 institutione
1456 3260 1512 3312 lieo
1532 3259 1717 3314 servientium
1750 3261 1855 3315 abalie-

1007 3347 1150 3413 nare,sud
1172 3346 1327 3416 pradictus
1357 3346 1502 3401 ilichollus
1531 3347 1659 3416 ejusdem
1689 3348 1743 3402 loci
1771 3348 1856 3402 abbas

1006 3433 1108 3504 suique
1134 3450 1308 3488 successores
1318 3434 1438 3488 liberam
1468 3435 1571 3488 exinde
1588 3436 1853 3507 habeantpotesla-

1005 3526 1062 3576 lem
1082 3522 1217 3594 quicquid
1249 3524 1289 3576 eis
1318 3523 1458 3593 placuerit
1487 3524 1620 3590 faciendi,
1642 3525 1675 3579 ad
1700 3525 1854 3579 utilitatem

1005 3613 1204 3664 tantummodo
1221 3611 1340 3664 fratrum
1355 3611 1464 3665 ibidem
1489 3612 1540 3664 sub
1571 3612 1669 3682 regula
1691 3613 1781 3669 sancti
1802 3615 1854 3668 Be·

1006 3697 1110 3752 nedicti
1137 3699 1194 3752 lteo
1218 3703 1372 3769 sanctoque
1407 3699 1617 3754 lleimmeramo
1641 3701 1852 3764 farriulantium,

1006 3785 1136 3840 omnium
1157 3786 1306 3840 hominum
1321 3788 1545 3841 contradictione
1560 3793 1679 3841 remota.
1692 3790 1724 3841 Et
1739 3794 1769 3843 ut
1792 3788 1854 3842 baec

1004 3879 1110 3927 nostrae
1128 3873 1287 3944 largitionis
1315 3881 1343 3927 et
1370 3874 1597 3928 cerrllrmationis
1620 3874 1774 3928 arictorilas
1793 3880 1851 3929 sta·

1004 3961 1069 4016 bilis
1085 3967 1113 4015 et
1129 3963 1291 4016 inconvulse
1308 3961 1386 4016 urrini
1410 3967 1577 4034 permaneat
1599 3979 1670 4030 aevo,
1698 3961 1752 4017 hoe
1776 3979 1851 4032 prae·

1005 4056 1118 4120 ceptum
1130 4051 1196 4104 inde
1208 4049 1401 4120 conscriptum
1416 4066 1503 4105 manu
1522 4051 1639 4121 propria
1665 4050 1851 4105 corroborau-

1004 4144 1058 4206 tes,
1071 4139 1158 4209 sigilli
1170 4139 1258 4192 nostri
1273 4139 1462 4209 impressione
1471 4139 1609 4210 jussimus
1624 4138 1767 4209 insigniri.

1038 4228 1152 4293 sianum
1171 4228 1264 4281 domni
1281 4230 1390 4282 llenrici
1419 4229 1592 4283 invictissimi
1616 4230 1691 4282 ltom.
1709 4230 1775 4297 imp.
1797 4228 1853 4282 ilu-

1003 4317 1077 4382 austi
1094 4317 1329 4382 (Monoprommo.)

1039 4403 1213 4457 Guntherius
1240 4403 1427 4458 cancellarius
1451 4404 1487 4458 ad
1506 4404 1595 4458 vicem
1612 4403 1784 4460 Erkenbaldi
1806 4420 1851 4458 ar-

1003 4491 1209 4563 chicappellani
1223 4492 1386 4562 recognovi.

1038 4579 1135 4632 Datav
1151 4580 1173 4633 N
1180 4596 1251 4633 onas
1267 4580 1345 4646 lolii,
1366 4579 1466 4634 indict.
1483 4596 1523 4644 ur,
1551 4595 1627 4633 anno
1648 4579 1804 4635 Dominicae
1814 4579 1855 4634 in·

1002 4672 1108 4722 cernat.
1124 4669 1200 4733 lO‘tl,
1217 4685 1293 4723 anuo
1309 4685 1376 4722 vero
1398 4669 1499 4722 domni
1518 4668 1633 4724 ilenrici
1655 4685 1673 4722 ιι
1702 4665 1852 4738 regnantis

1001 4771 1048 4822 xx,
1065 4756 1308 4827 impersonatam,
1325 4761 1426 4811 Actum
1442 4757 1567 4812 Coloniae
1592 4756 1722 4811 feliciter.
1743 4758 1846 4809 Amen.

1037 4843 1166 4911 Sipiltum
1178 4846 1304 4899 nonnihit
1319 4847 1410 4900 tasum
1423 4852 1521 4900 enstut.

1383 4935 1470 4989 cxxi.

1001 5021 1029 5078 S.
1050 5023 1181 5076 ilenricus
1208 5023 1350 5089 coitfirmot
1377 5022 1540 5076 monasterio
1569 5021 1658 5073 sancti
1687 5021 1852 5074 Emmcrumi

1274 5111 1375 5162 curtem
1402 5111 1572 5163 Eiterttoecn.

1260 5199 1352 5263 (Anno
1371 5199 1448 5264 teat,
1466 5199 1480 5249 3
1500 5194 1592 5263 1ιι111.)

1215 5282 1309 5355 [iliad
1329 5285 1377 5338 ubi
1402 5300 1496 5353 supra,
1517 5299 1545 5353 p.
1566 5281 1636 5351 ltu]

1038 5371 1068 5424 ln
1083 5371 1200 5425 nomine
1220 5378 1325 5426 sanctoe
1349 5377 1378 5425 et
1390 5372 1545 5426 individuae
1564 5369 1721 5438 Trinitatis,
1752 5370 1850 5425 Hauni-

1002 5474 1065 5527 cus,
1079 5463 1145 5526 etc,
1173 5456 1203 5514 itt
1222 5475 1296 5514 uum.
1317 5474 1398 5527 praa.
1424 5485 1458 5499 -
1482 5457 1637 5529 quamdam
1665 5457 1850 5528 nostrijuris
