3878 6112
89 221 136 274 tlt
738 214 766 269 S.
788 212 929 269 nssnnlct
950 212 1187 282 niuhseinais
1792 213 1843 265 tlt

88 350 174 417 atque
188 343 322 414 disponat
350 357 416 396 cum
438 340 571 396 omnibus
598 340 658 395 suis
681 339 767 394 rebus
784 337 937 393 mobilibus
952 339 975 392 Α
993 337 1042 392 atii
1059 337 1148 393 nostri
1162 336 1272 401 lideles,
1287 334 1341 389 hoc
1356 338 1569 405 cognoscentes,
1582 338 1689 389 nostrae
1713 333 1844 388 fidelitati

88 437 117 489 et
127 430 322 488 immobilibus
341 434 451 484 remota
465 430 595 484 omnium
616 427 767 483 hominnm
791 425 935 481 contradi·
992 426 1115 496 amptius
1136 425 1317 479 stabilientur
1333 442 1341 491 ;
1355 423 1417 493 ejus
1439 422 1572 494 precihus
1595 428 1770 491 annuentes,
1782 423 1840 492 jam

88 522 184 576 ctione
198 521 243 575 vel
261 519 470 574 molestatione.
487 519 515 573 Si
531 517 596 588 quis
620 516 710 587 igitur
734 519 839 570 nostrse
868 530 936 568 con·
992 513 1101 568 dictum
1117 512 1318 567 comitatulum
1343 527 1359 566 a
1383 516 1484 566 nostro
1501 511 1565 582 jure
1584 510 1614 565 iu
1637 511 1701 582 ejus
1717 511 1845 564 ecclesia

91 608 264 665 firmationis
287 605 673 678 praeceptumnefurioausn
703 603 937 672 intringereten·
991 607 1161 674 potestatem
1188 602 1305 655 omnino
1334 600 1563 655 transfundimus
1592 605 1622 654 et
1635 601 1843 671 perdonamus,

89 697 203 763 tavcrit,
234 695 305 750 sciat
331 712 360 748 se
390 694 615 765 compositurnm
641 691 704 746 auri
733 689 837 762 optimi
850 690 938 745 libras
993 692 1180 762 etpraeraum
1200 691 1416 761 plebemalque
1444 690 1575 745 chortem
1603 690 1726 761 perhoc
1740 693 1844 742 nostrae

91 789 215 849 centum,
227 783 410 837 medietatem
424 796 545 835 cemerae
568 782 685 847 nostrie,
702 784 731 833 et
755 779 938 833 medietatem
993 778 1170 834 auctoritatis
1185 781 1362 849 praeceptum
1395 776 1455 845 jam
1481 776 1652 848 supradicta·
1677 776 1844 832 Novarieusi

90 873 247 945 praelibate
266 870 391 925 ecclesiae
421 869 537 939 suisque
557 866 727 921 rectoribus.
748 866 829 930 Quod
846 870 877 920 ut
891 882 940 917 ve·
994 866 1119 922 ecclesias
1130 864 1276 920 reddimus
1289 867 1317 918 et
1329 863 1511 920 concedimus
1524 880 1591 918 cnm
1606 865 1688 920 omni
1703 865 1843 930 districtu,

90 962 149 1016 rirrs
164 962 296 1014 credatur
311 956 534 1028 diligentiusque
558 954 734 1022 observetur,
759 969 847 1008 mauu
877 969 940 1025 pro·
994 961 1023 1010 et
1036 955 1157 1009 teloneis
1185 970 1217 1007 ac
1245 951 1452 1024 piscationibus
1481 968 1546 1023 quae
1568 952 1600 1006 iu
1623 951 1747 1007 llnmine
1769 953 1843 1006 Toxo

90 1049 154 1120 pria
169 1047 332 1100 roboratum
344 1044 438 1113 sigillo
450 1049 549 1096 nostro
559 1042 697 1112 jussimus
709 1040 853 1111 insigniri.
995 1049 1072 1108 sunt,
1099 1042 1129 1096 iu
1165 1042 1222 1096 illis
1257 1040 1365 1095 scilicet
1392 1040 1462 1095 locis
1491 1041 1542 1095 nbi
1570 1041 1634 1111 ipsa
1664 1040 1791 1095 Ecclesia
1812 1055 1842 1094 er

127 1137 239 1202 Signum
268 1133 372 1187 dornini
397 1133 518 1186 lleiririci
549 1132 727 1185 invictissimi
766 1129 941 1197 imperatoris
995 1129 1352 1203 utruquessuministeuet
1373 1133 1465 1199 parte,
1494 1133 1606 1183 etcum
1632 1129 1843 1193 venationibus,

93 1225 224 1291 Augusti.
996 1237 1046 1276 sen
1070 1219 1204 1274 omnibus
1231 1217 1317 1271 rehus
1345 1233 1409 1288 quae
1433 1216 1469 1272 ad
1499 1217 1645 1288 publicam
1675 1222 1792 1288 partem
1813 1234 1841 1272 er

127 1308 298 1367 Gumlrerius
322 1307 510 1363 cancellarius
538 1307 596 1361 vice
626 1304 819 1361 harconbaldi
848 1305 942 1359 archi·
997 1311 1097 1366 eodem
1117 1309 1283 1364 comitatulo
1297 1307 1372 1378 exigi
1385 1312 1516 1379 possunt,
1528 1324 1594 1363 cum
1604 1307 1736 1380 capellis,
1753 1308 1841 1375 domo,

92 1416 174 1471 capp.
193 1397 303 1453 notavi.
997 1399 1102 1467 curtili,
1140 1396 1318 1463 massaritiis,
1363 1396 1445 1464 casis,
1483 1395 1686 1463 sediminibus,
1730 1397 1841 1466 campis,

131 1526 282 1542 ......
303 1483 461 1539 Dominicae
484 1481 691 1537 incarnationis
717 1481 796 1548 roll,
825 1480 884 1538 ind.
902 1499 941 1549 xr,
997 1487 1097 1560 pratis,
1144 1484 1245 1550 vineis,
1282 1483 1407 1555 pascuis,
1442 1481 1530 1549 silvis,
1570 1482 1705 1549 stalariis,
1745 1484 1842 1551 saletis,

93 1592 170 1631 anuo
186 1573 298 1630 domini
313 1572 439 1628 Heinrici
454 1570 629 1625 serenissimi
653 1569 836 1640 imperatoris
861 1568 943 1640 regni
959 1617 979 1670 B
998 1575 1161 1648 paludibus,
1176 1573 1268 1645 aquis,
1286 1588 1426 1643 aquarum
1456 1572 1632 1639 decursibus,
1663 1572 1838 1634 molendinis,

95 1682 144 1731 xu,
160 1661 276 1733 imperii
291 1677 359 1716 vero
372 1677 391 1715 1.
998 1662 1215 1737 piscationibus,
1229 1661 1313 1716 cultis
1327 1666 1356 1715 et
1369 1660 1495 1721 incultis.
1528 1660 1626 1715 divisis
1652 1666 1682 1714 et
1707 1659 1837 1728 indivisis,

129 1755 230 1806 Actum
244 1750 273 1803 in
291 1748 360 1802 villa
371 1747 485 1803 Dulceri
507 1785 631 1801 -----
996 1753 1127 1808 terminis
1158 1750 1364 1816 concessionis,
1402 1748 1545 1820 piscariis,
1572 1749 1757 1818 campariciis
1776 1749 1836 1803 aliis

131 1840 216 1894 Locus
227 1837 322 1904 stoitti.
999 1853 1055 1910 que
1072 1836 1211 1890 universis
1225 1833 1477 1898 redhibitionibus,
1488 1848 1552 1886 cum
1568 1832 1658 1887 servis
1673 1838 1703 1887 et
1727 1833 1833 1900 ancilis,
1881 1880 1885 1887 .

468 1904 577 1960 LXXVI·
999 1925 1162 1981 aldianibus
1172 1927 1201 1977 et
1227 1921 1349 1976 aldianis
1372 1920 1522 1992 utriusque
1543 1937 1637 1987 sexus,
1653 1936 1722 1975 cum
1755 1921 1833 1975 omni·

99 1981 126 2036 ⁵·
143 1973 947 2113 tentetis?certesiensis{litante
999 2016 1062 2080 a
1078 2028 1143 2085 m
1168 2010 1224 2065 a
1450 2014 1579 2107 ,sm
1594 2008 1631 2063 aa
1657 2011 1719 2080 sm
1746 2008 1831 2106 m,

425 2115 620 2184 lhnn0l0l4.)
961 2124 967 2132 ·
999 2103 1114 2175 plebem
1142 2100 1185 2153 vel
1213 2099 1344 2153 chortem
1390 2096 1601 2166 pertinentibus
1623 2096 1669 2150 vel
1699 2110 1831 2168 respicien-

271 2185 403 2260 [Usshssllir
420 2186 505 2242 ltalia
524 2200 616 2251 iacta,
633 2185 677 2253 lv,
695 2181 774 2257 70⁰]
999 2191 1098 2255 tibus;
1115 2203 1242 2242 necnon
1258 2190 1286 2240 et
1302 2189 1419 2256 portum
1443 2185 1478 2239 de
1498 2184 1630 2238 Bestamo
1657 2182 1752 2238 eidem
1773 2180 1830 2253 plebi

133 2273 294 2331 lnnomine
309 2280 414 2328 sanctes
433 2277 462 2327 et
477 2272 631 2327 individuoe
653 2270 812 2339 Trinitatis,
840 2271 949 2327 Heum-
1000 2277 1204 2351 pertinentem.
1221 2289 1307 2345 quern
1332 2271 1555 2343 gloriosissimus
1574 2272 1734 2326 avunculus
1754 2274 1831 2326 noste

97 2381 154 2430 cns,
170 2363 267 2418 diviua
278 2361 431 2417 ordinante
453 2360 617 2426 clementia,
643 2360 841 2414 Romanorum
856 2359 950 2429 impe·
1002 2362 1075 2418 Otho
1089 2361 1178 2432 Major
1192 2359 1362 2430 supradicte
1381 2359 1441 2413 sedi
1463 2375 1516 2430 per
1539 2364 1718 2430 preceptum
1737 2372 1830 2413 conces·

100 2459 177 2509 rator
190 2454 344 2521 Augustus.
1002 2450 1039 2504 sit
1054 2451 1113 2505 :ita
1129 2454 1161 2504 ut
1176 2451 1271 2504 nullus
1299 2448 1441 2516 marchio,
1462 2463 1567 2512 comes,
1595 2447 1764 2516 vicecomes,
1775 2447 1833 2501 scul-

136 2541 208 2595 Itum
222 2538 352 2593 lidelinm
367 2535 555 2608 petitionibus
569 2539 676 2590 nostrae
689 2533 846 2605 imperialis
867 2533 949 2588 celsi·
1003 2536 1096 2592 datius
1111 2538 1183 2608 ejus,
1195 2553 1246 2591 seu
1259 2536 1395 2608 quelibet
1416 2551 1522 2607 magua
1545 2551 1692 2607 parvaque
1717 2551 1834 2607 persona,

100 2628 207 2684 tudinis
227 2643 373 2681 assensum
393 2625 614 2697 praebuerimus,
630 2640 678 2678 eos
705 2628 805 2677 nostro
834 2623 950 2677 servitio
1003 2626 1133 2681 homines
1145 2626 1207 2696 jam
1236 2623 1304 2679 dicti
1328 2624 1482 2678 comitatus
1497 2640 1548 2678 seu
1574 2623 1667 2694 plebis
1696 2626 1739 2678 rel
1767 2625 1838 2678 chor·

101 2715 293 2790 promptiores
307 2731 339 2768 ac
367 2714 527 2769 devotiores
546 2728 607 2766 esse
624 2712 745 2766 minime
774 2711 948 2766 dubitamus.
1003 2714 1040 2767 tis
1067 2713 1171 2767 audeat
1187 2712 1370 2784 distringere,
1389 2715 1440 2766 aut
1464 2711 1539 2765 inira
1563 2709 1659 2783 ipsnm
1685 2710 1839 2766 comitatum

102 2805 282 2874 Quapropter
296 2805 464 2854 cunctorum
484 2799 617 2853 Ecclesise
641 2799 786 2853 catholicos
810 2798 948 2863 lidelinm,
1004 2801 1114 2872 aliquid
1129 2806 1284 2872 presumat
1299 2799 1426 2872 exigere,
1447 2801 1491 2854 vel
1518 2805 1630 2870 paratas
1659 2799 1763 2866 iacere,
1794 2813 1840 2853 uec

104 2894 325 2960 nostrorumque
339 2893 397 2942 tam
413 2887 601 2958 praesentium
622 2903 708 2958 quam
726 2887 890 2941 futurorum
905 2903 951 2940 so·
968 2887 989 2943 C
1008 2888 1079 2943 ultas
1093 2888 1300 2944 redhibitiones
1328 2888 1477 2959 acquirere
1492 2903 1500 2954 ς
1517 2887 1565 2942 sed
1587 2888 1671 2942 liceat
1695 2893 1843 2942 memorato

104 2979 188 3034 tertia
213 2980 397 3047 recognoscat
414 2976 539 3039 Petrum,
563 2974 696 3028 venerab.
720 2973 825 3041 sirum,
850 2978 953 3028 sanctae
1008 2978 1120 3050 praesull
1135 2977 1251 3047 suisque
1271 2976 1492 3042 successoribus,
1517 2977 1579 3047 jam
1608 2976 1844 3046 sepedictumeo-

105 3065 285 3122 Novariensis
329 3063 456 3118 Ecclesia
502 3062 680 3132 episcopum,
730 3067 954 3133 nostrorumque
1008 3065 1141 3121 mitatum
1166 3081 1231 3119 curu
1251 3064 1414 3135 supradicta
1429 3063 1512 3134 plebe
1525 3063 1568 3118 vel
1582 3062 1680 3118 chorte
1701 3068 1846 3129 tenere,et

105 3154 231 3218 fidelem,
243 3151 293 3223 qui
307 3156 413 3204 nostrae
428 3149 573 3204 fidelitatis
590 3165 674 3204 cansa
699 3150 789 3203 multa
807 3149 953 3218 sustinuit,
1009 3169 1108 3208 omnes
1123 3152 1255 3206 homines
1278 3151 1369 3223 ipsius
1393 3151 1545 3206 comitatus
1570 3151 1628 3205 sive
1647 3149 1741 3222 ipsius
1764 3150 1846 3224 plebis

105 3242 210 3297 lumem
229 3238 371 3304 videlicet,
405 3237 494 3302 sitim,
515 3243 601 3291 aestns
620 3240 648 3291 et
664 3236 763 3307 lrigus,
787 3242 816 3291 et
836 3236 955 3308 insuper
1009 3242 1052 3295 vel
1079 3240 1187 3295 chortis
1213 3256 1264 3311 per
1282 3255 1312 3294 se
1342 3241 1386 3294 vel
1408 3255 1493 3294 arrum
1517 3240 1644 3309 legatum
1669 3239 1846 3308 distringere,

107 3328 245 3401 glaciosas
258 3342 345 3397 rupes
359 3326 503 3396 collesque
518 3325 586 3378 sctis
606 3340 731 3394 asperos,
759 3325 844 3379 nudis
871 3325 954 3396 pedi·
1009 3330 1082 3383 sicut
1108 3344 1161 3399 per
1184 3342 1247 3393 nos,
1282 3329 1326 3381 vel
1350 3332 1479 3381 nostrum
1517 3327 1636 3381 missum
1663 3325 1848 3399 distringendi

108 3418 170 3485 hus,
199 3413 436 3487 persequentibus
472 3411 606 3479 inimicis,
634 3411 769 3482 fugiendo
798 3414 953 3482 superavit,
1010 3421 1112 3481 essent,
1125 3421 1153 3470 et
1172 3414 1270 3470 omnia
1284 3431 1349 3487 quas
1361 3415 1397 3469 de
1411 3415 1473 3484 ipso
1493 3415 1630 3469 comitatu
1654 3415 1691 3469 ad
1713 3415 1848 3487 publicam

110 3504 256 3577 qnietiam
271 3518 348 3557 nunc
361 3500 583 3573 praesentialiter
593 3501 685 3553 multa
696 3499 810 3568 damna,
827 3499 955 3555 Arduino
1009 3511 1119 3577 partem
1132 3504 1278 3576 pertinent
1297 3503 1342 3557 vel
1369 3502 1436 3557 inde
1462 3503 1537 3573 erigi
1560 3507 1690 3574 possunt,
1725 3508 1754 3558 et
1777 3519 1848 3575 pre·

111 3594 283 3655 devastante,
312 3590 419 3660 recepit
445 3588 523 3659 (nam
551 3588 677 3642 ecclesiae
710 3587 787 3641 illius
810 3593 878 3642 sunt
910 3589 956 3644 de·
1009 3596 1133 3648 taxatam
1148 3593 1262 3661 plebem
1281 3592 1316 3646 de
1325 3592 1450 3656 Trecate,
1476 3596 1562 3662 atque
1581 3592 1713 3646 chortem
1737 3591 1773 3646 de
1788 3592 1849 3647 Gra·

109 3681 253 3753 praedatae,
291 3684 382 3734 castra
414 3677 552 3746 disrupta,
590 3677 693 3731 domus
721 3691 836 3744 eversas,
865 3676 955 3731 viueae
1009 3681 1189 3735 valonacnm
1204 3680 1338 3735 omnibns
1357 3679 1416 3733 suis
1442 3678 1619 3750 appendiciis
1641 3680 1685 3734 vel
1713 3678 1850 3751 pertinen·

109 3770 216 3834 incisa,
238 3768 353 3822 arbores
381 3765 573 3832 decorticata,
601 3764 720 3836 insuper
740 3764 839 3835 plebes
865 3764 956 3837 ipsius
1010 3770 1058 3825 tiis
1070 3769 1185 3834 habeat,
1214 3772 1312 3823 teneat
1334 3767 1513 3838 firmiterque
1541 3767 1689 3838 possideat
1715 3773 1776 3822 tam
1796 3766 1848 3838 ipsc

109 3861 137 3912 et
150 3861 244 3912 curtes
263 3855 298 3909 ab
317 3854 444 3909 Arduino
458 3869 511 3924 pro
535 3852 675 3908 beneflcio
690 3853 807 3924 suisque
831 3852 956 3907 inimicis
1011 3873 1098 3929 qnam
1126 3871 1299 3911 successores
1318 3855 1405 3921 illins,
1421 3855 1555 3926 qui,lleo
1587 3856 1713 3922 invente,
1734 3853 1848 3926 disposi-

108 3945 417 4013 dataesunt),nostram
433 3941 613 4011 imperialem
640 3941 733 3995 adisse
746 3941 954 4010 excellentiam,
1010 3946 1121 4001 tionem
1144 3943 1235 4016 ipsius
1262 3943 1337 3998 sedis
1360 3948 1388 3998 et
1411 3943 1575 3998 cathedram
1594 3943 1756 4015 suscepturi
1779 3944 1848 4008 snut,

109 4040 316 4105 quatenuspro
333 4031 377 4083 sui
401 4030 506 4084 laboris
533 4028 777 4100 compensatione,
792 4033 821 4082 et
836 4045 954 4083 suorum
1011 4033 1091 4088 omni
1114 4037 1211 4088 nostra
1232 4037 1454 4103 nostrorumque
1480 4046 1675 4086 successorum
1699 4047 1801 4102 regum
1825 4034 1849 4084 et

108 4122 280 4176 damnorum
304 4117 521 4182 restauratione,
546 4117 700 4186 quemdam
743 4117 952 4184 comitatulum,
972 4160 994 4214 D
1013 4122 1229 4191 imperatorum,
1266 4120 1346 4174 omui
1366 4121 1518 4175 hominnm
1552 4118 1779 4174 contradictione
1813 4116 1851 4172 rat

110 4206 286 4278 quiinvatle
312 4204 419 4258 hnsnla
445 4204 520 4257 inira
545 4203 635 4275 ipsius
665 4202 845 4274 episcopatus
871 4220 956 4275 paro·
1014 4209 1204 4265 diminutione
1232 4214 1353 4264 remota.
1384 4208 1414 4264 Si
1439 4207 1503 4279 quis
1528 4207 1618 4279 igitur
1650 4212 1757 4261 nostre
1788 4222 1851 4260 con-

114 4294 347 4363 chiamadjacere
372 4292 560 4363 dignoscitur,
587 4292 728 4364 praedicte
754 4292 879 4348 ecclesiae
899 4294 958 4348 No-
1013 4297 1148 4352 cessionis
1162 4301 1191 4352 et
1205 4296 1432 4352 confirmationis
1447 4301 1625 4367 preceptum
1654 4295 1765 4350 nelarie
1788 4306 1851 4349 ausu

115 4382 248 4446 variensi,
277 4396 341 4443 cnm
369 4380 501 4434 omnibus
524 4381 721 4437 functionibus
749 4397 814 4452 quse
838 4383 873 4437 de
894 4382 957 4454 ipso
1013 4362 1165 4440 temerario
1179 4385 1285 4440 violare
1300 4384 1518 4457 praesumpserit
1542 4387 1658 4437 centum
1686 4382 1775 4438 libras
1797 4379 1851 4437 auri

111 4469 278 4525 comitatulo
294 4467 417 4540 publice
446 4469 520 4539 parti
545 4469 702 4541 pertinent,
726 4470 955 4526 concederemus.
1013 4473 1114 4544 optimi
1127 4490 1300 4544 componere
1323 4477 1451 4544 cogatur,
1471 4471 1656 4526 medietatem
1684 4471 1792 4541 palatio
1810 4486 1853 4526 no

112 4557 521 4628 Necnonetiamdeprecatns
537 4562 580 4611 est
595 4573 647 4611 nos
670 4562 701 4611 nt
726 4558 882 4629 quemdam
896 4560 957 4630 ple·
1012 4566 1081 4628 stro,
1107 4566 1134 4615 et
1162 4560 1344 4616 medietatem
1380 4558 1547 4615 Novarieusi
1579 4557 1707 4613 ecclesise
1741 4559 1853 4629 ejusque

109 4647 174 4702 bem
187 4646 232 4699 sni
251 4645 439 4716 episcopatus,
451 4660 538 4716 quam
551 4645 619 4699 olim
635 4646 710 4700 malo
727 4646 829 4701 ordine
840 4653 869 4702 et
885 4648 959 4718 injn·
1012 4649 1115 4704 rectori
1134 4650 1183 4720 qui
1201 4664 1254 4720 pro
1284 4654 1414 4720 tempore
1440 4647 1513 4702 inibi
1535 4645 1667 4702 habetur.
1696 4647 1730 4702 Et
1756 4646 1855 4702 uthoc

110 4740 153 4789 sta
177 4733 288 4788 ratione
313 4749 364 4786 sua
396 4733 523 4804 perdidit
550 4732 758 4805 ecclesia,quae
785 4733 840 4788 sita
867 4736 958 4790 estin
1013 4737 1107 4791 verius
1134 4736 1268 4791 credatur
1291 4735 1515 4807 diligentiusque
1538 4733 1574 4789 ab
1602 4735 1737 4790 omuibus
1767 4735 1856 4789 obser·

109 4823 177 4877 villa
202 4837 267 4892 qnae
291 4819 459 4874 nominatur
488 4821 614 4885 Trecate,
635 4837 695 4876 oon
727 4822 797 4876 adeo
818 4823 917 4893 procul
941 4839 958 4877 a
1012 4830 1104 4890 vetur,
1134 4840 1221 4878 manu
1256 4824 1372 4895 propria
1408 4824 1507 4878 subter
1532 4821 1746 4891 confirmantes,
1776 4820 1857 4896 sigilli

109 4911 233 4973 civitate,
262 4915 374 4964 curtem
403 4923 520 4980 quoque
556 4925 621 4979 quae
656 4910 816 4965 Gravalona
842 4910 956 4970 dicitur,
1013 4911 1103 4966 nostri
1116 4910 1307 4982 impressione
1319 4911 1457 4981 jussimus
1469 4910 1615 4980 insigniri.

109 4999 256 5071 qnondam
270 4996 360 5068 ipsius
371 4995 497 5067 episcopi
510 4997 716 5064 continentem,
741 4997 789 5052 sed
802 5013 867 5068 quoe
881 5013 957 5052 nuuc
1047 5003 1164 5069 Sipuum
1176 5003 1208 5055 D.
1224 5000 1345 5054 Heorici
1356 5001 1522 5054 serenissimi
1543 5005 1569 5054 et
1581 5001 1759 5054 invictissimi
1772 5001 1855 5070 impr·

109 5086 215 5156 injuste
230 5101 350 5157 pervasa
365 5100 426 5138 esse
442 5083 628 5154 dignoscitur,
644 5101 703 5138 snas
727 5085 858 5140 Ecclesia
876 5086 958 5140 resti·
1011 5089 1111 5141 valoris
1121 5087 1251 5155 Augusti.

111 5176 266 5229 lueremus.
282 5171 517 5244 itaquedignnm
536 5177 578 5226 est
597 5176 629 5226 ut
652 5172 697 5226 sui
713 5173 817 5228 laboris
840 5189 956 5243 praeno·
1048 5176 1108 5229 liat.
1139 5189 1214 5228 anno
1242 5172 1448 5228 incarnationis
1477 5173 1728 5236 Dominicaeloll.
1757 5174 1858 5230 indict.

111 5259 236 5314 minatus
249 5261 355 5330 presul
383 5259 603 5314 retributionem
621 5275 639 5313 a
658 5259 741 5313 nohis
764 5261 910 5331 suscipiat.
924 5262 957 5315 lit
1010 5280 1058 5329 ru,
1074 5279 1226 5318 annovero
1242 5262 1327 5334 regni
1344 5264 1375 5318 l).
1388 5261 1503 5319 henrici
1525 5262 1795 5335 imperatorishng.
1809 5278 1859 5318 aur

109 5348 246 5418 qnoniam
262 5349 374 5418 justum
389 5354 432 5404 est
446 5354 576 5421 utsupra
599 5347 746 5403 nominata
770 5349 850 5420 plebs
869 5354 955 5420 atque
1010 5350 1124 5422 imperii
1139 5351 1244 5422 primo.

110 5433 263 5506 chorsjam
292 5435 366 5490 dicta
388 5452 440 5491 sno
468 5437 635 5491 restituatur
651 5435 841 5507 episcopatui,
867 5442 897 5492 et
925 5440 956 5492 nt
1045 5441 1146 5494 Actum
1156 5439 1325 5494 trucuianae
1340 5439 1470 5494 feliciter.
1482 5440 1583 5493 limen.
