3878 6112
10 286 12 319 t
62 264 118 317 ‘iit

488 262 724 321 DECRETORUM
746 264 842 321 eruut
860 264 914 320 xx.
935 293 970 304 -
988 262 1097 320 LIBER
1115 262 1270 321 unaldus
1289 264 1411 322 NONUS.

1764 273 1816 326 978

61 387 221 456 tristitiam,
253 386 413 455 avaritiam,
437 387 543 441 ventris
564 387 733 459 ingluviem,
760 387 912 442 luxuriam.
929 389 953 443 Α
973 385 1126 442 Humiliter
1141 386 1227 441 etiarn
1242 393 1270 441 te
1285 387 1414 442 sacerdos
1438 387 1490 443 Dei
1499 405 1631 458 exposco,
1650 395 1681 445 ut
1695 391 1815 448 interce·

61 477 103 532 Er
128 476 234 548 quibus
256 476 280 529 si
303 479 331 529 te
355 476 528 547 culpabilem
558 477 748 547 recognoscis,
769 477 913 548 preniten-

60 566 134 620 tiam
150 565 273 636 suscipe,
289 579 356 618 nam
372 580 405 618 er
423 565 467 618 liis
482 565 580 619 omnia
595 566 664 619 vitia
677 566 821 620 oriuntur.

969 476 1018 530 das
1032 491 1083 546 pro
1099 491 1155 544 me,
1181 480 1209 529 ct
1230 490 1283 545 pro
1300 476 1423 546 peccatis
1445 476 1516 530 meis
1540 477 1576 532 ad
1601 479 1754 535 Dominum
1788 485 1817 535 et

968 569 1124 619 creatorem
1153 568 1293 632 nostrum,
1325 569 1466 635 quatenus
1491 564 1527 620 de
1555 566 1599 621 bis
1628 572 1656 621 et
1679 569 1814 623 omnibus

99 655 140 708 De
160 653 303 725 superbia,
331 669 396 722 quse
422 653 537 707 initium
562 654 656 709 omnis
680 654 787 725 peccati
810 659 860 717 est,
886 658 915 708 et
968 652 1124 707 sceleribus
1148 653 1218 707 meis
1242 652 1356 707 veniam
1381 658 1409 708 et
1436 653 1648 726 indulgentiam
1677 657 1814 729 consequi

58 743 165 814 regina
179 742 309 795 omnium
326 740 479 807 malornm,
496 741 624 797 nascitur
639 743 734 797 omnis
744 742 913 797 inobedien-

58 830 113 896 tia,
135 829 230 883 omnis
258 831 456 899 presumptio,
477 834 506 883 et
528 830 621 884 omnis
647 830 823 901 pertinacia,
845 845 913 883 con-

59 917 218 984 tentiones,
234 916 367 984 haereses,
383 917 557 987 arrogantia.

96 1005 139 1060 Dc
157 1020 229 1058 vana
248 1002 352 1075 gloria,
371 1004 520 1073 jactantie,
546 1004 720 1074 arrogantia,
740 1003 912 1074 indignatio,

60 1091 218 1159 discordia,
231 1090 326 1144 inanis
340 1091 442 1161 glorie
456 1092 569 1164 cupido,
590 1096 618 1147 et
633 1091 799 1163 hypocrisis.

99 1181 141 1235 De
170 1180 286 1242 insidia,
322 1180 447 1234 nascitur
479 1180 588 1243 odium,
621 1180 792 1249 susurratio,
818 1180 912 1234 detra-

59 1268 131 1338 ctio,
159 1266 296 1323 exoltutio
335 1267 366 1321 iu
405 1267 533 1322 adversis
564 1267 697 1339 proximi,
731 1267 850 1322 afflictio
882 1268 914 1321 in

59 1357 220 1428 prosperis.

99 1446 196 1500 Deire
215 1446 349 1499 oriuntur
376 1445 453 1512 rixae,
472 1451 570 1498 tumor
589 1444 703 1510 mentis,
719 1445 911 1512 contumeliae,

968 757 1091 796 merear.

967 829 1068 886 Deinde
1088 829 1213 884 sacerdos
1237 845 1297 884 cnm
1318 834 1462 899 poenitente
1486 834 1641 900 prosternat
1663 848 1689 887 se
1703 834 1733 887 in
1757 838 1815 888 ter-

1088 932 1157 986 ram,
1175 917 1331 972 etdecnntet
1346 918 1391 972 tros
1405 922 1542 986 sequentes
1557 920 1687 974 Psotmoe.

1003 1006 1152 1077 Inprimis
1176 1006 1251 1059 dicat
1278 1007 1422 1060 Psatmum
1451 1006 1632 1076 trigesimum
1660 1007 1816 1078 septimum

968 1101 1070 1163 totum,
1087 1096 1207 1151 Domine
1222 1112 1258 1150 ne
1283 1097 1312 1150 in
1333 1096 1429 1150 lurore
1454 1101 1526 1149 tiro:
1551 1103 1580 1150 et
1607 1102 1704 1166 postea
1723 1098 1812 1164 dicem

968 1187 1232 1252 Dremus‚ctcantet
1244 1185 1388 1239 Psatmum
1406 1183 1452 1240 etl
1465 1200 1472 1238 ε
1486 1184 1617 1249 Benedie,
1634 1185 1730 1240 anima
1740 1203 1814 1248 inea,

969 1274 1108 1341 Domino;
1132 1274 1280 1328 etiterum
1308 1274 1394 1341 dicat,
1422 1273 1551 1331 Oramus.
1575 1279 1602 1327 et
1623 1278 1717 1328 cantet
1740 1275 1815 1329 Psal-

968 1379 1046 1417 nrum
1064 1364 1084 1418 t
1101 1381 1108 1417 :
1125 1363 1257 1416 Miserere
1273 1363 1340 1427 mei,
1359 1363 1442 1416 Deus.
1466 1364 1534 1416 Post
1549 1363 1608 1417 brae
1624 1367 1718 1416 cantet
1736 1363 1812 1416 Psal-

969 1464 1048 1502 mum
1065 1448 1123 1502 Llll
1140 1464 1146 1500 :
1166 1449 1250 1512 Deus,
1267 1449 1295 1501 in
1312 1448 1429 1503 nomine
1451 1455 1516 1513 tuo,
1538 1454 1566 1501 et
1581 1449 1666 1512 dicat,
1683 1449 1813 1514 (tremus,

10 2782 12 2787 '
64 2777 177 2819 uncus.

59 1534 181 1599 clamor,
202 1532 371 1602 indignatio,
396 1533 597 1604 presumptio,
620 1532 818 1602 blasphemiae,
846 1549 911 1587 san·
968 1541 996 1591 et
1010 1541 1106 1590 cantet
1120 1536 1265 1590 Psatmum
1283 1536 1334 1590 tt:
1353 1536 1425 1600 Quid
1445 1536 1576 1606 gloriaris
1590 1536 1620 1589 in
1632 1536 1751 1591 malitia.

59 1621 161 1693 guinis
181 1622 295 1689 effusio,
319 1621 480 1683 homicidia,
508 1621 663 1677 ulciscendi
689 1621 841 1692 cupiditas,
867 1621 948 1724 in·B
1100 1627 1172 1680 Tunc
1186 1625 1260 1679 dicat
1276 1625 1325 1679 tras
1334 1625 1523 1693 subsequentes
1538 1629 1680 1680 motiones.

56 1710 207 1783 juriarum
221 1710 371 1765 memoria.
1004 1715 1078 1768 Deus
1100 1714 1181 1784 cujus
1211 1712 1391 1783 indulgentia
1422 1728 1507 1767 nemo
1531 1728 1588 1766 non
1614 1713 1735 1784 indiget.
1756 1728 1815 1768 me-

98 1799 141 1853 De
164 1797 279 1852 tristitia
290 1798 414 1851 nascitur
428 1797 547 1863 malitia,
567 1813 671 1850 rancor
698 1796 799 1866 animi,
824 1796 912 1868 pusil-
967 1806 1065 1856 mento
1081 1802 1181 1856 famuli
1194 1802 1236 1856 tui
1252 1802 1284 1856 N.
1301 1801 1351 1873 qni
1367 1801 1478 1856 lubrica
1492 1801 1599 1855 terreni
1617 1801 1746 1872 corporis
1760 1801 1814 1855 lra-

59 1885 219 1952 lanimitas,
257 1887 427 1946 amaritudo,
459 1885 633 1956 desperatio,
661 1891 771 1956 torpor,
799 1884 912 1953 vagatio
967 1889 1813 1960 gilitatenudatusest,quesumus,daseniamconfitenti,

58 1977 180 2039 mentis,
213 1991 290 2045 sape
312 1975 401 2028 etiam
428 1979 457 2027 et
477 1974 625 2044 presentie
649 1973 717 2027 vitre
735 1973 814 2027 nulla
835 1973 911 2027 dole·
967 1993 1052 2049 parce
1071 1977 1205 2047 supplici,
1227 1982 1260 2031 ut
1288 1977 1337 2048 qui
1367 1977 1425 2030 suis
1447 1976 1558 2030 meritis
1581 1983 1738 2040 accusatur,
1764 1982 1813 2032 tua

24 2080 28 2086 ·
58 2061 162 2116 statio.
967 2064 1150 2120 miseratione
1167 2065 1297 2118 salvetur.
1316 2064 1547 2118 PerDominum.

96 2150 140 2204 De
169 2149 287 2203 avaritia
311 2148 445 2202 oriantur
471 2147 596 2216 insidia,
630 2149 716 2215 furta,
749 2147 911 2215 latrocinia,
1003 2152 1124 2207 Domine
1140 2156 1246 2218 sancte,
1275 2153 1368 2218 Peter,
1392 2152 1573 2222 omnipotens
1596 2156 1703 2207 aterne
1728 2154 1812 2220 Deus,

59 2236 233 2302 homicidia,
258 2235 417 2302 mendacia,
444 2237 582 2307 perjuria,
605 2236 725 2307 rapine,
754 2236 911 2304 violentie,
967 2240 1017 2312 qni
1045 2257 1098 2312 per
1122 2242 1218 2295 iesum
1247 2240 1390 2296 Christum
1417 2240 1521 2295 Filium
1548 2244 1629 2294 tirum
1660 2240 1813 2296 Dominum

59 2324 248 2397 inquietudo,
287 2324 393 2395 injusta
422 2325 541 2395 judicia,
575 2329 756 2395 contemptus
786 2324 913 2380 veritatis
966 2326 1229 2380 nostrumvulncra
1245 2324 1607 2394 nostracurarediguatus
1631 2342 1670 2392 as,
1694 2330 1721 2380 te
1746 2342 1812 2397 sup-

60 2413 181 2479 miore,
195 2409 381 2464 beatitudinis
394 2411 509 2476 oblivio,
525 2409 679 2465 obduratio
693 2410 797 2464 cordis.
967 2414 1055 2484 plicas
1068 2430 1212 2485 rogamus,
1221 2419 1250 2468 et
1262 2413 1396 2485 petimus,
1407 2418 1438 2467 ut
1450 2413 1582 2483 precibus
1596 2413 1701 2468 nostris
1715 2430 1813 2468 aurern

99 2497 141 2553 De
169 2497 276 2551 ventris
302 2497 430 2568 ingluvie
467 2502 645 2568 propagatur
681 2499 778 2570 inepta
802 2499 912 2566 letitie,
966 2507 1023 2557 tuse
1037 2501 1154 2573 pietatis
1177 2501 1315 2556 inclinare
1339 2500 1478 2571 digneris,
1504 2501 1555 2573 qui
1576 2501 1663 2556 etiam
1693 2502 1815 2557 remittis

62 2585 233 2652 scurrilitas,
255 2585 364 2652 levites,
394 2585 604 2662 vaniloquium,
635 2585 823 2641 immundicia
847 2603 913 2641 cor·
967 2590 1211 2658 omniacrimina,
1228 2595 1255 2645 et
1283 2596 1398 2661 peccata
1417 2589 1550 2644 universa
1568 2590 1721 2656 condonas,
1751 2590 1813 2644 des·

10 2732 12 2737 ,
62 2673 155 2746 poris,
169 2673 341 2728 instabilitas
365 2673 479 2740 mentis,
497 2674 630 2742 ebrietas,
653 2674 753 2742 libido,
768 2675 913 2730 hebetudo
967 2696 1023 2752 qne
1039 2680 1106 2734 hnic
1120 2678 1229 2734 famulo
1244 2684 1305 2746 tuo,
1318 2678 1452 2747 Domine,
1463 2694 1514 2749 pro
1527 2678 1675 2749 suppliciis
1689 2679 1813 2746 veniam,

967 2783 1019 2841 pro
1039 2779 1161 2822 moerore
1187 2767 1325 2834 letitiam,
1354 2783 1407 2838 pro
1431 2773 1524 2823 morte
1544 2766 1644 2833 sitam,
1659 2771 1698 2821 ut=
1716 2765 1751 2820 de
1766 2771 1814 2821 tna

100 2850 142 2906 De
159 2850 273 2906 luxurie
302 2854 458 2920 generatur
481 2850 592 2905 cacitas
615 2852 730 2917 mentis,
753 2850 914 2907 inconside-
968 2855 1164 2911 misericordie
1179 2855 1338 2921 conlidens,
1365 2855 1513 2926 pervenire
1537 2870 1701 2909 mereamur
1724 2853 1760 2909 ad
1776 2854 1815 2908 si·

63 2937 148 3004 ratio,
178 2937 370 2992 inconstantia
403 2938 565 3005 oculorum,
599 2939 642 2994 vel
674 2940 762 2994 totius
786 2937 950 3011 corporisC
969 2947 1026 3000 mni
1040 2951 1186 2999 eternam.
1199 2944 1253 2998 Per
1267 2943 1402 2997 eumdem
1420 2943 1583 2998 Dominum.

63 3025 266 3100 praecipitatio,
297 3043 378 3081 amor
404 3026 611 3082 immoderatus
633 3029 688 3095 sui,
712 3029 810 3084 odium
832 3045 913 3083 man·
1003 3033 1190 3103 Omnipotens
1205 3036 1234 3086 et
1260 3032 1422 3086 misericors
1446 3033 1530 3098 Deus,
1558 3031 1608 3102 qui
1633 3036 1813 3102 pcccatorum

63 3115 202 3170 datorum
230 3115 291 3180 Dei,
315 3115 433 3170 affectus
459 3116 609 3187 presentis
635 3117 743 3184 saeculi,
767 3116 870 3172 horror
886 3120 915 3172 ct
967 3119 1188 3191 indulgentiam,
1205 3118 1420 3173 inccrrlessione
1436 3120 1522 3172 celeri
1534 3119 1664 3188 posuisti,
1681 3134 1815 3172 succurre

64 3202 227 3274 desperatio
240 3203 340 3258 lutari.
967 3206 1065 3278 lapsis,
1092 3209 1226 3261 miserere
1254 3206 1399 3274 confessis,
1425 3212 1457 3261 ut
1470 3222 1541 3277 quos
1567 3205 1736 3261 dilectorum
1764 3222 1812 3260 ca-

99 3289 168 3348 cis.
179 3291 241 3346 Vll.
254 3293 365 3347 -ltem
376 3291 672 3364 deoirtutr'busqnibns
686 3293 778 3349 endem
790 3296 914 3349 citiusn—
969 3300 1037 3350 tena
1064 3294 1244 3366 constringit,
1271 3294 1440 3364 magnitudo
1459 3298 1517 3348 tuae
1535 3293 1650 3364 pietatis
1673 3293 1813 3348 mactent.

144 3382 241 3450 perosi
254 3382 372 3450 possint,
386 3384 414 3435 et
429 3380 462 3435 de
477 3382 644 3437 conclusione
656 3385 832 3452 penitentie.
969 3385 1032 3438 Per.

101 3467 177 3539 Ergo
209 3468 232 3521 si
265 3468 406 3539 superbus
436 3485 526 3539 usque
559 3470 645 3524 modo
672 3470 763 3536 luisti,
794 3469 915 3525 bomilia
1005 3474 1115 3538 Precor,
1139 3471 1267 3535 Domine,
1292 3469 1452 3525 clementie
1474 3477 1502 3524 et
1531 3470 1732 3525 misericordiae
1760 3476 1815 3525 triae

61 3554 193 3626 teipsum
208 3555 237 3610 in
263 3560 416 3626 conspectu
442 3556 500 3611 Dei.
532 3557 560 3613 Si
581 3573 683 3611 ranam
700 3557 820 3629 gloriam
847 3557 914 3613 dile·
969 3560 1157 3628 majestatem,
1174 3563 1206 3612 ut
1219 3558 1326 3612 lamnlo
1341 3562 1390 3611 tuo
1407 3560 1439 3613 N.
1456 3564 1571 3628 peccata
1584 3564 1613 3613 et
1627 3559 1753 3613 facinora
1764 3575 1815 3613 sue

61 3642 145 3710 xisti,
160 3644 255 3716 cogita
270 3661 307 3698 na
321 3648 442 3716 propter
462 3645 653 3700 transitoriam
677 3645 803 3709 laudem,
828 3649 915 3701 eter—
969 3646 1127 3712 confltenti,
1168 3645 1265 3701 debita
1302 3646 1438 3709 relaxare,
1476 3646 1644 3699 streniam
1678 3650 1815 3714 prestare

61 3745 135 3786 nam
148 3732 250 3802 perdes
266 3733 436 3788 mercedem.
448 3733 477 3789 si
488 3733 716 3805 inridiernbigo
726 3737 755 3789 te
767 3735 915 3806 bucusque
969 3735 1106 3807 digneris,
1122 3740 1151 3788 et
1161 3733 1372 3804 praeteritorum
1383 3733 1640 3802 criminumcutpas
1651 3733 1814 3801 indulgeas,

62 3821 257 3892 consumpsit,
273 3821 351 3892 quod
366 3826 571 3894 estpeccatum
586 3822 755 3889 maximum,
781 3829 810 3878 et
829 3837 916 3893 super
970 3824 1020 3896 qui
1034 3822 1162 3878 humeris
1182 3822 1239 3876 inis
1254 3837 1336 3876 orem
1361 3821 1501 3892 perditam
1523 3821 1672 3884 reduxisti,
1697 3821 1746 3891 qui
1761 3836 1814 3891 pu·

63 3908 167 3964 omnia
180 3908 346 3965 detestabile
363 3927 370 3966 :
386 3911 456 3983 quia
469 3910 584 3966 diabolo
594 3916 779 3983 comparatur
791 3911 913 3978 invidus,
970 3911 1076 3968 blicani
1088 3910 1220 3981 precibus
1234 3915 1264 3965 et
1277 3909 1453 3964 confessione
1469 3910 1597 3980 placatus
1611 3925 1641 3963 es
1658 3927 1665 3963 ε
1682 3915 1713 3963 tu
1728 3908 1814 3963 etiarn

65 3995 119 4069 qui
146 3996 241 4067 primo
263 3998 374 4053 bomini
403 3999 507 4054 inridit
535 3999 644 4068 datum,
676 4000 754 4071 quod
779 4000 840 4071 ipse
864 4016 917 4071 per
973 4000 1173 4056 Dominebuic
1200 3998 1309 4053 famulo
1329 3998 1521 4069 tuoplacatns
1542 4013 1603 4052 esse
1625 3997 1761 4068 digneris,
1784 4002 1814 4050 tn

64 4086 468 4157 suamculpamperdiderat,
495 4103 548 4159 age
563 4089 774 4158 paenitentiam,
798 4093 827 4143 et
848 4104 916 4159 pro·
971 4090 1056 4159 hujus
1077 4087 1208 4159 precibus
1237 4086 1380 4156 benignus
1404 4085 1508 4156 aspira,
1534 4093 1565 4141 ut
1588 4086 1618 4139 in
1640 4084 1815 4139 confessicae

63 4171 175 4229 iactum
190 4174 313 4229 aliorum
329 4181 411 4230 tuum
425 4176 540 4248 deputa.
566 4177 594 4232 Si
610 4177 726 4231 tristitia
740 4183 768 4232 te
787 4181 950 4269 superat„
969 4176 1118 4248 placabilis
1133 4181 1310 4246 permaneat,
1333 4174 1418 4229 fletus
1429 4158 1499 4245 nejus
1522 4179 1550 4228 et
1573 4174 1685 4244 petitio,
1710 4188 1816 4244 perpe-

63 4260 238 4332 patientiam
254 4268 282 4317 et
295 4263 546 4335 longanimitatem
561 4265 711 4321 meditare.
735 4266 763 4322 Si
789 4265 915 4320 avaritiae
969 4272 1048 4320 tuam
1070 4264 1251 4319 clementiam
1281 4269 1360 4318 tuam
1386 4264 1501 4317 cleriter
1529 4269 1636 4326 exoret,
1654 4262 1815 4332 sanctisque

64 4348 186 4404 morbus
209 4354 236 4404 te
260 4358 370 4422 gravat,
390 4351 484 4424 cogita
521 4353 589 4424 quis
608 4352 690 4409 radix
717 4358 761 4408 est
783 4353 914 4409 omnium
969 4353 1281 4420 altaribusrestitutus,
1297 4352 1357 4423 spei
1382 4366 1496 4406 rursum
1512 4355 1628 4406 aeternae
1653 4367 1683 4404 ac
1708 4347 1815 4404 coelesti

63 4438 222 4508 malornm,
238 4445 268 4495 et
282 4439 453 4495 idololatriae
465 4445 659 4511 comparatur,
673 4448 702 4497 et
715 4443 781 4497 ideo
801 4443 915 4513 largum
969 4442 1068 4514 glorie
1082 4440 1270 4511 mancipetur.
1288 4440 1342 4503 Qui
1356 4439 1429 4493 vivis
1445 4446 1473 4493 et
1486 4454 1600 4510 regnas.

63 4531 95 4583 tc
111 4541 174 4581 esse
189 4531 311 4597 oportet.
328 4527 358 4583 Si
376 4527 419 4581 ira
442 4532 470 4583 te
494 4535 585 4592 verat,
611 4544 675 4601 que
701 4530 731 4584 in
762 4531 915 4585 stultorum
1268 4528 1373 4584 Deinde
1385 4528 1513 4598 wenge.
1627 4588 1631 4596 ⁸

63 4615 133 4670 dau
150 4614 314 4685 requiescit,
330 4616 472 4671 dominari
489 4617 576 4672 debes
590 4620 688 4672 animo
703 4623 764 4684 tuo,
789 4624 817 4673 et
842 4620 917 4674 banc
1007 4618 1080 4672 Deus
1099 4616 1282 4688 omnipotens
1297 4616 1336 4670 sit
1349 4616 1463 4687 adjutor
1477 4620 1506 4669 et
1527 4618 1673 4686 protector
1691 4618 1767 4673 tuus,
1789 4617 1817 4666 ct

64 4701 245 4756 atementis
264 4703 471 4772 tranquillitate
497 4703 628 4774 sugast
652 4705 916 4775 ventrisinglnvies
969 4711 1085 4777 praestet
1106 4705 1317 4775 indulgentiam
1353 4702 1388 4757 de
1413 4702 1535 4773 peccatis
1554 4702 1622 4767 tuis,
1653 4700 1815 4771 praeteritis,

65 4794 96 4844 te
109 4788 147 4842 ad
162 4789 356 4845 devorandum
372 4791 523 4861 pertrabit,
546 4792 729 4847 sobrietatem
751 4797 867 4848 sectare.
887 4793 916 4849 Si
970 4793 1170 4865 praesentibus,
1187 4798 1216 4847 et
1229 4791 1343 4846 futuris.
1360 4795 1460 4845 Amen.

66 4876 201 4944 lecturire,
218 4878 378 4934 castitatem
393 4896 473 4934 rosc.
1068 4882 1132 4937 Cer.
1149 4881 1219 4935 Vlll.
1236 4909 1270 4919 -
1286 4878 1401 4936 Salubre
1414 4877 1569 4933 antidotum
1583 4875 1736 4931 nirimabns.

103 4965 184 5019 Tunc
206 4971 369 5035 prosternat
391 4983 421 5022 sc
441 4967 585 5039 poenitens
608 4968 639 5023 in
661 4974 780 5038 terram,
803 4976 916 5025 etcum
1006 4970 1065 5041 (Ec
1079 4962 1343 5038 scriptis'Proptreta
1362 4973 1387 5021 el
1409 4968 1522 5036 (ἕτερον.
1550 4967 1678 5032 Hierony.
1695 4967 1818 5035 Angust-

66 5051 204 5122 lacrymis
227 5052 303 5108 dicat
329 5055 385 5110 :ut
405 5055 435 5108 in
460 5054 513 5122 bis,
539 5060 568 5110 et
589 5056 620 5110 in
653 5057 716 5111 aliis
738 5056 826 5124 vitiis,
850 5057 918 5127 qui·
970 5059 1041 5114 etde
1057 5059 1145 5113 tribus
1160 5056 1398 5112 Poenitentinlibns
1421 5057 1579 5126 colneium.)
1602 5052 1747 5109 institutio
1768 5052 1818 5107 illa

68 5140 239 5211 bascunque
253 5142 380 5197 bumana
392 5143 533 5215 fragilitas
557 5148 657 5198 contra
684 5146 773 5200 Deum
794 5150 823 5201 et
843 5161 918 5201 crea·

68 5234 162 5282 torem
176 5245 272 5297 snum,
284 5236 334 5285 aut
345 5231 509 5302 cogitando,
525 5238 575 5286 aut
599 5233 753 5303 loquendo,
774 5237 825 5288 aut
846 5249 919 5305 ope·

67 5314 173 5383 rande,
199 5322 250 5371 aut
277 5319 454 5388 delectando,
478 5324 527 5374 aut
556 5321 783 5391 concupiscendo
801 5338 918 5394 peccare

69 5409 176 5474 potest,
191 5405 221 5460 in
235 5407 371 5462 omuibus
386 5424 431 5462 me
445 5424 585 5480 peccasse,
596 5414 712 5464 atreum
724 5410 753 5463 in
765 5416 918 5480 conspectu

71 5491 123 5545 Dei
140 5507 228 5562 snper
242 5509 342 5548 omnes
357 5497 488 5551 homines
499 5504 755 5567 essecognosco,et
769 5501 917 5553 confiteor.

971 5145 1134 5218 quatiebat
1152 5145 1181 5199 in
1197 5145 1297 5199 diebus
1322 5150 1437 5215 patrum
1459 5146 1624 5198 nostrorum
1649 5145 1739 5195 rectas
1758 5139 1818 5193 vias

973 5249 1121 5305 nunquam
1151 5232 1287 5299 deseruit,
1316 5232 1367 5304 qui
1397 5231 1583 5285 instituerunt
1612 5227 1818 5299 penitentibus

973 5328 1059 5393 atque
1084 5321 1249 5392 lugentibus
1283 5337 1349 5375 suas
1378 5319 1524 5390 passiones
1543 5335 1575 5373 ac
1599 5317 1668 5372 sitia
1695 5314 1819 5371 medica·

974 5416 1070 5465 mento
1085 5410 1183 5464 salutis
1198 5415 1314 5464 aeternae
1332 5424 1477 5479 superare.
1492 5407 1565 5472 Quia
1587 5405 1736 5460 diversitas
1757 5403 1817 5457 cul·
1839 5394 1845 5399 ’

974 5514 1085 5569 parum,
1108 5498 1301 5552 diversitatem
1318 5497 1384 5551 lacit
1401 5495 1606 5568 penitentibus
1628 5495 1819 5550 medicamen-
