3894 6120
336 271 573 333 omnesones
594 278 686 335 ttent
705 280 810 338 litt-
830 285 934 343 LIBER
953 286 1105 345 nucleus
1124 288 1287 349 octavus.
1633 302 1686 356 938

66 393 237 465 tdulgentiae
265 400 324 451 tute
352 396 442 468 pletas
470 399 564 471 prosit
595 400 631 456 ad
659 403 782 459 veniam.
799 410 822 463 Α
841 407 914 462 tium
934 408 987 465 tihi
1000 425 1085 482 poree
1108 412 1240 482 peccatis,
1260 417 1291 467 ut
1313 430 1400 485 quem
1415 415 1597 473 conscientie
1624 436 1686 476 rea·

839 499 884 549 tus
906 502 1028 561 accusat,
1052 497 1233 570 indulgentia
1256 507 1314 556 tuae
1333 502 1525 557 miserationis
1550 505 1685 563 absolvat.

66 570 180 639 baudi,
199 571 332 640 Domine,
349 590 447 645 preces
462 589 585 641 nostras,
602 582 631 633 et
646 579 784 636 confiten·
839 584 892 638 Per
907 585 1062 642 Dominum
1078 592 1209 644 nostrum
1222 590 1318 644 Iesum
1332 589 1487 645 Christum.

259 821 408 897 INDEX
437 825 782 904 CAPITULORUM
811 833 938 907 LIBRI
969 836 1136 912 DECIMI
1166 837 1353 913 OCTAVI.

66 975 139 1041 iuod
156 975 262 1030 ultima
291 978 441 1034 conversio
464 987 561 1038 mente
585 983 682 1054 potius
710 985 784 1040 aesli-
838 1003 903 1042 cum
917 989 961 1044 illi
975 1006 1005 1045 se
1020 990 1130 1063 obliget
1140 992 1242 1064 judici,
1270 991 1317 1046 cui
1332 993 1443 1048 occulta
1456 995 1555 1049 omnia
1570 999 1686 1054 noverit

66 1063 120 1117 sit
130 1079 219 1134 quam
236 1067 378 1134 tempore.
839 1078 969 1134 revelari.

76 1152 175 1207 omnis
201 1151 294 1207 fidelis
310 1151 341 1206 iu
369 1153 479 1210 ultimis
502 1157 612 1228 positus
637 1158 701 1215 oleo
715 1176 783 1215 san·
837 1163 901 1220 Cre,
920 1165 955 1221 ll.
982 1197 1017 1206 -
1032 1165 1109 1233 Quod
1130 1168 1217 1221 omnis
1230 1165 1319 1234 tidelia
1331 1169 1361 1222 iu
1375 1169 1481 1225 ultimis
1492 1173 1599 1241 positus
1617 1189 1685 1229 sun·

67 1255 85 1295 o
99 1240 205 1313 Inungi
220 1239 335 1296 debeat.
1051 1241 1169 1306 otilicuto
1183 1238 1239 1291 oleo
1252 1239 1350 1306 iounqi
1368 1240 1473 1296 micat.

68 1345 82 1383 s
98 1328 150 1400 qui
166 1332 282 1400 propter
297 1328 432 1385 timorem
443 1333 555 1401 mortis,
572 1333 603 1388 iu
623 1335 686 1406 ipsa
700 1335 781 1390 inflr-
873 1323 930 1391 (Ed
943 1324 1017 1380 dm·
1035 1325 1134 1380 Galliis
1145 1322 1245 1393 pepe.)
1262 1325 1364 1380 Bflflilss
1378 1327 1456 1382 (inim
1480 1329 1600 1385 Iambus
1615 1348 1688 1403 apo-

77 1417 254 1471 confitentur
267 1422 383 1487 peccata
398 1435 458 1474 stra.
836 1411 928 1465 stolus
942 1412 973 1466 in
995 1412 1120 1483 Epistola
1135 1425 1187 1466 sua
1199 1411 1313 1482 scripsit
1328 1429 1335 1467 ι
1353 1435 1365 1464 ι
1389 1415 1556 1473 infirmatur
1575 1421 1639 1490 quis
1657 1420 1688 1474 in

68 1521 82 1559 s
106 1505 158 1577 qui
180 1505 212 1559 in
240 1507 417 1562 necessitatis
434 1513 564 1579 tempere
588 1516 618 1565 ee
640 1511 782 1581 poeiijisn.
837 1497 1064 1564 vohis,1ndueat
1086 1498 1268 1568 presbyteros
1288 1501 1427 1570 Ecclesiae,
1444 1511 1473 1560 et
1497 1512 1581 1561 orent
1603 1525 1689 1579 super

66 1592 351 1648 treeeneiiistienem
366 1595 542 1654 desiderent,
837 1600 915 1652 eum,
935 1592 1098 1658 unguentes
1121 1601 1189 1640 eum
1213 1588 1275 1642 oleo
1306 1589 1337 1644 iu
1362 1591 1482 1647 nomine
1510 1595 1635 1664 DomiuI,
1659 1601 1689 1649 et

66 1681 133 1735 dem
146 1696 188 1734 re.
628 1686 631 1691 ’
838 1673 929 1729 oratio
944 1674 1012 1730 ildei
1031 1672 1152 1728 salvabit
1165 1673 1324 1732 Infirmum.
1342 1699 1354 1728 ι
1372 1680 1431 1735 lloc
1459 1686 1487 1735 et
1512 1683 1632 1752 apostoli
1657 1684 1688 1737 in

67 1768 145 1840 equi
162 1768 198 1823 ed
215 1767 321 1823 exitum
334 1770 465 1836 veniunt,
479 1774 512 1825 ut
528 1770 631 1825 ultime
646 1776 677 1827 et
688 1788 784 1827 essese.
803 1730 823 1783 B
837 1762 993 1834 Evangelio
1019 1761 1120 1817 iecisse
1143 1760 1289 1832 leguntur,
1313 1771 1342 1821 et
1364 1782 1441 1822 nunc
1466 1769 1596 1824 Ecclesire
1621 1786 1689 1825 con·

66 1856 157 1911 ›iatiee
173 1856 291 1911 minime
302 1857 464 1928 priventur.
837 1851 959 1906 suetudo
971 1853 1051 1905 tenet
1064 1853 1099 1904 ut
1122 1849 1231 1906 infirmi
1257 1854 1321 1910 oleo
1349 1861 1513 1912 consecrato
1542 1865 1689 1931 ungantur

66 1944 237 2016 poenitentia
251 1945 341 2014 possit
356 1945 474 2001 abolere
500 1947 735 2018 poeniteutiam
758 1949 782 2002 si
838 1937 1054 2010 apreshyteris‚
1070 1940 1098 1991 et
1120 1940 1251 1996 oratione
1272 1944 1426 2000 comitante
1454 1952 1602 2001 sanentur.
1625 1948 1688 2003 Non

66 2048 110 2087 mo
122 2032 189 2087 eltoe
204 2031 303 2103 spIritu
319 2034 468 2104 poeniteet.
526 2091 529 2096 ,
838 2027 934 2082 solum
956 2022 1134 2096 preshyteris
1161 2029 1202 2083 uti
1225 2030 1293 2087 licet
1310 2030 1365 2087 hoc
1391 2049 1470 2088 sucro
1496 2035 1560 2089 oleo
1576 2035 1606 2090 ln
1628 2035 1688 2090 suis

66 2120 123 2192 psie
150 2121 180 2175 in
196 2120 430 2193 ultimispesitis
454 2127 487 2177 ui
513 2122 618 2178 viatico
645 2137 781 2192 munere,
837 2110 1079 2168 infirmitatibus:
1100 2114 1159 2184 sed,
1175 2121 1207 2171 ut
1235 2118 1418 2174 innocentius
1440 2137 1515 2193 papa
1541 2122 1686 2191 describit,

66 2208 173 2276 serint,
189 2207 230 2263 eis
244 2208 345 2264 debeat
360 2211 517 2266 subveniri,
837 2201 927 2256 etiam
941 2197 1076 2254 omnihus
1098 2202 1264 2261 ChrisIIanis
1289 2208 1333 2263 nti
1357 2208 1423 2263 licet
1437 2210 1540 2265 eodem
1564 2211 1640 2277 oleo,
1656 2209 1687 2263 in

66 2315 82 2353 s
97 2297 221 2353 infirmis
244 2297 294 2369 qui
318 2299 387 2354 dom
414 2299 615 2370 penitentiam
632 2298 779 2369 petierint,
836 2305 889 2344 sua
908 2290 963 2342 aut
989 2302 1106 2345 suorum
1124 2294 1291 2352 necessitate
1306 2298 1452 2371 ungendo.
1482 2298 1564 2364 Quod
1590 2304 1688 2353 temen

66 2402 162 2459 ‚quem
190 2386 320 2441 „series
343 2388 448 2455 veniet,
473 2386 601 2444 efficium
618 2387 678 2442 eris
691 2388 781 2443 emit.
835 2378 942 2431 oleum
957 2377 1083 2433 nonnisi
1097 2380 1132 2435 ab
1155 2382 1295 2455 episcopis
1310 2385 1374 2441 licet
1388 2385 1499 2441 confici
1517 2388 1590 2442 Nam
1609 2385 1688 2458 quod

834 2463 887 2533 ait,
901 2461 971 2519 oleo
984 2461 1015 2519 in
1025 2468 1141 2525 nomine
1152 2471 1276 2540 Domini,
1292 2473 1437 2546 significat
1447 2475 1510 2530 oleo
1526 2474 1556 2529 iu
1568 2474 1687 2529 nemius

66 2563 146 2619 edem
161 2578 204 2618 re.
832 2550 959 2608 Domini
973 2563 1135 2616 consecrato
1153 2576 1161 2615 ε
1177 2562 1221 2615 vel
1244 2568 1320 2618 certe
1349 2564 1416 2634 qnia
1432 2562 1529 2632 etiam,
1551 2578 1617 2618 cnm
1634 2578 1687 2617 un-

66 2653 147 2708 edem
162 2668 204 2707 re.
832 2644 912 2712 gant
928 2641 1086 2716 infirmum,
1102 2664 1207 2704 nomen
1230 2650 1343 2706 Domini
1356 2668 1444 2724 super
1462 2667 1529 2707 eum
1552 2652 1688 2707 invocare

66 2742 104 2796 lis
123 2739 220 2812 quiin
233 2739 333 2794 ultima
348 2740 734 2811 aegritudinepoenituqrint‚
750 2745 780 2796 et
833 2729 959 2790 dehent.
974 2735 1008 2792 EI
1022 2737 1045 2791 si
1069 2737 1099 2793 iu
1124 2740 1247 2810 pecuniis
1261 2740 1309 2809 sii,
1338 2740 1519 2796 dimittemur
1542 2739 1579 2795 οἱ.
1607 2740 1689 2796 llulli

66 2828 222 2884 econciliatti
237 2827 352 2883 luerim.
834 2825 963 2893 propter
984 2831 1100 2898 peccata
1122 2827 1302 2885 Inanimum
1328 2828 1409 2899 lacte,
1443 2829 1611 2886 infirmitate
1639 2833 1690 2883 aut

66 2918 101 2973 lis
127 2917 179 2989 qui
201 2915 231 2971 in
246 2916 374 2989 periculo
396 2922 462 2972 sunt
487 2918 647 2987 constituti,
672 2922 706 2976 ut
719 2919 780 2990 epi·
836 2907 930 2966 etiem
954 2919 1048 2971 morte
1069 2916 1235 2987 plectuntur
1256 2918 1394 2989 corporis.
1425 2919 1505 2975 Unde
1534 2918 1689 2990 Apostolus

83 3011 136 3061 ete,
798 2995 1008 3069 cCoriuthiIs,
1034 3005 1104 3077 quia
1127 3022 1229 3078 corpus
1258 3006 1372 3062 Domini
1394 3007 1514 3079 indigne
1541 3010 1689 3078 percipere

65 3092 168 3149 afirmis
183 3093 214 3147 iu
228 3092 356 3164 periculo
370 3093 472 3148 mortis
486 3093 660 3150 constitutis.
837 3092 923 3141 erant
935 3090 1022 3159 soliti,
1040 3093 1079 3148 eit
1094 3111 1101 3149 z
1118 3113 1132 3146 e
1147 3096 1214 3151 ldeo
1223 3095 1300 3152 inter
1313 3112 1363 3151 ros
1377 3097 1460 3152 multi
1475 3095 1585 3151 infirmi
1597 3101 1626 3150 ct
1638 3096 1691 3151 im-

67 3182 173 3237 uodem
184 3180 235 3252 qui
250 3180 392 3236 Christum
412 3187 575 3253 negaverat,
591 3182 739 3253 quomodo
753 3182 785 3237 in
837 3170 968 3245 Milies,
982 3183 1009 3234 οἳ
1024 3180 1172 3239 dormiunt
1188 3185 1281 3240 multi.
1297 3206 1308 3235 ι
1330 3185 1360 3241 Si
1375 3201 1444 3257 ergo
1459 3184 1568 3240 infirmi
1583 3185 1690 3257 inpec-

66 3270 114 3337 ὼ,
128 3275 194 3324 ete·
838 3261 910 3316 catis
923 3264 991 3332 sint,
1015 3272 1044 3323 et
1067 3270 1130 3326 hoec
1150 3273 1325 3345 preshyteris
1338 3273 1471 3329 EcclesIae
1493 3274 1616 3330 confessi
1627 3274 1690 3330 Iue-

66 3358 205 3430 reshyteri
218 3358 252 3412 de
273 3358 390 3414 occultis
413 3360 537 3430 peccatis
548 3359 631 3431 jussu
657 3359 785 3432 episcopi
838 3348 908 3420 rint,
943 3369 976 3407 ³0
1012 3357 1141 3426 perfeeto
1169 3362 1253 3416 corde
1296 3377 1331 3416 ea
1376 3351 1580 3435 derclittquere'
1605 3368 1690 3437 eique

66 3451 142 3503 entes
157 3445 352 3501 reconcilient.
838 3437 995 3495 emendare
1021 3447 1189 3517 sategerint,
1216 3448 1400 3505 dimittentur
1413 3452 1463 3506 eis.
1491 3453 1588 3524 Neque
1612 3454 1690 3510 enim

66 3534 222 3601 roeuiteute,
248 3533 273 3588 si
295 3535 326 3588 in
342 3534 404 3606 ipsa
417 3535 589 3606 punitentia
604 3534 639 3590 de
665 3551 784 3607 corpore
839 3524 901 3580 siue
914 3526 1095 3585 confessione
1118 3535 1328 3592 emendationis
1342 3543 1453 3609 queunt
1467 3539 1584 3596 dimitti.
1610 3542 1690 3598 Unde

66 3628 81 3692 t,
99 3628 127 3680 et
141 3622 321 3678 reconciliari
331 3623 483 3680 desiderat.
838 3617 916 3668 1'0020
930 3614 1140 3688 ³⁰bju¹185¹⁰r=
1159 3643 1170 3671 ι
1185 3622 1371 3680 Confllemini
1386 3627 1555 3683 alterutrum
1574 3635 1689 3700 peccata

75 3711 176 3783 quinta
199 3709 271 3766 leriae
299 3716 364 3766 ante
389 3712 497 3767 Pascha
518 3711 723 3782 poenitentibus
748 3711 786 3766 sit
838 3706 943 3769 milas
964 3705 993 3756 ⁸²
1007 3708 1089 3760 mie
1103 3723 1156 3778 1)Γο
1171 3709 1294 3766 inlicem
1311 3717 1343 3766 ut
1358 3714 1546 3784 servemini·

66 3800 201 3856 endum:
231 3804 297 3854 ante
325 3803 432 3869 eutem,
448 3802 473 3855 si
501 3800 538 3855 ad
553 3798 783 3870 desperationem
839 3788 903 3844 Cea·
924 3789 972 3844 ΙΙΙ.
988 3818 1024 3875 '.'
1038 3795 1144 3876 Detltis
1159 3799 1209 3864 qui
1220 3803 1462 3867 proptertimorem
1472 3807 1567 3860 mortis
1581 3808 1612 3862 in
1626 3809 1689 3878 ipso

66 3888 149 3945 nutis
162 3888 340 3944 devenerint.
993 3862 1157 3933 ‘nimum
1170 3871 1331 3938 censemur
1344 3879 1457 3941 pecata
1474 3889 1535 3930 saa.

66 3977 108 4033 llis
122 3976 172 4050 qui
188 3976 219 4030 iu
241 3977 365 4032 Ecclesia
384 3977 493 4033 remItti
506 3981 623 4049 peccata
641 3991 701 4032 non
724 3991 784 4031 ere·
874 3948 1068 4047 mmm
1089 3954 1270 4052 Imma
1297 3961 1386 4063 MPII?
1413 3961 1451 4032 2·)
1478 3963 1612 4020 ῙΠῘῙΓΜ
1638 3968 1689 4039 (Ιιιί
1795 4044 1803 4050 ,

66 4071 112 4122 m·
839 4040 1010 4092 necessitate
1032 4046 1135 4096 mortis
1160 4047 1281 4114 urgente
1310 4049 1465 4105 conhtetur
1486 4059 1603 4123 peccata
1626 4073 1688 4125 sua,

66 4152 219 4210 Mummi,
243 4152 324 4209 omni
349 4153 422 4209 hm
446 4154 541 4209 cibum
558 4168 672 4208 summ
691 4152 785 4207 liceat·
839 4124 892 4179 sub
907 4140 941 4178 ea
951 4125 1118 4184 conditione
1133 4145 1150 4184 a
1171 4132 1320 4189 sacerdote
1335 4138 1538 4195 reconcilletur
1551 4146 1593 4212 ut,
1611 4145 1636 4199 si
1661 4145 1689 4201 ei

66 4244 109 4300 ffi,
131 4242 330 4298 sacerdotibus
353 4243 405 4315 qui
429 4243 619 4300 morientibus
643 4240 784 4315 poeniten,
801 4282 824 4338 D
842 4211 984 4267 Dominus
1007 4214 1097 4316 vitam
1111 4216 1270 4285 donaverit,
1285 4223 1496 4299 sanitatemque
1519 4228 1688 4302 reddiderit,

66 4330 272 4403 leucgaverim.
843 4298 1004 4355 secundum
1019 4305 1187 4373 qualitatem
1202 4308 1309 4376 delictI,
1324 4315 1354 4367 et
1367 4315 1525 4372 secundum
1544 4333 1689 4377 canonum

65 4419 169 4476 dnum
183 4419 286 4474 ultim,
296 4417 468 4490 mummia
484 4417 522 4473 sit
535 4418 714 4490 deneganda.
843 4391 949 4443 statuta
964 4391 993 4443 et
1007 4391 1249 4461 poenitentialium
1264 4399 1454 4468 probatorum
1469 4405 1618 4476 poeniteat.

66 4508 258 4653 ffiemibus
277 4507 328 4579 qui
342 4506 374 4562 iu
394 4507 564 4564 infirmitate
580 4505 787 4563 Eucharistiam
843 4475 1110 4619 ωρὲχὲωηῖωξ
1124 4482 1642 4622 {Ifijechgugffiffzfflmwe
1665 4504 1691 4554 tl

65 4685 261 4743 »renitentibus
277 4683 371 4739 subito
387 4683 517 4739 mortuis.

169 4773 273 4830 Indicis
286 4772 469 4844 capitulorum
477 4775 553 4843 finis.

877 4636 933 4703 (Ee
947 4634 1020 4691 decr.
1043 4637 1142 4694 leonis
1158 4656 1249 4711 popu,
1277 4649 1367 4715 cupite
1391 4651 1431 4720 9.)
1457 4651 1508 4706 ilis
1522 4659 1621 4711 autem
1640 4656 1692 4729 qni

842 4722 874 4778 iu
888 4726 1017 4796 tempore
1042 4728 1218 4783 necessitatis
1242 4735 1270 4785 et
1293 4733 1324 4787 in
1337 4736 1483 4808 periculis,
1503 4750 1625 4813 urgente
1649 4745 1692 4800 in-

843 4811 960 4880 stantia,
986 4813 1153 4884 presidium
1177 4818 1357 4888 penitentie
1386 4828 1415 4879 ei
1434 4841 1501 4882 mox
1528 4832 1693 4888 reconcilia·

66 4911 136 4954 uuu.
152 4925 189 4938 -
203 4895 283 4963 Quod
305 4896 403 4952 ultimo
425 4896 562 4951 cohaesio
587 4899 675 4951 mente
694 4897 789 4966 potius
843 4898 933 4954 tionis
960 4899 1128 4972 implorant,
1152 4895 1208 4959 nec
1234 4905 1391 4964 mhslactio
1418 4910 1615 4974 interdicenda
1637 4925 1691 4988 est,

118 4967 295 5024 'estimanda
309 4970 346 5021 ⁸5⁶
365 4981 449 5036 quum
463 4972 591 5037 Issmpm·
845 5003 898 5042 nec
936 4988 1132 5045 reconciliatio
1164 4992 1356 5065 deneganda:
1381 4999 1450 5069 quie
1486 5003 1691 5064 mIsericordine

66 5075 125 5131 lcer.
141 5074 250 5130 Doelest.
262 5089 355 5144 pope,
381 5075 470 5143 cupite
492 5073 550 5143 20.)
567 5072 640 5127 Vera
661 5088 730 5144 ergo
755 5072 791 5127 ad
846 5075 1021 5133 DomIniuec
1031 5092 1179 5134 mensuras
1199 5096 1351 5153 possumus
1360 5101 1479 5156 ponere,
1493 5105 1547 5146 nec
1560 5099 1693 5167 tempere

66 5161 194 5217 onversio
209 5161 241 5216 iu
255 5161 364 5216 ultImis
379 5160 550 5232 positorum,
572 5166 670 5217 mente
693 5159 791 5232 potius
846 5163 990 5220 definire:
1019 5166 1095 5237 apud
1122 5183 1209 5239 quem
1232 5172 1326 5226 nullas
1346 5174 1455 5243 patitur
1474 5179 1572 5237 venire
1598 5200 1693 5243 mores

68 5252 171 5307 manda
193 5265 281 5322 quam
301 5255 443 5322 tempore,
465 5248 609 5320 Propheta
624 5250 678 5304 hoc
695 5249 792 5304 taliter
845 5252 1002 5324 conversio,
1021 5252 1133 5310 dicente
1148 5256 1271 5313 DomIno
1295 5275 1348 5330 per
1369 5263 1542 5334 prophetam
1558 5286 1597 5324 z«
1622 5273 1693 5331 Cum

66 5356 107 5396 te:
123 5360 138 5394 a
153 5340 224 5396 Cum
240 5355 395 5396 conversus
409 5336 598 5410 Ingemueris,
614 5342 684 5392 tunc
698 5337 792 5391 salvus
845 5356 998 5397 conversus
1011 5341 1196 5413 Ingemueris,
1212 5350 1280 5401 tuuc
1303 5348 1395 5404 salvus
1419 5351 1484 5407 eris.
1501 5371 1516 5406 r
1540 5356 1575 5412 Et
1599 5360 1669 5416 alibi
1685 5380 1691 5418 :

66 5429 207 5502 Inmergo
223 5427 361 5483 Dominus
375 5426 412 5481 sit
426 5424 520 5480 cordis
527 5423 683 5496 inspector,
692 5425 792 5496 quovis
847 5451 861 5479 α
869 5429 919 5484 Dic
926 5429 1092 5502 iniquitates
1098 5437 1161 5487 tuas
1168 5433 1256 5505 prior,
1265 5437 1610 5507 utjustiiiceris.»ltem:e
1621 5447 1695 5513 Quia

66 5533 147 5575 tucn
165 5521 212 5573 est
232 5515 402 5589 deneganda
425 5512 598 5587 penitentia
622 5513 790 5584 postulanti,
848 5517 926 5586 apud
950 5516 1107 5573 Dominum
1130 5519 1327 5578 misericordia
1349 5527 1402 5593 est,
1430 5531 1460 5582 et
1482 5531 1599 5601 copiosa
1616 5537 1694 5606 apud

121 5625 259 5693 Parnoi..
285 5622 372 5690 CXL.
1497 5641 1540 5701 30
1677 5670 1728 5764 ι
