<?xml version="1.0" encoding="UTF-8"?>
<!DOCTYPE html PUBLIC "-//W3C//DTD XHTML 1.0 Transitional//EN"
    "http://www.w3.org/TR/xhtml1/DTD/xhtml1-transitional.dtd">
<html xmlns="http://www.w3.org/1999/xhtml" xml:lang="en" lang="en">
 <head>
  <title>
</title>
<meta http-equiv="Content-Type" content="text/html;charset=utf-8" />
  <meta name='ocr-system' content='tesseract 3.04.00' />
  <meta name='ocr-capabilities' content='ocr_page ocr_carea ocr_par ocr_line ocrx_word'/>
</head>
<body>
  <div class='ocr_page' id='page_1' title='image "./patrologiaecurs17unkngoog/patrologiaecurs17unkngoog_0226.png"; bbox 0 0 3894 6120; ppageno 0'>
   <div class='ocr_carea' id='block_1_1' title="bbox 59 266 193 321">
    <p class='ocr_par' dir='ltr' id='par_1_1' title="bbox 59 266 193 321">
     <span class='ocr_line' id='line_1_1' title="bbox 59 266 193 321; baseline -0.022 1"><span class='ocrx_word' id='word_1_1' title='bbox 59 296 63 303; x_wconf 94' lang='lat'>·</span> <span class='ocrx_word' id='word_1_2' title='bbox 141 266 193 321; x_wconf 73' lang='lat'><strong>439</strong></span> 
     </span>
    </p>
   </div>
   <div class='ocr_carea' id='block_1_2' title="bbox 627 248 1901 313">
    <p class='ocr_par' dir='ltr' id='par_1_2' title="bbox 627 248 1901 313">
     <span class='ocr_line' id='line_1_2' title="bbox 627 248 1901 313; baseline -0.005 -1"><span class='ocrx_word' id='word_1_3' title='bbox 627 253 844 313; x_wconf 68' lang='lat' dir='ltr'><strong>subuenerit</strong></span> <span class='ocrx_word' id='word_1_4' title='bbox 865 248 1088 310; x_wconf 81' lang='lat' dir='ltr'><strong>PRESBYTERI</strong></span> <span class='ocrx_word' id='word_1_5' title='bbox 1108 248 1403 307; x_wconf 78' lang='lat' dir='ltr'><strong>nltuesflenteus.</strong></span> <span class='ocrx_word' id='word_1_6' title='bbox 1851 253 1901 308; x_wconf 74' lang='lat' dir='ltr'><strong>stu</strong></span> 
     </span>
    </p>
   </div>
   <div class='ocr_carea' id='block_1_3' title="bbox 142 366 1905 621">
    <p class='ocr_par' dir='ltr' id='par_1_3' title="bbox 142 366 1905 621">
     <span class='ocr_line' id='line_1_3' title="bbox 143 366 1902 450; baseline -0.008 -14"><span class='ocrx_word' id='word_1_7' title='bbox 143 380 232 436; x_wconf 88' lang='lat' dir='ltr'><strong>sancti</strong></span> <span class='ocrx_word' id='word_1_8' title='bbox 257 377 384 450; x_wconf 80' lang='lat' dir='ltr'>episcopi</span> <span class='ocrx_word' id='word_1_9' title='bbox 410 377 586 434; x_wconf 87' lang='lat' dir='ltr'><strong>oblationem</strong></span> <span class='ocrx_word' id='word_1_10' title='bbox 611 391 704 441; x_wconf 87' lang='lat' dir='ltr'><strong>snam,</strong></span> <span class='ocrx_word' id='word_1_11' title='bbox 737 388 853 428; x_wconf 90' lang='lat' dir='ltr'><strong>cereum</strong></span> <span class='ocrx_word' id='word_1_12' title='bbox 868 371 1037 427; x_wconf 82' lang='lat' dir='ltr'><strong>videlicetA</strong></span> <span class='ocrx_word' id='word_1_13' title='bbox 1056 367 1126 424; x_wconf 87' lang='lat' dir='ltr'><strong>sutis</strong></span> <span class='ocrx_word' id='word_1_14' title='bbox 1139 384 1242 439; x_wconf 84' lang='lat' dir='ltr'><strong>corpus</strong></span> <span class='ocrx_word' id='word_1_15' title='bbox 1256 366 1423 439; x_wconf 71' lang='lat' dir='ltr'><strong>requiescit,</strong></span> <span class='ocrx_word' id='word_1_16' title='bbox 1442 366 1597 440; x_wconf 79' lang='lat' dir='ltr'><strong>condignas</strong></span> <span class='ocrx_word' id='word_1_17' title='bbox 1617 383 1671 423; x_wconf 90' lang='lat' dir='ltr'><strong>suo</strong></span> <span class='ocrx_word' id='word_1_18' title='bbox 1695 367 1826 424; x_wconf 85' lang='lat' dir='ltr'><strong>sanatori</strong></span> <span class='ocrx_word' id='word_1_19' title='bbox 1839 384 1902 438; x_wconf 77' lang='lat' dir='ltr'><strong>gra-</strong></span> 
     </span>
     <span class='ocr_line' id='line_1_4' title="bbox 142 456 1905 539; baseline -0.009 -15"><span class='ocrx_word' id='word_1_20' title='bbox 142 468 327 539; x_wconf 84' lang='lat' dir='ltr'><strong>cepul,lerre</strong></span> <span class='ocrx_word' id='word_1_21' title='bbox 356 467 442 532; x_wconf 74' lang='lat' dir='ltr'><strong>vovit,</strong></span> <span class='ocrx_word' id='word_1_22' title='bbox 463 467 488 519; x_wconf 87' lang='lat' dir='ltr'><strong>si</strong></span> <span class='ocrx_word' id='word_1_23' title='bbox 510 464 584 520; x_wconf 83' lang='lat' dir='ltr'><strong>intra</strong></span> <span class='ocrx_word' id='word_1_24' title='bbox 607 479 713 518; x_wconf 84' lang='lat' dir='ltr'><strong>norem</strong></span> <span class='ocrx_word' id='word_1_25' title='bbox 731 463 793 517; x_wconf 88' lang='lat' dir='ltr'><strong>dies</strong></span> <span class='ocrx_word' id='word_1_26' title='bbox 815 461 997 516; x_wconf 77' lang='lat' dir='ltr'><strong>incolumitas</strong></span> <span class='ocrx_word' id='word_1_27' title='bbox 1052 457 1158 511; x_wconf 80' lang='lat' dir='ltr'><strong>tiorum</strong></span> <span class='ocrx_word' id='word_1_28' title='bbox 1185 457 1312 511; x_wconf 80' lang='lat' dir='ltr'><strong>actiones</strong></span> <span class='ocrx_word' id='word_1_29' title='bbox 1337 456 1487 527; x_wconf 78' lang='lat' dir='ltr'><strong>persolvit,</strong></span> <span class='ocrx_word' id='word_1_30' title='bbox 1516 456 1671 528; x_wconf 79' lang='lat' dir='ltr'><strong>nobisque,</strong></span> <span class='ocrx_word' id='word_1_31' title='bbox 1698 456 1827 536; x_wconf 79' lang='lat' dir='ltr'><strong>qualiter</strong></span> <span class='ocrx_word' id='word_1_32' title='bbox 1853 458 1905 510; x_wconf 92' lang='lat' dir='ltr'><strong>hoc</strong></span> 
     </span>
     <span class='ocr_line' id='line_1_5' title="bbox 143 540 1905 621; baseline -0.01 -7"><span class='ocrx_word' id='word_1_33' title='bbox 143 558 185 614; x_wconf 92' lang='lat' dir='ltr'><strong>illi</strong></span> <span class='ocrx_word' id='word_1_34' title='bbox 214 556 324 610; x_wconf 89' lang='lat' dir='ltr'><strong>meritis</strong></span> <span class='ocrx_word' id='word_1_35' title='bbox 349 555 427 610; x_wconf 86' lang='lat' dir='ltr'><strong>beati</strong></span> <span class='ocrx_word' id='word_1_36' title='bbox 448 555 502 608; x_wconf 82' lang='lat' dir='ltr'><strong>viri</strong></span> <span class='ocrx_word' id='word_1_37' title='bbox 527 553 705 607; x_wconf 87' lang='lat' dir='ltr'><strong>redderetur.</strong></span> <span class='ocrx_word' id='word_1_38' title='bbox 740 550 829 621; x_wconf 82' lang='lat' dir='ltr'><strong>lgitnr</strong></span> <span class='ocrx_word' id='word_1_39' title='bbox 847 549 920 604; x_wconf 80' lang='lat' dir='ltr'><strong>infra</strong></span> <span class='ocrx_word' id='word_1_40' title='bbox 949 548 997 602; x_wconf 94' lang='lat' dir='ltr'><strong>tri·</strong></span> <span class='ocrx_word' id='word_1_41' title='bbox 1052 548 1165 615; x_wconf 80' lang='lat' dir='ltr'><strong>gestum</strong></span> <span class='ocrx_word' id='word_1_42' title='bbox 1180 540 1226 608; x_wconf 85' lang='lat' dir='ltr'><strong>sit,</strong></span> <span class='ocrx_word' id='word_1_43' title='bbox 1244 543 1450 615; x_wconf 87' lang='lat' dir='ltr'><strong>cumpluribus</strong></span> <span class='ocrx_word' id='word_1_44' title='bbox 1472 559 1522 598; x_wconf 86' lang='lat' dir='ltr'><strong>sue</strong></span> <span class='ocrx_word' id='word_1_45' title='bbox 1537 543 1667 598; x_wconf 88' lang='lat' dir='ltr'><strong>sanitatis</strong></span> <span class='ocrx_word' id='word_1_46' title='bbox 1681 544 1806 598; x_wconf 89' lang='lat' dir='ltr'><strong>testibus</strong></span> <span class='ocrx_word' id='word_1_47' title='bbox 1825 559 1905 597; x_wconf 86' lang='lat' dir='ltr'><strong>enar·</strong></span> 
     </span>
    </p>
   </div>
   <div class='ocr_carea' id='block_1_4' title="bbox 143 637 1000 1507">
    <p class='ocr_par' dir='ltr' id='par_1_4' title="bbox 143 637 999 1068">
     <span class='ocr_line' id='line_1_6' title="bbox 143 637 996 713; baseline -0.012 -12"><span class='ocrx_word' id='word_1_48' title='bbox 143 647 232 702; x_wconf 87' lang='lat' dir='ltr'><strong>duum</strong></span> <span class='ocrx_word' id='word_1_49' title='bbox 261 650 327 698; x_wconf 88' lang='lat' dir='ltr'><strong>ente</strong></span> <span class='ocrx_word' id='word_1_50' title='bbox 359 649 475 713; x_wconf 87' lang='lat' dir='ltr'><strong>tempus</strong></span> <span class='ocrx_word' id='word_1_51' title='bbox 507 645 699 713; x_wconf 75' lang='lat' dir='ltr'><strong>praeoptatum</strong></span> <span class='ocrx_word' id='word_1_52' title='bbox 738 654 811 710; x_wconf 90' lang='lat' dir='ltr'><strong>puer</strong></span> <span class='ocrx_word' id='word_1_53' title='bbox 836 637 996 692; x_wconf 90' lang='lat' dir='ltr'><strong>remedium</strong></span> 
     </span>
     <span class='ocr_line' id='line_1_7' title="bbox 143 728 996 804; baseline -0.013 -14"><span class='ocrx_word' id='word_1_54' title='bbox 143 733 265 804; x_wconf 87' lang='lat' dir='ltr'><strong>accepit;</strong></span> <span class='ocrx_word' id='word_1_55' title='bbox 277 737 305 787; x_wconf 89' lang='lat' dir='ltr'><strong>et</strong></span> <span class='ocrx_word' id='word_1_56' title='bbox 318 732 403 786; x_wconf 87' lang='lat' dir='ltr'><strong>tertia</strong></span> <span class='ocrx_word' id='word_1_57' title='bbox 420 731 491 786; x_wconf 84' lang='lat' dir='ltr'><strong>ieris</strong></span> <span class='ocrx_word' id='word_1_58' title='bbox 506 730 581 785; x_wconf 82' lang='lat' dir='ltr'><strong>inira</strong></span> <span class='ocrx_word' id='word_1_59' title='bbox 592 728 784 784; x_wconf 79' lang='lat' dir='ltr'><strong>ebdomadam</strong></span> <span class='ocrx_word' id='word_1_60' title='bbox 802 731 996 797; x_wconf 79' lang='lat' dir='ltr'><strong>pentecosten,</strong></span> 
     </span>
     <span class='ocr_line' id='line_1_8' title="bbox 144 815 999 893; baseline -0.013 -14"><span class='ocrx_word' id='word_1_61' title='bbox 144 839 208 879; x_wconf 86' lang='lat' dir='ltr'><strong>enm</strong></span> <span class='ocrx_word' id='word_1_62' title='bbox 231 827 322 893; x_wconf 91' lang='lat' dir='ltr'><strong>patre,</strong></span> <span class='ocrx_word' id='word_1_63' title='bbox 349 824 441 874; x_wconf 90' lang='lat' dir='ltr'><strong>matre</strong></span> <span class='ocrx_word' id='word_1_64' title='bbox 464 824 492 873; x_wconf 87' lang='lat' dir='ltr'><strong>et</strong></span> <span class='ocrx_word' id='word_1_65' title='bbox 506 819 577 881; x_wconf 87' lang='lat' dir='ltr'><strong>avia,</strong></span> <span class='ocrx_word' id='word_1_66' title='bbox 600 817 630 872; x_wconf 92' lang='lat' dir='ltr'><strong>in</strong></span> <span class='ocrx_word' id='word_1_67' title='bbox 653 815 852 871; x_wconf 90' lang='lat' dir='ltr'><strong>testimonium</strong></span> <span class='ocrx_word' id='word_1_68' title='bbox 869 815 999 869; x_wconf 87' lang='lat' dir='ltr'><strong>sanitatis</strong></span> 
     </span>
     <span class='ocr_line' id='line_1_9' title="bbox 145 902 999 982; baseline -0.009 -16"><span class='ocrx_word' id='word_1_69' title='bbox 145 916 267 982; x_wconf 79' lang='lat' dir='ltr'><strong>reeeplae</strong></span> <span class='ocrx_word' id='word_1_70' title='bbox 294 925 360 962; x_wconf 88' lang='lat' dir='ltr'><strong>oum</strong></span> <span class='ocrx_word' id='word_1_71' title='bbox 394 906 467 962; x_wconf 84' lang='lat' dir='ltr'><strong>votis</strong></span> <span class='ocrx_word' id='word_1_72' title='bbox 495 905 642 978; x_wconf 86' lang='lat' dir='ltr'><strong>promissis</strong></span> <span class='ocrx_word' id='word_1_73' title='bbox 663 906 699 960; x_wconf 90' lang='lat' dir='ltr'><strong>ad</strong></span> <span class='ocrx_word' id='word_1_74' title='bbox 729 903 898 959; x_wconf 86' lang='lat' dir='ltr'><strong>memoriam</strong></span> <span class='ocrx_word' id='word_1_75' title='bbox 923 902 999 958; x_wconf 88' lang='lat' dir='ltr'><strong>beati</strong></span> 
     </span>
     <span class='ocr_line' id='line_1_10' title="bbox 145 994 467 1068; baseline -0.022 -13"><span class='ocrx_word' id='word_1_76' title='bbox 145 1000 199 1055; x_wconf 84' lang='lat' dir='ltr'><strong>riri</strong></span> <span class='ocrx_word' id='word_1_77' title='bbox 215 1013 310 1068; x_wconf 89' lang='lat' dir='ltr'><strong>sospes</strong></span> <span class='ocrx_word' id='word_1_78' title='bbox 325 994 467 1066; x_wconf 88' lang='lat' dir='ltr'><strong>pervenit.</strong></span> 
     </span>
    </p>

    <p class='ocr_par' dir='ltr' id='par_1_5' title="bbox 145 1080 1000 1507">
     <span class='ocr_line' id='line_1_11' title="bbox 183 1080 999 1146; baseline -0.009 -5"><span class='ocrx_word' id='word_1_79' title='bbox 183 1091 225 1141; x_wconf 75' lang='grc'><strong>17.</strong></span> <span class='ocrx_word' id='word_1_80' title='bbox 250 1085 343 1140; x_wconf 75' lang='lat' dir='ltr'><strong>abbas</strong></span> <span class='ocrx_word' id='word_1_81' title='bbox 368 1083 456 1139; x_wconf 89' lang='lat' dir='ltr'><strong>eliam</strong></span> <span class='ocrx_word' id='word_1_82' title='bbox 485 1082 607 1137; x_wconf 87' lang='lat' dir='ltr'><strong>coenobii</strong></span> <span class='ocrx_word' id='word_1_83' title='bbox 634 1081 726 1136; x_wconf 87' lang='lat' dir='ltr'><strong>saneti</strong></span> <span class='ocrx_word' id='word_1_84' title='bbox 754 1080 908 1146; x_wconf 77' lang='lat' dir='ltr'><strong>Michaelis,</strong></span> <span class='ocrx_word' id='word_1_85' title='bbox 926 1080 999 1135; x_wconf 86' lang='lat' dir='ltr'><strong>Con·</strong></span> 
     </span>
     <span class='ocr_line' id='line_1_12' title="bbox 146 1168 1000 1242; baseline -0.008 -13"><span class='ocrx_word' id='word_1_86' title='bbox 146 1174 231 1229; x_wconf 77' lang='lat' dir='ltr'><strong>radus</strong></span> <span class='ocrx_word' id='word_1_87' title='bbox 247 1176 301 1241; x_wconf 77' lang='grc'>(67)</span> <span class='ocrx_word' id='word_1_88' title='bbox 316 1173 444 1239; x_wconf 90' lang='lat' dir='ltr'><strong>nomine,</strong></span> <span class='ocrx_word' id='word_1_89' title='bbox 467 1187 531 1225; x_wconf 87' lang='lat' dir='ltr'><strong>cum</strong></span> <span class='ocrx_word' id='word_1_90' title='bbox 558 1172 681 1242; x_wconf 88' lang='lat' dir='ltr'><strong>quedam</strong></span> <span class='ocrx_word' id='word_1_91' title='bbox 698 1169 745 1224; x_wconf 91' lang='lat' dir='ltr'><strong>die</strong></span> <span class='ocrx_word' id='word_1_92' title='bbox 760 1186 845 1223; x_wconf 89' lang='lat' dir='ltr'><strong>causa</strong></span> <span class='ocrx_word' id='word_1_93' title='bbox 868 1168 1000 1224; x_wconf 87' lang='lat' dir='ltr'><strong>utilitatis</strong></span> 
     </span>
     <span class='ocr_line' id='line_1_13' title="bbox 145 1257 999 1329; baseline -0.007 -13"><span class='ocrx_word' id='word_1_94' title='bbox 145 1261 323 1316; x_wconf 87' lang='lat' dir='ltr'><strong>monasteriii</strong></span> <span class='ocrx_word' id='word_1_95' title='bbox 342 1261 398 1315; x_wconf 89' lang='lat' dir='ltr'><strong>iter</strong></span> <span class='ocrx_word' id='word_1_96' title='bbox 410 1265 516 1329; x_wconf 76' lang='lat' dir='ltr'><strong>ageret,</strong></span> <span class='ocrx_word' id='word_1_97' title='bbox 529 1261 601 1313; x_wconf 85' lang='lat' dir='ltr'><strong>torte</strong></span> <span class='ocrx_word' id='word_1_98' title='bbox 616 1258 729 1322; x_wconf 88' lang='lat' dir='ltr'><strong>accidit,</strong></span> <span class='ocrx_word' id='word_1_99' title='bbox 741 1262 774 1311; x_wconf 88' lang='lat' dir='ltr'><strong>ut</strong></span> <span class='ocrx_word' id='word_1_100' title='bbox 786 1272 860 1328; x_wconf 91' lang='lat' dir='ltr'><strong>equo</strong></span> <span class='ocrx_word' id='word_1_101' title='bbox 874 1257 999 1324; x_wconf 86' lang='lat' dir='ltr'><strong>labente,</strong></span> 
     </span>
     <span class='ocr_line' id='line_1_14' title="bbox 146 1345 1000 1417; baseline -0.007 -12"><span class='ocrx_word' id='word_1_102' title='bbox 146 1350 192 1405; x_wconf 91' lang='lat' dir='ltr'><strong>cui</strong></span> <span class='ocrx_word' id='word_1_103' title='bbox 207 1349 362 1414; x_wconf 87' lang='lat' dir='ltr'><strong>insederat,</strong></span> <span class='ocrx_word' id='word_1_104' title='bbox 379 1349 450 1403; x_wconf 92' lang='lat' dir='ltr'><strong>tibia</strong></span> <span class='ocrx_word' id='word_1_105' title='bbox 471 1348 568 1401; x_wconf 85' lang='lat' dir='ltr'><strong>collisa</strong></span> <span class='ocrx_word' id='word_1_106' title='bbox 592 1362 710 1417; x_wconf 89' lang='lat' dir='ltr'><strong>prorsus</strong></span> <span class='ocrx_word' id='word_1_107' title='bbox 725 1345 829 1400; x_wconf 87' lang='lat' dir='ltr'><strong>debilis</strong></span> <span class='ocrx_word' id='word_1_108' title='bbox 855 1350 883 1399; x_wconf 91' lang='lat' dir='ltr'><strong>et</strong></span> <span class='ocrx_word' id='word_1_109' title='bbox 902 1346 1000 1400; x_wconf 91' lang='lat' dir='ltr'><strong>dolore</strong></span> 
     </span>
     <span class='ocr_line' id='line_1_15' title="bbox 146 1433 999 1507; baseline -0.006 -15"><span class='ocrx_word' id='word_1_110' title='bbox 146 1438 287 1492; x_wconf 88' lang='lat' dir='ltr'><strong>cruciatus</strong></span> <span class='ocrx_word' id='word_1_111' title='bbox 307 1437 336 1490; x_wconf 92' lang='lat' dir='ltr'><strong>in</strong></span> <span class='ocrx_word' id='word_1_112' title='bbox 365 1438 435 1490; x_wconf 87' lang='lat' dir='ltr'><strong>sella</strong></span> <span class='ocrx_word' id='word_1_113' title='bbox 461 1436 617 1507; x_wconf 80' lang='lat' dir='ltr'><strong>gestatoria</strong></span> <span class='ocrx_word' id='word_1_114' title='bbox 641 1435 808 1489; x_wconf 79' lang='lat' dir='ltr'><strong>referretur.</strong></span> <span class='ocrx_word' id='word_1_115' title='bbox 836 1434 925 1488; x_wconf 83' lang='lat' dir='ltr'><strong>lussit</strong></span> <span class='ocrx_word' id='word_1_116' title='bbox 947 1433 999 1487; x_wconf 92' lang='lat' dir='ltr'><strong>ita·</strong></span> 
     </span>
    </p>
   </div>
   <div class='ocr_carea' id='block_1_5' title="bbox 1052 631 1907 1500">
    <p class='ocr_par' dir='ltr' id='par_1_6' title="bbox 1052 631 1170 686">
     <span class='ocr_line' id='line_1_16' title="bbox 1052 631 1170 686; baseline -0.025 0"><span class='ocrx_word' id='word_1_117' title='bbox 1052 631 1135 686; x_wconf 82' lang='lat' dir='ltr'><strong>ravit.</strong></span> <span class='ocrx_word' id='word_1_118' title='bbox 1166 677 1170 683; x_wconf 93' lang='lat'>.</span> 
     </span>
    </p>

    <p class='ocr_par' dir='ltr' id='par_1_7' title="bbox 1052 720 1907 1500">
     <span class='ocr_line' id='line_1_17' title="bbox 1090 720 1907 792; baseline 0.001 -18"><span class='ocrx_word' id='word_1_119' title='bbox 1090 724 1132 775; x_wconf 69' lang='lat' dir='ltr'><strong>lei.</strong></span> <span class='ocrx_word' id='word_1_120' title='bbox 1148 720 1227 774; x_wconf 83' lang='lat' dir='ltr'><strong>Alter</strong></span> <span class='ocrx_word' id='word_1_121' title='bbox 1247 720 1364 790; x_wconf 85' lang='lat' dir='ltr'><strong>quidem</strong></span> <span class='ocrx_word' id='word_1_122' title='bbox 1383 720 1572 792; x_wconf 85' lang='lat' dir='ltr'><strong>Volquardus,</strong></span> <span class='ocrx_word' id='word_1_123' title='bbox 1585 721 1667 775; x_wconf 89' lang='lat' dir='ltr'><strong>omni</strong></span> <span class='ocrx_word' id='word_1_124' title='bbox 1682 720 1796 775; x_wconf 82' lang='lat' dir='ltr'><strong>civitati</strong></span> <span class='ocrx_word' id='word_1_125' title='bbox 1808 725 1907 775; x_wconf 82' lang='lat' dir='ltr'><strong>nostras</strong></span> 
     </span>
     <span class='ocr_line' id='line_1_18' title="bbox 1052 807 1907 880; baseline -0.002 -18"><span class='ocrx_word' id='word_1_126' title='bbox 1052 807 1230 874; x_wconf 89' lang='lat' dir='ltr'><strong>notissimus,</strong></span> <span class='ocrx_word' id='word_1_127' title='bbox 1251 810 1337 861; x_wconf 71' lang='lat' dir='ltr'><strong>sinnii</strong></span> <span class='ocrx_word' id='word_1_128' title='bbox 1374 809 1505 876; x_wconf 80' lang='lat' dir='ltr'><strong>passione</strong></span> <span class='ocrx_word' id='word_1_129' title='bbox 1527 815 1655 873; x_wconf 80' lang='lat' dir='ltr'><strong>rexatus,</strong></span> <span class='ocrx_word' id='word_1_130' title='bbox 1686 808 1817 880; x_wconf 87' lang='lat' dir='ltr'><strong>quodem</strong></span> <span class='ocrx_word' id='word_1_131' title='bbox 1841 813 1907 860; x_wconf 87' lang='lat' dir='ltr'><strong>tem-</strong></span> 
     </span>
     <span class='ocr_line' id='line_1_19' title="bbox 1053 896 1907 968; baseline -0.002 -18"><span class='ocrx_word' id='word_1_132' title='bbox 1053 913 1121 968; x_wconf 91' lang='lat' dir='ltr'><strong>pore</strong></span> <span class='ocrx_word' id='word_1_133' title='bbox 1154 913 1219 950; x_wconf 85' lang='lat' dir='ltr'><strong>curn</strong></span> <span class='ocrx_word' id='word_1_134' title='bbox 1255 898 1411 951; x_wconf 79' lang='lat' dir='ltr'><strong>aecclesiam</strong></span> <span class='ocrx_word' id='word_1_135' title='bbox 1439 897 1516 952; x_wconf 89' lang='lat' dir='ltr'><strong>beuti</strong></span> <span class='ocrx_word' id='word_1_136' title='bbox 1546 897 1692 952; x_wconf 88' lang='lat' dir='ltr'><strong>llicheelis</strong></span> <span class='ocrx_word' id='word_1_137' title='bbox 1728 896 1907 951; x_wconf 80' lang='lat' dir='ltr'><strong>introductus</strong></span> 
     </span>
     <span class='ocr_line' id='line_1_20' title="bbox 1053 985 1907 1056; baseline -0.002 -16"><span class='ocrx_word' id='word_1_138' title='bbox 1053 986 1162 1053; x_wconf 87' lang='lat' dir='ltr'><strong>fuisset,</strong></span> <span class='ocrx_word' id='word_1_139' title='bbox 1184 986 1407 1056; x_wconf 88' lang='lat' dir='ltr'><strong>corporalesque</strong></span> <span class='ocrx_word' id='word_1_140' title='bbox 1427 986 1581 1040; x_wconf 84' lang='lat' dir='ltr'><strong>medicinas</strong></span> <span class='ocrx_word' id='word_1_141' title='bbox 1597 986 1652 1040; x_wconf 89' lang='lat' dir='ltr'><strong>sibi</strong></span> <span class='ocrx_word' id='word_1_142' title='bbox 1672 985 1811 1040; x_wconf 88' lang='lat' dir='ltr'><strong>adhiberi</strong></span> <span class='ocrx_word' id='word_1_143' title='bbox 1825 985 1907 1055; x_wconf 88' lang='lat' dir='ltr'><strong>pelis·</strong></span> 
     </span>
     <span class='ocr_line' id='line_1_21' title="bbox 1053 1074 1906 1146; baseline -0.004 -18"><span class='ocrx_word' id='word_1_144' title='bbox 1053 1079 1104 1137; x_wconf 79' lang='lat' dir='ltr'><strong>sel.</strong></span> <span class='ocrx_word' id='word_1_145' title='bbox 1130 1074 1246 1145; x_wconf 89' lang='lat' dir='ltr'><strong>quidem</strong></span> <span class='ocrx_word' id='word_1_146' title='bbox 1270 1075 1448 1145; x_wconf 76' lang='lat' dir='ltr'><strong>presbiteris</strong></span> <span class='ocrx_word' id='word_1_147' title='bbox 1478 1076 1535 1128; x_wconf 77' lang='lat' dir='ltr'><strong>lieo</strong></span> <span class='ocrx_word' id='word_1_148' title='bbox 1551 1075 1648 1146; x_wconf 87' lang='lat' dir='ltr'><strong>polius</strong></span> <span class='ocrx_word' id='word_1_149' title='bbox 1675 1074 1734 1128; x_wconf 87' lang='lat' dir='ltr'><strong>sibi</strong></span> <span class='ocrx_word' id='word_1_150' title='bbox 1760 1074 1906 1127; x_wconf 84' lang='lat' dir='ltr'><strong>sanitatem</strong></span> 
     </span>
     <span class='ocr_line' id='line_1_22' title="bbox 1054 1161 1905 1234; baseline -0.002 -17"><span class='ocrx_word' id='word_1_151' title='bbox 1054 1179 1114 1218; x_wconf 89' lang='lat' dir='ltr'><strong>esse</strong></span> <span class='ocrx_word' id='word_1_152' title='bbox 1137 1163 1291 1234; x_wconf 90' lang='lat' dir='ltr'><strong>petendam</strong></span> <span class='ocrx_word' id='word_1_153' title='bbox 1317 1162 1399 1217; x_wconf 90' lang='lat' dir='ltr'><strong>illurn</strong></span> <span class='ocrx_word' id='word_1_154' title='bbox 1422 1163 1584 1229; x_wconf 86' lang='lat' dir='ltr'><strong>admonuit,</strong></span> <span class='ocrx_word' id='word_1_155' title='bbox 1610 1169 1640 1218; x_wconf 88' lang='lat' dir='ltr'><strong>et</strong></span> <span class='ocrx_word' id='word_1_156' title='bbox 1666 1163 1699 1216; x_wconf 90' lang='lat' dir='ltr'><strong>in</strong></span> <span class='ocrx_word' id='word_1_157' title='bbox 1722 1163 1848 1232; x_wconf 90' lang='lat' dir='ltr'><strong>criptam</strong></span> <span class='ocrx_word' id='word_1_158' title='bbox 1873 1161 1905 1215; x_wconf 88' lang='lat' dir='ltr'><strong>ed</strong></span> 
     </span>
     <span class='ocr_line' id='line_1_23' title="bbox 1054 1251 1902 1322; baseline -0.005 -15"><span class='ocrx_word' id='word_1_159' title='bbox 1054 1252 1131 1307; x_wconf 90' lang='lat' dir='ltr'><strong>beati</strong></span> <span class='ocrx_word' id='word_1_160' title='bbox 1145 1252 1306 1307; x_wconf 76' lang='lat' dir='ltr'><strong>bernwardi</strong></span> <span class='ocrx_word' id='word_1_161' title='bbox 1321 1252 1450 1306; x_wconf 89' lang='lat' dir='ltr'><strong>tumbam</strong></span> <span class='ocrx_word' id='word_1_162' title='bbox 1478 1267 1529 1322; x_wconf 89' lang='lat' dir='ltr'><strong>spe</strong></span> <span class='ocrx_word' id='word_1_163' title='bbox 1543 1252 1672 1306; x_wconf 89' lang='lat' dir='ltr'><strong>sanitatis</strong></span> <span class='ocrx_word' id='word_1_164' title='bbox 1697 1252 1743 1305; x_wconf 89' lang='lat' dir='ltr'><strong>ire</strong></span> <span class='ocrx_word' id='word_1_165' title='bbox 1759 1251 1902 1322; x_wconf 82' lang='lat' dir='ltr'><strong>persuasit</strong></span> 
     </span>
     <span class='ocr_line' id='line_1_24' title="bbox 1054 1340 1905 1411; baseline -0.004 -17"><span class='ocrx_word' id='word_1_166' title='bbox 1054 1341 1115 1406; x_wconf 85' lang='lat' dir='ltr'><strong>Quo</strong></span> <span class='ocrx_word' id='word_1_167' title='bbox 1137 1341 1222 1406; x_wconf 84' lang='lat' dir='ltr'><strong>fecto,</strong></span> <span class='ocrx_word' id='word_1_168' title='bbox 1240 1340 1285 1394; x_wconf 84' lang='lat' dir='ltr'><strong>vix</strong></span> <span class='ocrx_word' id='word_1_169' title='bbox 1305 1341 1378 1394; x_wconf 93' lang='lat' dir='ltr'><strong>hora</strong></span> <span class='ocrx_word' id='word_1_170' title='bbox 1397 1340 1518 1395; x_wconf 85' lang='lat' dir='ltr'><strong>dimidia</strong></span> <span class='ocrx_word' id='word_1_171' title='bbox 1530 1346 1673 1394; x_wconf 84' lang='lat' dir='ltr'><strong>transacta</strong></span> <span class='ocrx_word' id='word_1_172' title='bbox 1688 1340 1816 1411; x_wconf 90' lang='lat' dir='ltr'><strong>eriptam</strong></span> <span class='ocrx_word' id='word_1_173' title='bbox 1833 1340 1905 1393; x_wconf 75' lang='lat' dir='ltr'><strong>laetus</strong></span> 
     </span>
     <span class='ocr_line' id='line_1_25' title="bbox 1055 1428 1906 1500; baseline -0.004 -17"><span class='ocrx_word' id='word_1_174' title='bbox 1055 1429 1149 1494; x_wconf 81' lang='lat' dir='ltr'><strong>exirit,</strong></span> <span class='ocrx_word' id='word_1_175' title='bbox 1176 1446 1263 1500; x_wconf 88' lang='lat' dir='ltr'><strong>seque</strong></span> <span class='ocrx_word' id='word_1_176' title='bbox 1293 1435 1424 1483; x_wconf 86' lang='lat' dir='ltr'><strong>sanatum</strong></span> <span class='ocrx_word' id='word_1_177' title='bbox 1461 1429 1550 1484; x_wconf 82' lang='lat' dir='ltr'><strong>fuisse</strong></span> <span class='ocrx_word' id='word_1_178' title='bbox 1576 1429 1689 1484; x_wconf 88' lang='lat' dir='ltr'><strong>cunctis</strong></span> <span class='ocrx_word' id='word_1_179' title='bbox 1719 1430 1752 1483; x_wconf 90' lang='lat' dir='ltr'><strong>in</strong></span> <span class='ocrx_word' id='word_1_180' title='bbox 1788 1428 1906 1483; x_wconf 75' lang='lat' dir='ltr'><strong>aecclesia</strong></span> 
     </span>
    </p>
   </div>
   <div class='ocr_carea' id='block_1_6' title="bbox 147 1518 1906 1771">
    <p class='ocr_par' dir='ltr' id='par_1_8' title="bbox 147 1518 1906 1771">
     <span class='ocr_line' id='line_1_26' title="bbox 147 1518 1906 1598; baseline -0.006 -18"><span class='ocrx_word' id='word_1_181' title='bbox 147 1542 204 1598; x_wconf 88' lang='lat' dir='ltr'><strong>que</strong></span> <span class='ocrx_word' id='word_1_182' title='bbox 231 1541 261 1580; x_wconf 92' lang='lat' dir='ltr'><strong>se</strong></span> <span class='ocrx_word' id='word_1_183' title='bbox 290 1526 325 1579; x_wconf 88' lang='lat' dir='ltr'><strong>ed</strong></span> <span class='ocrx_word' id='word_1_184' title='bbox 358 1525 543 1595; x_wconf 89' lang='lat' dir='ltr'><strong>sepulchrum</strong></span> <span class='ocrx_word' id='word_1_185' title='bbox 570 1523 645 1579; x_wconf 88' lang='lat' dir='ltr'><strong>beati</strong></span> <span class='ocrx_word' id='word_1_186' title='bbox 671 1522 815 1593; x_wconf 89' lang='lat' dir='ltr'><strong>pontificis</strong></span> <span class='ocrx_word' id='word_1_187' title='bbox 839 1521 1002 1578; x_wconf 85' lang='lat' dir='ltr'><strong>Bernwardi</strong></span> <span class='ocrx_word' id='word_1_188' title='bbox 1055 1518 1276 1572; x_wconf 87' lang='lat' dir='ltr'><strong>consistentibus</strong></span> <span class='ocrx_word' id='word_1_189' title='bbox 1292 1519 1437 1572; x_wconf 84' lang='lat' dir='ltr'><strong>evidenter</strong></span> <span class='ocrx_word' id='word_1_190' title='bbox 1464 1519 1597 1573; x_wconf 85' lang='lat' dir='ltr'><strong>ostendit.</strong></span> <span class='ocrx_word' id='word_1_191' title='bbox 1614 1518 1668 1582; x_wconf 85' lang='lat' dir='ltr'><strong>Oui</strong></span> <span class='ocrx_word' id='word_1_192' title='bbox 1684 1522 1793 1588; x_wconf 84' lang='lat' dir='ltr'><strong>postea</strong></span> <span class='ocrx_word' id='word_1_193' title='bbox 1806 1523 1906 1588; x_wconf 88' lang='lat' dir='ltr'><strong>septem</strong></span> 
     </span>
     <span class='ocr_line' id='line_1_27' title="bbox 148 1606 1906 1702; baseline -0.005 -35"><span class='ocrx_word' id='word_1_194' title='bbox 148 1613 267 1678; x_wconf 89' lang='lat' dir='ltr'><strong>delerri;</strong></span> <span class='ocrx_word' id='word_1_195' title='bbox 294 1612 344 1667; x_wconf 88' lang='lat' dir='ltr'><strong>ubi</strong></span> <span class='ocrx_word' id='word_1_196' title='bbox 370 1612 401 1666; x_wconf 90' lang='lat' dir='ltr'><strong>in</strong></span> <span class='ocrx_word' id='word_1_197' title='bbox 429 1612 560 1667; x_wconf 86' lang='lat' dir='ltr'><strong>oratione</strong></span> <span class='ocrx_word' id='word_1_198' title='bbox 582 1616 752 1682; x_wconf 86' lang='lat' dir='ltr'><strong>prostratus,</strong></span> <span class='ocrx_word' id='word_1_199' title='bbox 791 1627 856 1665; x_wconf 87' lang='lat' dir='ltr'><strong>curn</strong></span> <span class='ocrx_word' id='word_1_200' title='bbox 878 1613 1000 1668; x_wconf 78' lang='lat' dir='ltr'><strong>vovisset</strong></span> <span class='ocrx_word' id='word_1_201' title='bbox 1017 1648 1036 1702; x_wconf 74' lang='lat' dir='ltr'><strong>B</strong></span> <span class='ocrx_word' id='word_1_202' title='bbox 1055 1606 1157 1661; x_wconf 80' lang='lat' dir='ltr'><strong>dielins</strong></span> <span class='ocrx_word' id='word_1_203' title='bbox 1176 1607 1469 1676; x_wconf 80' lang='lat' dir='ltr'><strong>peractisrevocatns,</strong></span> <span class='ocrx_word' id='word_1_204' title='bbox 1486 1611 1515 1660; x_wconf 84' lang='lat' dir='ltr'><strong>et</strong></span> <span class='ocrx_word' id='word_1_205' title='bbox 1537 1607 1572 1662; x_wconf 90' lang='lat' dir='ltr'><strong>de</strong></span> <span class='ocrx_word' id='word_1_206' title='bbox 1591 1606 1813 1676; x_wconf 76' lang='lat' dir='ltr'><strong>perseverantia</strong></span> <span class='ocrx_word' id='word_1_207' title='bbox 1843 1606 1906 1659; x_wconf 76' lang='lat' dir='ltr'><strong>seni-</strong></span> 
     </span>
     <span class='ocr_line' id='line_1_28' title="bbox 148 1693 1905 1771; baseline -0.005 -15"><span class='ocrx_word' id='word_1_208' title='bbox 148 1718 187 1768; x_wconf 87' lang='lat' dir='ltr'><strong>se,</strong></span> <span class='ocrx_word' id='word_1_209' title='bbox 209 1700 305 1771; x_wconf 87' lang='lat' dir='ltr'><strong>quoad</strong></span> <span class='ocrx_word' id='word_1_210' title='bbox 329 1699 447 1765; x_wconf 83' lang='lat' dir='ltr'><strong>viveret,</strong></span> <span class='ocrx_word' id='word_1_211' title='bbox 465 1699 612 1754; x_wconf 88' lang='lat' dir='ltr'><strong>candelam</strong></span> <span class='ocrx_word' id='word_1_212' title='bbox 638 1704 720 1752; x_wconf 88' lang='lat' dir='ltr'><strong>nocte</strong></span> <span class='ocrx_word' id='word_1_213' title='bbox 748 1702 776 1753; x_wconf 85' lang='lat' dir='ltr'><strong>et</strong></span> <span class='ocrx_word' id='word_1_214' title='bbox 805 1697 931 1752; x_wconf 90' lang='lat' dir='ltr'><strong>interdiu</strong></span> <span class='ocrx_word' id='word_1_215' title='bbox 960 1697 1001 1753; x_wconf 92' lang='lat' dir='ltr'><strong>ibi</strong></span> <span class='ocrx_word' id='word_1_216' title='bbox 1055 1694 1122 1749; x_wconf 88' lang='lat' dir='ltr'><strong>tatis</strong></span> <span class='ocrx_word' id='word_1_217' title='bbox 1154 1693 1358 1765; x_wconf 80' lang='lat' dir='ltr'><strong>interrogatus,</strong></span> <span class='ocrx_word' id='word_1_218' title='bbox 1387 1710 1452 1748; x_wconf 86' lang='lat' dir='ltr'><strong>cunr</strong></span> <span class='ocrx_word' id='word_1_219' title='bbox 1482 1712 1512 1749; x_wconf 91' lang='lat' dir='ltr'><strong>se</strong></span> <span class='ocrx_word' id='word_1_220' title='bbox 1548 1695 1635 1749; x_wconf 82' lang='lat' dir='ltr'><strong>nichil</strong></span> <span class='ocrx_word' id='word_1_221' title='bbox 1667 1694 1782 1749; x_wconf 88' lang='lat' dir='ltr'><strong>doloris</strong></span> <span class='ocrx_word' id='word_1_222' title='bbox 1810 1694 1905 1748; x_wconf 88' lang='lat' dir='ltr'><strong>habere</strong></span> 
     </span>
    </p>
   </div>
   <div class='ocr_carea' id='block_1_7' title="bbox 149 1786 1003 2123">
    <p class='ocr_par' dir='ltr' id='par_1_9' title="bbox 149 1786 1003 2037">
     <span class='ocr_line' id='line_1_29' title="bbox 149 1786 1002 1860; baseline -0.004 -17"><span class='ocrx_word' id='word_1_223' title='bbox 149 1788 344 1860; x_wconf 88' lang='lat' dir='ltr'><strong>provisurum,</strong></span> <span class='ocrx_word' id='word_1_224' title='bbox 372 1787 525 1842; x_wconf 87' lang='lat' dir='ltr'><strong>incolumis</strong></span> <span class='ocrx_word' id='word_1_225' title='bbox 557 1786 693 1840; x_wconf 87' lang='lat' dir='ltr'><strong>continuo</strong></span> <span class='ocrx_word' id='word_1_226' title='bbox 731 1787 871 1852; x_wconf 78' lang='lat' dir='ltr'><strong>surrexit3</strong></span> <span class='ocrx_word' id='word_1_227' title='bbox 894 1787 1002 1856; x_wconf 90' lang='lat' dir='ltr'><strong>quique</strong></span> 
     </span>
     <span class='ocr_line' id='line_1_30' title="bbox 149 1874 1003 1945; baseline -0.002 -14"><span class='ocrx_word' id='word_1_228' title='bbox 149 1876 251 1931; x_wconf 89' lang='lat' dir='ltr'><strong>alienis</strong></span> <span class='ocrx_word' id='word_1_229' title='bbox 282 1876 414 1930; x_wconf 76' lang='lat' dir='ltr'><strong>matribus</strong></span> <span class='ocrx_word' id='word_1_230' title='bbox 450 1880 494 1930; x_wconf 87' lang='lat' dir='ltr'><strong>est</strong></span> <span class='ocrx_word' id='word_1_231' title='bbox 527 1874 633 1942; x_wconf 90' lang='lat' dir='ltr'><strong>illatus,</strong></span> <span class='ocrx_word' id='word_1_232' title='bbox 661 1874 786 1945; x_wconf 88' lang='lat' dir='ltr'><strong>propriis</strong></span> <span class='ocrx_word' id='word_1_233' title='bbox 817 1874 937 1945; x_wconf 89' lang='lat' dir='ltr'><strong>pedihus</strong></span> <span class='ocrx_word' id='word_1_234' title='bbox 959 1879 1003 1929; x_wconf 90' lang='lat' dir='ltr'><strong>est</strong></span> 
     </span>
     <span class='ocr_line' id='line_1_31' title="bbox 151 1963 344 2037; baseline -0.016 -17"><span class='ocrx_word' id='word_1_235' title='bbox 151 1981 282 2037; x_wconf 79' lang='lat' dir='ltr'><strong>egressus</strong></span> <span class='ocrx_word' id='word_1_236' title='bbox 298 1963 344 2018; x_wconf 78' lang='lat'><strong>²⁴⁹.</strong></span> 
     </span>
    </p>

    <p class='ocr_par' dir='ltr' id='par_1_10' title="bbox 189 2050 1002 2123">
     <span class='ocr_line' id='line_1_32' title="bbox 189 2050 1002 2123; baseline -0.005 -15"><span class='ocrx_word' id='word_1_237' title='bbox 189 2056 230 2108; x_wconf 74' lang='lat' dir='ltr'><strong>ll.</strong></span> <span class='ocrx_word' id='word_1_238' title='bbox 256 2053 357 2108; x_wconf 82' lang='lat' dir='ltr'><strong>Mulier</strong></span> <span class='ocrx_word' id='word_1_239' title='bbox 374 2052 498 2123; x_wconf 89' lang='lat' dir='ltr'><strong>quedam</strong></span> <span class='ocrx_word' id='word_1_240' title='bbox 521 2050 674 2123; x_wconf 78' lang='lat' dir='ltr'><strong>provinciae</strong></span> <span class='ocrx_word' id='word_1_241' title='bbox 698 2051 846 2105; x_wconf 88' lang='lat' dir='ltr'><strong>llarehern</strong></span> <span class='ocrx_word' id='word_1_242' title='bbox 876 2052 910 2106; x_wconf 93' lang='lat' dir='ltr'><strong>de</strong></span> <span class='ocrx_word' id='word_1_243' title='bbox 933 2051 1002 2105; x_wconf 90' lang='lat' dir='ltr'><strong>civi·</strong></span> 
     </span>
    </p>
   </div>
   <div class='ocr_carea' id='block_1_8' title="bbox 47 2139 1005 2211">
    <p class='ocr_par' dir='ltr' id='par_1_11' title="bbox 47 2139 1005 2211">
     <span class='ocr_line' id='line_1_33' title="bbox 47 2139 1005 2211; baseline 0.002 -19"><span class='ocrx_word' id='word_1_244' title='bbox 47 2180 56 2192; x_wconf 92' lang='lat'>.</span> <span class='ocrx_word' id='word_1_245' title='bbox 152 2142 427 2209; x_wconf 89' lang='lat' dir='ltr'><strong>tateOlomuz,non</strong></span> <span class='ocrx_word' id='word_1_246' title='bbox 452 2139 560 2194; x_wconf 86' lang='lat' dir='ltr'><strong>infimis</strong></span> <span class='ocrx_word' id='word_1_247' title='bbox 585 2139 753 2210; x_wconf 88' lang='lat' dir='ltr'><strong>parentibus</strong></span> <span class='ocrx_word' id='word_1_248' title='bbox 782 2140 913 2207; x_wconf 92' lang='lat' dir='ltr'><strong>oriunda,</strong></span> <span class='ocrx_word' id='word_1_249' title='bbox 943 2157 1005 2211; x_wconf 90' lang='lat' dir='ltr'><strong>sep-</strong></span> 
     </span>
    </p>
   </div>
   <div class='ocr_carea' id='block_1_9' title="bbox 151 2227 1005 2565">
    <p class='ocr_par' dir='ltr' id='par_1_12' title="bbox 151 2227 1005 2565">
     <span class='ocr_line' id='line_1_34' title="bbox 151 2227 1001 2298; baseline -0.001 -15"><span class='ocrx_word' id='word_1_250' title='bbox 151 2234 209 2283; x_wconf 90' lang='lat' dir='ltr'><strong>tem</strong></span> <span class='ocrx_word' id='word_1_251' title='bbox 223 2230 306 2283; x_wconf 88' lang='lat' dir='ltr'><strong>ennis</strong></span> <span class='ocrx_word' id='word_1_252' title='bbox 321 2227 421 2298; x_wconf 83' lang='lat' dir='ltr'><strong>digitis</strong></span> <span class='ocrx_word' id='word_1_253' title='bbox 436 2228 559 2281; x_wconf 77' lang='lat' dir='ltr'><strong>sinistrae</strong></span> <span class='ocrx_word' id='word_1_254' title='bbox 574 2244 676 2283; x_wconf 85' lang='lat' dir='ltr'><strong>manns</strong></span> <span class='ocrx_word' id='word_1_255' title='bbox 691 2228 721 2282; x_wconf 91' lang='lat' dir='ltr'><strong>in</strong></span> <span class='ocrx_word' id='word_1_256' title='bbox 736 2229 829 2282; x_wconf 85' lang='lat' dir='ltr'><strong>volam</strong></span> <span class='ocrx_word' id='word_1_257' title='bbox 842 2229 1001 2292; x_wconf 86' lang='lat' dir='ltr'><strong>contractis,</strong></span> 
     </span>
     <span class='ocr_line' id='line_1_35' title="bbox 151 2316 1005 2389; baseline -0.001 -17"><span class='ocrx_word' id='word_1_258' title='bbox 151 2316 407 2389; x_wconf 87' lang='lat' dir='ltr'><strong>ejusdemhrachii</strong></span> <span class='ocrx_word' id='word_1_259' title='bbox 438 2317 505 2370; x_wconf 88' lang='lat' dir='ltr'><strong>ulna</strong></span> <span class='ocrx_word' id='word_1_260' title='bbox 534 2321 666 2371; x_wconf 85' lang='lat' dir='ltr'><strong>concreta</strong></span> <span class='ocrx_word' id='word_1_261' title='bbox 680 2317 789 2387; x_wconf 87' lang='lat' dir='ltr'><strong>pectori</strong></span> <span class='ocrx_word' id='word_1_262' title='bbox 811 2332 893 2387; x_wconf 81' lang='lat' dir='ltr'><strong>paene</strong></span> <span class='ocrx_word' id='word_1_263' title='bbox 924 2318 1005 2371; x_wconf 88' lang='lat' dir='ltr'><strong>cohe-</strong></span> 
     </span>
     <span class='ocr_line' id='line_1_36' title="bbox 152 2405 1005 2475; baseline -0.005 -13"><span class='ocrx_word' id='word_1_264' title='bbox 152 2405 359 2472; x_wconf 89' lang='lat' dir='ltr'><strong>rente,debilis</strong></span> <span class='ocrx_word' id='word_1_265' title='bbox 387 2407 515 2471; x_wconf 89' lang='lat' dir='ltr'><strong>arueral;</strong></span> <span class='ocrx_word' id='word_1_266' title='bbox 545 2420 610 2475; x_wconf 83' lang='lat' dir='ltr'><strong>quse</strong></span> <span class='ocrx_word' id='word_1_267' title='bbox 638 2405 730 2459; x_wconf 91' lang='lat' dir='ltr'><strong>multa</strong></span> <span class='ocrx_word' id='word_1_268' title='bbox 758 2411 921 2460; x_wconf 89' lang='lat' dir='ltr'><strong>sanctorum</strong></span> <span class='ocrx_word' id='word_1_269' title='bbox 943 2406 1005 2460; x_wconf 88' lang='lat' dir='ltr'><strong>loca</strong></span> 
     </span>
     <span class='ocr_line' id='line_1_37' title="bbox 152 2492 1005 2565; baseline -0.002 -16"><span class='ocrx_word' id='word_1_270' title='bbox 152 2495 281 2549; x_wconf 86' lang='lat' dir='ltr'><strong>sanitatis</strong></span> <span class='ocrx_word' id='word_1_271' title='bbox 309 2493 401 2565; x_wconf 81' lang='lat' dir='ltr'><strong>gretia</strong></span> <span class='ocrx_word' id='word_1_272' title='bbox 439 2492 622 2562; x_wconf 80' lang='lat' dir='ltr'><strong>frequentare</strong></span> <span class='ocrx_word' id='word_1_273' title='bbox 651 2493 771 2548; x_wconf 87' lang='lat' dir='ltr'><strong>solebat.</strong></span> <span class='ocrx_word' id='word_1_274' title='bbox 799 2493 881 2548; x_wconf 74' lang='lat' dir='ltr'><strong>Venit</strong></span> <span class='ocrx_word' id='word_1_275' title='bbox 908 2494 1005 2565; x_wconf 88' lang='lat' dir='ltr'><strong>itaque</strong></span> 
     </span>
    </p>
   </div>
   <div class='ocr_carea' id='block_1_10' title="bbox 50 2581 1006 2655">
    <p class='ocr_par' dir='ltr' id='par_1_13' title="bbox 50 2581 1006 2655">
     <span class='ocr_line' id='line_1_38' title="bbox 50 2581 1006 2655; baseline -0.004 -18"><span class='ocrx_word' id='word_1_276' title='bbox 50 2646 54 2655; x_wconf 26' lang='grc' dir='ltr'>ἱ</span> <span class='ocrx_word' id='word_1_277' title='bbox 153 2584 243 2637; x_wconf 92' lang='lat' dir='ltr'><strong>multo</strong></span> <span class='ocrx_word' id='word_1_278' title='bbox 280 2582 392 2637; x_wconf 91' lang='lat' dir='ltr'><strong>itineris</strong></span> <span class='ocrx_word' id='word_1_279' title='bbox 428 2581 527 2634; x_wconf 89' lang='lat' dir='ltr'><strong>labore</strong></span> <span class='ocrx_word' id='word_1_280' title='bbox 565 2581 683 2651; x_wconf 77' lang='lat' dir='ltr'><strong>fatigate</strong></span> <span class='ocrx_word' id='word_1_281' title='bbox 707 2597 793 2636; x_wconf 87' lang='lat' dir='ltr'><strong>mane</strong></span> <span class='ocrx_word' id='word_1_282' title='bbox 821 2587 837 2637; x_wconf 96' lang='grc'>7</span> <span class='ocrx_word' id='word_1_283' title='bbox 865 2583 1006 2636; x_wconf 80' lang='lat' dir='ltr'><strong>Kalendas</strong></span> 
     </span>
    </p>
   </div>
   <div class='ocr_carea' id='block_1_11' title="bbox 151 2669 1007 2918">
    <p class='ocr_par' dir='ltr' id='par_1_14' title="bbox 151 2669 1007 2918">
     <span class='ocr_line' id='line_1_39' title="bbox 151 2669 1005 2742; baseline -0.005 -15"><span class='ocrx_word' id='word_1_284' title='bbox 151 2670 229 2727; x_wconf 86' lang='lat' dir='ltr'><strong>lunii</strong></span> <span class='ocrx_word' id='word_1_285' title='bbox 243 2672 277 2725; x_wconf 87' lang='lat' dir='ltr'><strong>ad</strong></span> <span class='ocrx_word' id='word_1_286' title='bbox 290 2669 476 2742; x_wconf 89' lang='lat' dir='ltr'><strong>sepulchrum</strong></span> <span class='ocrx_word' id='word_1_287' title='bbox 492 2669 569 2723; x_wconf 88' lang='lat' dir='ltr'><strong>beati</strong></span> <span class='ocrx_word' id='word_1_288' title='bbox 585 2670 757 2738; x_wconf 87' lang='lat' dir='ltr'><strong>Bernwardi,</strong></span> <span class='ocrx_word' id='word_1_289' title='bbox 775 2669 825 2724; x_wconf 88' lang='lat' dir='ltr'><strong>uhi</strong></span> <span class='ocrx_word' id='word_1_290' title='bbox 838 2670 913 2725; x_wconf 82' lang='lat' dir='ltr'><strong>inira</strong></span> <span class='ocrx_word' id='word_1_291' title='bbox 927 2671 1005 2741; x_wconf 90' lang='lat' dir='ltr'><strong>prio-</strong></span> 
     </span>
     <span class='ocr_line' id='line_1_40' title="bbox 153 2758 1005 2829; baseline -0.002 -15"><span class='ocrx_word' id='word_1_292' title='bbox 153 2775 214 2814; x_wconf 85' lang='lat' dir='ltr'><strong>rem</strong></span> <span class='ocrx_word' id='word_1_293' title='bbox 239 2759 354 2814; x_wconf 87' lang='lat' dir='ltr'><strong>missam</strong></span> <span class='ocrx_word' id='word_1_294' title='bbox 385 2758 487 2829; x_wconf 84' lang='lat' dir='ltr'><strong>posita,</strong></span> <span class='ocrx_word' id='word_1_295' title='bbox 519 2759 628 2827; x_wconf 91' lang='lat' dir='ltr'><strong>populo</strong></span> <span class='ocrx_word' id='word_1_296' title='bbox 656 2758 833 2829; x_wconf 87' lang='lat' dir='ltr'><strong>inspectante</strong></span> <span class='ocrx_word' id='word_1_297' title='bbox 854 2759 1005 2829; x_wconf 89' lang='lat' dir='ltr'><strong>pristinem</strong></span> 
     </span>
     <span class='ocr_line' id='line_1_41' title="bbox 153 2845 1007 2918; baseline 0 -18"><span class='ocrx_word' id='word_1_298' title='bbox 153 2847 306 2901; x_wconf 88' lang='lat' dir='ltr'><strong>sanitatem</strong></span> <span class='ocrx_word' id='word_1_299' title='bbox 321 2846 438 2917; x_wconf 86' lang='lat' dir='ltr'><strong>recepit.</strong></span> <span class='ocrx_word' id='word_1_300' title='bbox 465 2845 552 2914; x_wconf 84' lang='lat' dir='ltr'><strong>Cujus</strong></span> <span class='ocrx_word' id='word_1_301' title='bbox 576 2845 618 2900; x_wconf 93' lang='lat' dir='ltr'><strong>rei</strong></span> <span class='ocrx_word' id='word_1_302' title='bbox 654 2850 740 2900; x_wconf 88' lang='lat' dir='ltr'><strong>testes</strong></span> <span class='ocrx_word' id='word_1_303' title='bbox 764 2846 861 2900; x_wconf 90' lang='lat' dir='ltr'><strong>idonei</strong></span> <span class='ocrx_word' id='word_1_304' title='bbox 888 2847 1007 2918; x_wconf 90' lang='lat' dir='ltr'><strong>plurimi</strong></span> 
     </span>
    </p>
   </div>
   <div class='ocr_carea' id='block_1_12' title="bbox 1056 1782 1906 2902">
    <p class='ocr_par' dir='ltr' id='par_1_15' title="bbox 1056 1782 1904 2102">
     <span class='ocr_line' id='line_1_42' title="bbox 1056 1782 1903 1854; baseline 0 -18"><span class='ocrx_word' id='word_1_305' title='bbox 1056 1782 1155 1838; x_wconf 81' lang='lat' dir='ltr'><strong>fnisset</strong></span> <span class='ocrx_word' id='word_1_306' title='bbox 1170 1783 1325 1853; x_wconf 78' lang='lat' dir='ltr'><strong>professus,</strong></span> <span class='ocrx_word' id='word_1_307' title='bbox 1353 1784 1472 1854; x_wconf 87' lang='lat' dir='ltr'><strong>populo,</strong></span> <span class='ocrx_word' id='word_1_308' title='bbox 1496 1785 1578 1854; x_wconf 77' lang='lat' dir='ltr'><strong>quus</strong></span> <span class='ocrx_word' id='word_1_309' title='bbox 1592 1789 1661 1838; x_wconf 87' lang='lat' dir='ltr'><strong>lunc</strong></span> <span class='ocrx_word' id='word_1_310' title='bbox 1691 1783 1849 1838; x_wconf 91' lang='lat' dir='ltr'><strong>multitudo</strong></span> <span class='ocrx_word' id='word_1_311' title='bbox 1862 1783 1903 1836; x_wconf 84' lang='lat' dir='ltr'><strong>sd·</strong></span> 
     </span>
     <span class='ocr_line' id='line_1_43' title="bbox 1056 1872 1904 1943; baseline 0 -19"><span class='ocrx_word' id='word_1_312' title='bbox 1056 1876 1126 1937; x_wconf 89' lang='lat' dir='ltr'><strong>erat,</strong></span> <span class='ocrx_word' id='word_1_313' title='bbox 1140 1876 1397 1942; x_wconf 82' lang='lat' dir='ltr'><strong>estprmsentetns;</strong></span> <span class='ocrx_word' id='word_1_314' title='bbox 1428 1872 1569 1943; x_wconf 83' lang='lat' dir='ltr'><strong>Deosque,</strong></span> <span class='ocrx_word' id='word_1_315' title='bbox 1585 1888 1638 1942; x_wconf 92' lang='lat' dir='ltr'><strong>pro</strong></span> <span class='ocrx_word' id='word_1_316' title='bbox 1663 1872 1795 1943; x_wconf 88' lang='lat' dir='ltr'><strong>eoquod</strong></span> <span class='ocrx_word' id='word_1_317' title='bbox 1810 1872 1904 1926; x_wconf 87' lang='lat' dir='ltr'><strong>lactum</strong></span> 
     </span>
     <span class='ocr_line' id='line_1_44' title="bbox 1056 1959 1904 2031; baseline -0.002 -17"><span class='ocrx_word' id='word_1_318' title='bbox 1056 1960 1159 2021; x_wconf 84' lang='lat' dir='ltr'><strong>fuerat,</strong></span> <span class='ocrx_word' id='word_1_319' title='bbox 1189 1960 1223 2014; x_wconf 92' lang='lat' dir='ltr'><strong>ab</strong></span> <span class='ocrx_word' id='word_1_320' title='bbox 1254 1959 1389 2013; x_wconf 89' lang='lat' dir='ltr'><strong>omnibus</strong></span> <span class='ocrx_word' id='word_1_321' title='bbox 1429 1960 1542 2031; x_wconf 78' lang='lat' dir='ltr'><strong>magnis</strong></span> <span class='ocrx_word' id='word_1_322' title='bbox 1566 1959 1705 2015; x_wconf 84' lang='lat' dir='ltr'><strong>lendibus</strong></span> <span class='ocrx_word' id='word_1_323' title='bbox 1731 1963 1781 2014; x_wconf 87' lang='lat' dir='ltr'><strong>est</strong></span> <span class='ocrx_word' id='word_1_324' title='bbox 1807 1960 1904 2031; x_wconf 76' lang='lat' dir='ltr'><strong>glorili-</strong></span> 
     </span>
     <span class='ocr_line' id='line_1_45' title="bbox 1057 2053 1145 2102; baseline -0.011 0"><span class='ocrx_word' id='word_1_325' title='bbox 1057 2053 1145 2102; x_wconf 88' lang='lat' dir='ltr'><strong>cetus.</strong></span> 
     </span>
    </p>

    <p class='ocr_par' dir='ltr' id='par_1_16' title="bbox 1058 2133 1906 2902">
     <span class='ocr_line' id='line_1_46' title="bbox 1095 2133 1906 2208; baseline -0.004 -16"><span class='ocrx_word' id='word_1_326' title='bbox 1095 2141 1136 2192; x_wconf 83' lang='lat' dir='ltr'><strong>lb.</strong></span> <span class='ocrx_word' id='word_1_327' title='bbox 1163 2136 1295 2192; x_wconf 80' lang='lat' dir='ltr'><strong>Rusticus</strong></span> <span class='ocrx_word' id='word_1_328' title='bbox 1311 2136 1430 2208; x_wconf 87' lang='lat' dir='ltr'><strong>qnidam</strong></span> <span class='ocrx_word' id='word_1_329' title='bbox 1460 2137 1490 2190; x_wconf 92' lang='lat' dir='ltr'><strong>in</strong></span> <span class='ocrx_word' id='word_1_330' title='bbox 1510 2137 1571 2191; x_wconf 82' lang='lat' dir='ltr'><strong>rico</strong></span> <span class='ocrx_word' id='word_1_331' title='bbox 1595 2136 1645 2208; x_wconf 93' lang='lat' dir='ltr'><strong>qui</strong></span> <span class='ocrx_word' id='word_1_332' title='bbox 1667 2135 1784 2192; x_wconf 83' lang='lat' dir='ltr'><strong>hiuline</strong></span> <span class='ocrx_word' id='word_1_333' title='bbox 1808 2133 1844 2171; x_wconf 74' lang='lat'><strong>¹⁵⁰</strong></span> <span class='ocrx_word' id='word_1_334' title='bbox 1858 2135 1906 2206; x_wconf 77' lang='lat' dir='ltr'><strong>(llll</strong></span> 
     </span>
     <span class='ocr_line' id='line_1_47' title="bbox 1058 2226 1903 2296; baseline -0.005 -15"><span class='ocrx_word' id='word_1_335' title='bbox 1058 2231 1242 2296; x_wconf 83' lang='lat' dir='ltr'><strong>narnenpatur</strong></span> <span class='ocrx_word' id='word_1_336' title='bbox 1267 2226 1412 2294; x_wconf 88' lang='lat' dir='ltr'><strong>habitans,</strong></span> <span class='ocrx_word' id='word_1_337' title='bbox 1441 2227 1560 2281; x_wconf 88' lang='lat' dir='ltr'><strong>Romam</strong></span> <span class='ocrx_word' id='word_1_338' title='bbox 1576 2227 1611 2280; x_wconf 92' lang='lat' dir='ltr'><strong>ad</strong></span> <span class='ocrx_word' id='word_1_339' title='bbox 1636 2231 1773 2280; x_wconf 88' lang='lat' dir='ltr'><strong>sanetum</strong></span> <span class='ocrx_word' id='word_1_340' title='bbox 1800 2227 1903 2280; x_wconf 85' lang='lat' dir='ltr'><strong>Petrum</strong></span> 
     </span>
     <span class='ocr_line' id='line_1_48' title="bbox 1059 2312 1903 2383; baseline -0.005 -15"><span class='ocrx_word' id='word_1_341' title='bbox 1059 2315 1196 2369; x_wconf 90' lang='lat' dir='ltr'><strong>orationis</strong></span> <span class='ocrx_word' id='word_1_342' title='bbox 1223 2331 1308 2369; x_wconf 76' lang='lat' dir='ltr'><strong>cerasa</strong></span> <span class='ocrx_word' id='word_1_343' title='bbox 1341 2316 1473 2383; x_wconf 88' lang='lat' dir='ltr'><strong>tendens,</strong></span> <span class='ocrx_word' id='word_1_344' title='bbox 1507 2315 1537 2369; x_wconf 90' lang='lat' dir='ltr'><strong>in</strong></span> <span class='ocrx_word' id='word_1_345' title='bbox 1567 2316 1670 2370; x_wconf 89' lang='lat' dir='ltr'><strong>eodem</strong></span> <span class='ocrx_word' id='word_1_346' title='bbox 1700 2315 1809 2368; x_wconf 89' lang='lat' dir='ltr'><strong>itinere</strong></span> <span class='ocrx_word' id='word_1_347' title='bbox 1836 2312 1903 2383; x_wconf 80' lang='lat' dir='ltr'><strong>gravi</strong></span> 
     </span>
     <span class='ocr_line' id='line_1_49' title="bbox 1058 2401 1903 2473; baseline -0.006 -16"><span class='ocrx_word' id='word_1_348' title='bbox 1058 2403 1144 2473; x_wconf 83' lang='lat' dir='ltr'><strong>eoepit</strong></span> <span class='ocrx_word' id='word_1_349' title='bbox 1169 2403 1338 2458; x_wconf 84' lang='lat' dir='ltr'><strong>infirmitate</strong></span> <span class='ocrx_word' id='word_1_350' title='bbox 1372 2404 1505 2458; x_wconf 87' lang='lat' dir='ltr'><strong>detineri.</strong></span> <span class='ocrx_word' id='word_1_351' title='bbox 1528 2404 1581 2469; x_wconf 85' lang='lat' dir='ltr'><strong>Qui</strong></span> <span class='ocrx_word' id='word_1_352' title='bbox 1610 2420 1677 2458; x_wconf 86' lang='lat' dir='ltr'><strong>eum</strong></span> <span class='ocrx_word' id='word_1_353' title='bbox 1706 2401 1903 2458; x_wconf 87' lang='lat' dir='ltr'><strong>omnimodiss</strong></span> 
     </span>
     <span class='ocr_line' id='line_1_50' title="bbox 1059 2490 1903 2564; baseline -0.002 -19"><span class='ocrx_word' id='word_1_354' title='bbox 1059 2492 1188 2546; x_wconf 88' lang='lat' dir='ltr'><strong>carnium</strong></span> <span class='ocrx_word' id='word_1_355' title='bbox 1214 2508 1265 2547; x_wconf 90' lang='lat' dir='ltr'><strong>esu</strong></span> <span class='ocrx_word' id='word_1_356' title='bbox 1289 2507 1319 2546; x_wconf 91' lang='lat' dir='ltr'><strong>se</strong></span> <span class='ocrx_word' id='word_1_357' title='bbox 1338 2492 1482 2547; x_wconf 89' lang='lat' dir='ltr'><strong>abstinere</strong></span> <span class='ocrx_word' id='word_1_358' title='bbox 1504 2493 1635 2559; x_wconf 87' lang='lat' dir='ltr'><strong>vovisset,</strong></span> <span class='ocrx_word' id='word_1_359' title='bbox 1661 2491 1850 2564; x_wconf 83' lang='lat' dir='ltr'><strong>quoadusque</strong></span> <span class='ocrx_word' id='word_1_360' title='bbox 1874 2490 1903 2543; x_wconf 85' lang='lat' dir='ltr'><strong>ad</strong></span> 
     </span>
     <span class='ocr_line' id='line_1_51' title="bbox 1059 2581 1903 2651; baseline -0.004 -17"><span class='ocrx_word' id='word_1_361' title='bbox 1059 2581 1136 2635; x_wconf 87' lang='lat' dir='ltr'><strong>beati</strong></span> <span class='ocrx_word' id='word_1_362' title='bbox 1152 2581 1313 2636; x_wconf 89' lang='lat' dir='ltr'><strong>Bernwerdi</strong></span> <span class='ocrx_word' id='word_1_363' title='bbox 1342 2582 1473 2636; x_wconf 87' lang='lat' dir='ltr'><strong>tumbam</strong></span> <span class='ocrx_word' id='word_1_364' title='bbox 1489 2581 1593 2651; x_wconf 79' lang='lat' dir='ltr'><strong>gratias</strong></span> <span class='ocrx_word' id='word_1_365' title='bbox 1618 2587 1736 2635; x_wconf 88' lang='lat' dir='ltr'><strong>aeturus</strong></span> <span class='ocrx_word' id='word_1_366' title='bbox 1752 2581 1849 2635; x_wconf 84' lang='lat' dir='ltr'><strong>venire</strong></span> <span class='ocrx_word' id='word_1_367' title='bbox 1862 2595 1903 2649; x_wconf 91' lang='lat' dir='ltr'><strong>po·</strong></span> 
     </span>
     <span class='ocr_line' id='line_1_52' title="bbox 1059 2666 1902 2740; baseline -0.006 -16"><span class='ocrx_word' id='word_1_368' title='bbox 1059 2669 1170 2732; x_wconf 85' lang='lat' dir='ltr'><strong>luisset,</strong></span> <span class='ocrx_word' id='word_1_369' title='bbox 1205 2669 1228 2723; x_wconf 90' lang='lat' dir='ltr'><strong>si</strong></span> <span class='ocrx_word' id='word_1_370' title='bbox 1254 2685 1306 2740; x_wconf 91' lang='lat' dir='ltr'><strong>per</strong></span> <span class='ocrx_word' id='word_1_371' title='bbox 1328 2685 1394 2723; x_wconf 83' lang='lat' dir='ltr'><strong>enni</strong></span> <span class='ocrx_word' id='word_1_372' title='bbox 1418 2669 1585 2740; x_wconf 77' lang='lat' dir='ltr'><strong>contigisset</strong></span> <span class='ocrx_word' id='word_1_373' title='bbox 1611 2685 1640 2722; x_wconf 92' lang='lat' dir='ltr'><strong>se</strong></span> <span class='ocrx_word' id='word_1_374' title='bbox 1664 2685 1682 2722; x_wconf 83' lang='lat' dir='ltr'><strong>a</strong></span> <span class='ocrx_word' id='word_1_375' title='bbox 1707 2667 1810 2722; x_wconf 89' lang='lat' dir='ltr'><strong>mortis</strong></span> <span class='ocrx_word' id='word_1_376' title='bbox 1837 2666 1902 2737; x_wconf 92' lang='lat' dir='ltr'><strong>peri-</strong></span> 
     </span>
     <span class='ocr_line' id='line_1_53' title="bbox 1061 2755 1903 2829; baseline -0.005 -17"><span class='ocrx_word' id='word_1_377' title='bbox 1061 2760 1125 2812; x_wconf 89' lang='lat' dir='ltr'><strong>culo</strong></span> <span class='ocrx_word' id='word_1_378' title='bbox 1152 2757 1277 2820; x_wconf 85' lang='lat' dir='ltr'><strong>liberari,</strong></span> <span class='ocrx_word' id='word_1_379' title='bbox 1302 2758 1439 2812; x_wconf 89' lang='lat' dir='ltr'><strong>continuo</strong></span> <span class='ocrx_word' id='word_1_380' title='bbox 1472 2758 1597 2829; x_wconf 82' lang='lat' dir='ltr'><strong>pristinae</strong></span> <span class='ocrx_word' id='word_1_381' title='bbox 1613 2757 1765 2811; x_wconf 86' lang='lat' dir='ltr'><strong>restitutus</strong></span> <span class='ocrx_word' id='word_1_382' title='bbox 1779 2761 1822 2810; x_wconf 90' lang='lat' dir='ltr'><strong>est</strong></span> <span class='ocrx_word' id='word_1_383' title='bbox 1834 2755 1903 2808; x_wconf 89' lang='lat' dir='ltr'><strong>sani-</strong></span> 
     </span>
     <span class='ocr_line' id='line_1_54' title="bbox 1061 2846 1122 2902; baseline -0.049 0"><span class='ocrx_word' id='word_1_384' title='bbox 1061 2846 1122 2902; x_wconf 86' lang='lat' dir='ltr'><strong>tati.</strong></span> 
     </span>
    </p>
   </div>
   <div class='ocr_carea' id='block_1_13' title="bbox 153 2923 1904 3006">
    <p class='ocr_par' dir='ltr' id='par_1_17' title="bbox 153 2923 1904 3006">
     <span class='ocr_line' id='line_1_55' title="bbox 153 2923 1904 3006; baseline -0.003 -16"><span class='ocrx_word' id='word_1_385' title='bbox 153 2941 222 2991; x_wconf 87' lang='lat' dir='ltr'><strong>tunc</strong></span> <span class='ocrx_word' id='word_1_386' title='bbox 242 2935 379 3006; x_wconf 87' lang='lat' dir='ltr'><strong>temporis</strong></span> <span class='ocrx_word' id='word_1_387' title='bbox 398 2933 560 3000; x_wconf 89' lang='lat' dir='ltr'><strong>astiterunt,</strong></span> <span class='ocrx_word' id='word_1_388' title='bbox 577 2934 628 3004; x_wconf 92' lang='lat' dir='ltr'><strong>qni</strong></span> <span class='ocrx_word' id='word_1_389' title='bbox 648 2923 1042 3004; x_wconf 81' lang='lat' dir='ltr'><strong>illampriussedebilemC</strong></span> <span class='ocrx_word' id='word_1_390' title='bbox 1097 2939 1139 2989; x_wconf 82' lang='grc'><strong>17.</strong></span> <span class='ocrx_word' id='word_1_391' title='bbox 1152 2934 1249 2988; x_wconf 89' lang='lat' dir='ltr'><strong>Puella</strong></span> <span class='ocrx_word' id='word_1_392' title='bbox 1265 2934 1389 3004; x_wconf 86' lang='lat' dir='ltr'><strong>quedem</strong></span> <span class='ocrx_word' id='word_1_393' title='bbox 1414 2936 1532 3005; x_wconf 88' lang='lat' dir='ltr'><strong>parvula</strong></span> <span class='ocrx_word' id='word_1_394' title='bbox 1559 2932 1710 2989; x_wconf 86' lang='lat' dir='ltr'><strong>hluchthild</strong></span> <span class='ocrx_word' id='word_1_395' title='bbox 1732 2932 1904 2998; x_wconf 88' lang='lat' dir='ltr'><strong>nomine,de</strong></span> 
     </span>
    </p>
   </div>
   <div class='ocr_carea' id='block_1_14' title="bbox 151 3021 1006 4235">
    <p class='ocr_par' dir='ltr' id='par_1_18' title="bbox 154 3021 1006 3530">
     <span class='ocr_line' id='line_1_56' title="bbox 154 3021 1006 3091; baseline 0.002 -15"><span class='ocrx_word' id='word_1_396' title='bbox 154 3023 291 3077; x_wconf 88' lang='lat' dir='ltr'><strong>veraciter</strong></span> <span class='ocrx_word' id='word_1_397' title='bbox 318 3021 469 3091; x_wconf 76' lang='lat' dir='ltr'><strong>agnos-isse</strong></span> <span class='ocrx_word' id='word_1_398' title='bbox 501 3027 694 3075; x_wconf 86' lang='lat' dir='ltr'><strong>asseruerunt.</strong></span> <span class='ocrx_word' id='word_1_399' title='bbox 725 3022 786 3079; x_wconf 81' lang='lat' dir='ltr'><strong>lior</strong></span> <span class='ocrx_word' id='word_1_400' title='bbox 813 3038 880 3091; x_wconf 77' lang='lat' dir='ltr'><strong>ergo</strong></span> <span class='ocrx_word' id='word_1_401' title='bbox 906 3040 1006 3079; x_wconf 88' lang='lat' dir='ltr'><strong>ornnes</strong></span> 
     </span>
     <span class='ocr_line' id='line_1_57' title="bbox 154 3109 1006 3183; baseline 0.002 -18"><span class='ocrx_word' id='word_1_402' title='bbox 154 3111 204 3181; x_wconf 90' lang='lat' dir='ltr'><strong>qni</strong></span> <span class='ocrx_word' id='word_1_403' title='bbox 220 3110 285 3165; x_wconf 90' lang='lat' dir='ltr'><strong>hnic</strong></span> <span class='ocrx_word' id='word_1_404' title='bbox 317 3109 455 3164; x_wconf 86' lang='lat' dir='ltr'><strong>miraculo</strong></span> <span class='ocrx_word' id='word_1_405' title='bbox 471 3115 626 3179; x_wconf 80' lang='lat' dir='ltr'><strong>praesentes</strong></span> <span class='ocrx_word' id='word_1_406' title='bbox 640 3110 783 3164; x_wconf 86' lang='lat' dir='ltr'><strong>alluerant</strong></span> <span class='ocrx_word' id='word_1_407' title='bbox 807 3111 948 3183; x_wconf 91' lang='lat' dir='ltr'><strong>multique</strong></span> <span class='ocrx_word' id='word_1_408' title='bbox 971 3114 1006 3168; x_wconf 91' lang='lat' dir='ltr'><strong>de</strong></span> 
     </span>
     <span class='ocr_line' id='line_1_58' title="bbox 154 3196 1003 3269; baseline 0.004 -17"><span class='ocrx_word' id='word_1_409' title='bbox 154 3199 266 3252; x_wconf 84' lang='lat' dir='ltr'><strong>civitate</strong></span> <span class='ocrx_word' id='word_1_410' title='bbox 280 3203 473 3263; x_wconf 87' lang='lat' dir='ltr'><strong>accurrentes,</strong></span> <span class='ocrx_word' id='word_1_411' title='bbox 490 3196 539 3267; x_wconf 94' lang='lat' dir='ltr'><strong>qui</strong></span> <span class='ocrx_word' id='word_1_412' title='bbox 556 3198 610 3250; x_wconf 92' lang='lat' dir='ltr'><strong>hoc</strong></span> <span class='ocrx_word' id='word_1_413' title='bbox 622 3197 726 3251; x_wconf 82' lang='lat' dir='ltr'><strong>facturn</strong></span> <span class='ocrx_word' id='word_1_414' title='bbox 753 3197 823 3252; x_wconf 89' lang='lat' dir='ltr'><strong>scire</strong></span> <span class='ocrx_word' id='word_1_415' title='bbox 835 3205 1003 3269; x_wconf 88' lang='lat' dir='ltr'><strong>potuerunt,</strong></span> 
     </span>
     <span class='ocr_line' id='line_1_59' title="bbox 155 3284 1004 3357; baseline 0.004 -16"><span class='ocrx_word' id='word_1_416' title='bbox 155 3289 255 3348; x_wconf 86' lang='lat' dir='ltr'><strong>Deum,</strong></span> <span class='ocrx_word' id='word_1_417' title='bbox 269 3286 320 3357; x_wconf 93' lang='lat' dir='ltr'><strong>qui</strong></span> <span class='ocrx_word' id='word_1_418' title='bbox 334 3285 420 3339; x_wconf 89' lang='lat' dir='ltr'><strong>tantis</strong></span> <span class='ocrx_word' id='word_1_419' title='bbox 435 3284 575 3339; x_wconf 81' lang='lat' dir='ltr'><strong>tumulum</strong></span> <span class='ocrx_word' id='word_1_420' title='bbox 596 3301 679 3339; x_wconf 89' lang='lat' dir='ltr'><strong>suum</strong></span> <span class='ocrx_word' id='word_1_421' title='bbox 695 3286 835 3356; x_wconf 81' lang='lat' dir='ltr'><strong>glorificat</strong></span> <span class='ocrx_word' id='word_1_422' title='bbox 849 3289 1004 3356; x_wconf 91' lang='lat' dir='ltr'><strong>miraculis,</strong></span> 
     </span>
     <span class='ocr_line' id='line_1_60' title="bbox 154 3373 1003 3450; baseline 0.006 -23"><span class='ocrx_word' id='word_1_423' title='bbox 154 3375 184 3427; x_wconf 93' lang='lat' dir='ltr'><strong>in</strong></span> <span class='ocrx_word' id='word_1_424' title='bbox 198 3375 293 3445; x_wconf 83' lang='lat' dir='ltr'><strong>ymnis</strong></span> <span class='ocrx_word' id='word_1_425' title='bbox 307 3379 336 3428; x_wconf 86' lang='lat' dir='ltr'><strong>et</strong></span> <span class='ocrx_word' id='word_1_426' title='bbox 368 3373 510 3437; x_wconf 89' lang='lat' dir='ltr'><strong>laudibus,</strong></span> <span class='ocrx_word' id='word_1_427' title='bbox 536 3374 682 3444; x_wconf 88' lang='lat' dir='ltr'><strong>campanis</strong></span> <span class='ocrx_word' id='word_1_428' title='bbox 706 3375 792 3429; x_wconf 89' lang='lat' dir='ltr'><strong>etiem</strong></span> <span class='ocrx_word' id='word_1_429' title='bbox 807 3377 1003 3450; x_wconf 89' lang='lat' dir='ltr'><strong>concrepanti-</strong></span> 
     </span>
     <span class='ocr_line' id='line_1_61' title="bbox 155 3460 649 3530; baseline 0 -13"><span class='ocrx_word' id='word_1_430' title='bbox 155 3463 217 3530; x_wconf 89' lang='lat' dir='ltr'><strong>bus,</strong></span> <span class='ocrx_word' id='word_1_431' title='bbox 236 3461 417 3516; x_wconf 84' lang='lat' dir='ltr'><strong>devotissime</strong></span> <span class='ocrx_word' id='word_1_432' title='bbox 432 3460 649 3517; x_wconf 83' lang='lat' dir='ltr'><strong>benedixerunt.</strong></span> 
     </span>
    </p>

    <p class='ocr_par' dir='ltr' id='par_1_19' title="bbox 151 3548 1004 4235">
     <span class='ocr_line' id='line_1_62' title="bbox 191 3548 1003 3621; baseline 0.007 -17"><span class='ocrx_word' id='word_1_433' title='bbox 191 3552 233 3604; x_wconf 77' lang='lat' dir='ltr'><strong>ll.</strong></span> <span class='ocrx_word' id='word_1_434' title='bbox 266 3549 386 3614; x_wconf 83' lang='lat' dir='ltr'><strong>Quidam</strong></span> <span class='ocrx_word' id='word_1_435' title='bbox 408 3549 438 3604; x_wconf 92' lang='lat' dir='ltr'><strong>in</strong></span> <span class='ocrx_word' id='word_1_436' title='bbox 460 3548 618 3621; x_wconf 76' lang='lat' dir='ltr'><strong>Thuringia</strong></span> <span class='ocrx_word' id='word_1_437' title='bbox 637 3565 755 3606; x_wconf 88' lang='lat' dir='ltr'><strong>manum</strong></span> <span class='ocrx_word' id='word_1_438' title='bbox 771 3552 878 3608; x_wconf 90' lang='lat' dir='ltr'><strong>habens</strong></span> <span class='ocrx_word' id='word_1_439' title='bbox 892 3555 1003 3609; x_wconf 87' lang='lat' dir='ltr'><strong>aridam</strong></span> 
     </span>
     <span class='ocr_line' id='line_1_63' title="bbox 153 3636 1004 3707; baseline 0.007 -15"><span class='ocrx_word' id='word_1_440' title='bbox 153 3637 291 3707; x_wconf 87' lang='lat' dir='ltr'><strong>omnique</strong></span> <span class='ocrx_word' id='word_1_441' title='bbox 313 3637 407 3707; x_wconf 90' lang='lat' dir='ltr'><strong>operis</strong></span> <span class='ocrx_word' id='word_1_442' title='bbox 432 3636 526 3692; x_wconf 79' lang='lat' dir='ltr'><strong>allicio</strong></span> <span class='ocrx_word' id='word_1_443' title='bbox 552 3637 704 3707; x_wconf 84' lang='lat' dir='ltr'><strong>privatam,</strong></span> <span class='ocrx_word' id='word_1_444' title='bbox 729 3656 794 3695; x_wconf 88' lang='lat' dir='ltr'><strong>cum</strong></span> <span class='ocrx_word' id='word_1_445' title='bbox 818 3658 846 3696; x_wconf 91' lang='lat' dir='ltr'><strong>se</strong></span> <span class='ocrx_word' id='word_1_446' title='bbox 868 3644 902 3697; x_wconf 90' lang='lat' dir='ltr'><strong>ad</strong></span> <span class='ocrx_word' id='word_1_447' title='bbox 927 3644 1004 3698; x_wconf 86' lang='lat' dir='ltr'><strong>beati</strong></span> 
     </span>
     <span class='ocr_line' id='line_1_64' title="bbox 154 3725 1001 3798; baseline 0.006 -18"><span class='ocrx_word' id='word_1_448' title='bbox 154 3725 319 3781; x_wconf 86' lang='lat' dir='ltr'><strong>Bernwardi</strong></span> <span class='ocrx_word' id='word_1_449' title='bbox 333 3726 503 3781; x_wconf 87' lang='lat' dir='ltr'><strong>memoriam</strong></span> <span class='ocrx_word' id='word_1_450' title='bbox 528 3742 593 3780; x_wconf 89' lang='lat' dir='ltr'><strong>eum</strong></span> <span class='ocrx_word' id='word_1_451' title='bbox 614 3726 805 3783; x_wconf 81' lang='lat' dir='ltr'><strong>oblationibus</strong></span> <span class='ocrx_word' id='word_1_452' title='bbox 820 3730 861 3785; x_wconf 90' lang='lat' dir='ltr'><strong>ire</strong></span> <span class='ocrx_word' id='word_1_453' title='bbox 871 3733 1001 3798; x_wconf 84' lang='lat' dir='ltr'><strong>vovisset,</strong></span> 
     </span>
     <span class='ocr_line' id='line_1_65' title="bbox 153 3813 1002 3889; baseline 0.006 -21"><span class='ocrx_word' id='word_1_454' title='bbox 153 3814 178 3868; x_wconf 90' lang='lat' dir='ltr'><strong>si</strong></span> <span class='ocrx_word' id='word_1_455' title='bbox 205 3813 315 3868; x_wconf 88' lang='lat' dir='ltr'><strong>meritis</strong></span> <span class='ocrx_word' id='word_1_456' title='bbox 337 3814 415 3868; x_wconf 90' lang='lat' dir='ltr'><strong>illius</strong></span> <span class='ocrx_word' id='word_1_457' title='bbox 442 3815 595 3869; x_wconf 85' lang='lat' dir='ltr'><strong>sanitatem</strong></span> <span class='ocrx_word' id='word_1_458' title='bbox 624 3818 759 3888; x_wconf 87' lang='lat' dir='ltr'><strong>consequi</strong></span> <span class='ocrx_word' id='word_1_459' title='bbox 787 3820 1002 3889; x_wconf 88' lang='lat' dir='ltr'><strong>promeruisset,</strong></span> 
     </span>
     <span class='ocr_line' id='line_1_66' title="bbox 152 3901 1002 3977; baseline 0.009 -21"><span class='ocrx_word' id='word_1_460' title='bbox 152 3901 302 3972; x_wconf 88' lang='lat' dir='ltr'><strong>inopinata</strong></span> <span class='ocrx_word' id='word_1_461' title='bbox 327 3902 472 3958; x_wconf 88' lang='lat' dir='ltr'><strong>eeleritate</strong></span> <span class='ocrx_word' id='word_1_462' title='bbox 498 3904 576 3974; x_wconf 92' lang='lat' dir='ltr'><strong>quod</strong></span> <span class='ocrx_word' id='word_1_463' title='bbox 599 3907 1002 3977; x_wconf 84' lang='lat' dir='ltr'><strong>optaveratadeplusest.llle</strong></span> 
     </span>
     <span class='ocr_line' id='line_1_67' title="bbox 152 3991 1001 4067; baseline 0.008 -23"><span class='ocrx_word' id='word_1_464' title='bbox 152 3997 249 4045; x_wconf 89' lang='lat' dir='ltr'><strong>eutem</strong></span> <span class='ocrx_word' id='word_1_465' title='bbox 268 3994 377 4045; x_wconf 86' lang='lat' dir='ltr'><strong>tantam</strong></span> <span class='ocrx_word' id='word_1_466' title='bbox 400 3991 523 4062; x_wconf 83' lang='lat' dir='ltr'><strong>gratiam</strong></span> <span class='ocrx_word' id='word_1_467' title='bbox 537 3991 756 4062; x_wconf 86' lang='lat' dir='ltr'><strong>parvipendens,</strong></span> <span class='ocrx_word' id='word_1_468' title='bbox 771 3999 800 4048; x_wconf 87' lang='lat' dir='ltr'><strong>el</strong></span> <span class='ocrx_word' id='word_1_469' title='bbox 813 4000 910 4049; x_wconf 89' lang='lat' dir='ltr'><strong>votum</strong></span> <span class='ocrx_word' id='word_1_470' title='bbox 924 3999 1001 4067; x_wconf 91' lang='lat' dir='ltr'><strong>quod</strong></span> 
     </span>
     <span class='ocr_line' id='line_1_68' title="bbox 151 4078 1001 4154; baseline 0.004 -20"><span class='ocrx_word' id='word_1_471' title='bbox 151 4079 258 4134; x_wconf 79' lang='lat' dir='ltr'><strong>iecerat</strong></span> <span class='ocrx_word' id='word_1_472' title='bbox 270 4078 389 4147; x_wconf 91' lang='lat' dir='ltr'><strong>implere</strong></span> <span class='ocrx_word' id='word_1_473' title='bbox 403 4078 597 4147; x_wconf 88' lang='lat' dir='ltr'><strong>dissimulans,</strong></span> <span class='ocrx_word' id='word_1_474' title='bbox 615 4080 743 4149; x_wconf 83' lang='lat' dir='ltr'><strong>ejusdem</strong></span> <span class='ocrx_word' id='word_1_475' title='bbox 759 4096 860 4134; x_wconf 80' lang='lat' dir='ltr'><strong>maniis</strong></span> <span class='ocrx_word' id='word_1_476' title='bbox 875 4082 1001 4154; x_wconf 84' lang='lat' dir='ltr'><strong>itemque</strong></span> 
     </span>
     <span class='ocr_line' id='line_1_69' title="bbox 153 4166 1000 4235; baseline 0.005 -14"><span class='ocrx_word' id='word_1_477' title='bbox 153 4166 263 4221; x_wconf 90' lang='lat' dir='ltr'><strong>brachii</strong></span> <span class='ocrx_word' id='word_1_478' title='bbox 289 4167 374 4220; x_wconf 88' lang='lat' dir='ltr'><strong>simul</strong></span> <span class='ocrx_word' id='word_1_479' title='bbox 402 4166 546 4221; x_wconf 88' lang='lat' dir='ltr'><strong>debilitate</strong></span> <span class='ocrx_word' id='word_1_480' title='bbox 570 4167 707 4221; x_wconf 85' lang='lat' dir='ltr'><strong>multatus</strong></span> <span class='ocrx_word' id='word_1_481' title='bbox 730 4172 781 4222; x_wconf 89' lang='lat' dir='ltr'><strong>est.</strong></span> <span class='ocrx_word' id='word_1_482' title='bbox 810 4169 875 4235; x_wconf 86' lang='lat' dir='ltr'><strong>Qui,</strong></span> <span class='ocrx_word' id='word_1_483' title='bbox 910 4170 1000 4226; x_wconf 91' lang='lat' dir='ltr'><strong>nimio</strong></span> 
     </span>
    </p>
   </div>
   <div class='ocr_carea' id='block_1_15' title="bbox 1056 3021 1905 4160">
    <p class='ocr_par' dir='ltr' id='par_1_20' title="bbox 1058 3021 1903 3449">
     <span class='ocr_line' id='line_1_70' title="bbox 1062 3021 1903 3094; baseline -0.005 -16"><span class='ocrx_word' id='word_1_484' title='bbox 1062 3024 1280 3085; x_wconf 77' lang='lat' dir='ltr'><strong>bawariensis,</strong></span> <span class='ocrx_word' id='word_1_485' title='bbox 1307 3028 1349 3077; x_wconf 90' lang='lat' dir='ltr'><strong>set</strong></span> <span class='ocrx_word' id='word_1_486' title='bbox 1373 3025 1448 3093; x_wconf 87' lang='lat' dir='ltr'><strong>apud</strong></span> <span class='ocrx_word' id='word_1_487' title='bbox 1475 3041 1554 3077; x_wconf 89' lang='lat' dir='ltr'><strong>nose</strong></span> <span class='ocrx_word' id='word_1_488' title='bbox 1578 3022 1679 3094; x_wconf 89' lang='lat' dir='ltr'><strong>primis</strong></span> <span class='ocrx_word' id='word_1_489' title='bbox 1694 3023 1757 3077; x_wconf 85' lang='lat' dir='ltr'><strong>lore</strong></span> <span class='ocrx_word' id='word_1_490' title='bbox 1780 3023 1862 3076; x_wconf 89' lang='lat' dir='ltr'><strong>annis</strong></span> <span class='ocrx_word' id='word_1_491' title='bbox 1879 3021 1903 3074; x_wconf 91' lang='lat' dir='ltr'><strong>in</strong></span> 
     </span>
     <span class='ocr_line' id='line_1_71' title="bbox 1059 3111 1902 3182; baseline -0.002 -16"><span class='ocrx_word' id='word_1_492' title='bbox 1059 3113 1121 3167; x_wconf 84' lang='lat' dir='ltr'><strong>vico</strong></span> <span class='ocrx_word' id='word_1_493' title='bbox 1148 3113 1275 3167; x_wconf 89' lang='lat' dir='ltr'><strong>Tosseim</strong></span> <span class='ocrx_word' id='word_1_494' title='bbox 1313 3115 1369 3179; x_wconf 79' lang='lat'>(69)</span> <span class='ocrx_word' id='word_1_495' title='bbox 1402 3117 1578 3177; x_wconf 89' lang='lat' dir='ltr'><strong>conversata,</strong></span> <span class='ocrx_word' id='word_1_496' title='bbox 1608 3111 1738 3181; x_wconf 78' lang='lat' dir='ltr'><strong>religiosi</strong></span> <span class='ocrx_word' id='word_1_497' title='bbox 1762 3111 1902 3182; x_wconf 84' lang='lat' dir='ltr'><strong>eujusdam</strong></span> 
     </span>
     <span class='ocr_line' id='line_1_72' title="bbox 1058 3199 1903 3267; baseline -0.001 -12"><span class='ocrx_word' id='word_1_498' title='bbox 1058 3202 1112 3255; x_wconf 80' lang='lat' dir='ltr'><strong>siri</strong></span> <span class='ocrx_word' id='word_1_499' title='bbox 1128 3199 1163 3236; x_wconf 78' lang='lat'><strong>¹³¹</strong></span> <span class='ocrx_word' id='word_1_500' title='bbox 1189 3206 1346 3255; x_wconf 87' lang='lat' dir='ltr'><strong>sustentata</strong></span> <span class='ocrx_word' id='word_1_501' title='bbox 1374 3201 1547 3267; x_wconf 83' lang='lat' dir='ltr'><strong>elemosinis,</strong></span> <span class='ocrx_word' id='word_1_502' title='bbox 1572 3216 1691 3254; x_wconf 90' lang='lat' dir='ltr'><strong>manum</strong></span> <span class='ocrx_word' id='word_1_503' title='bbox 1716 3200 1903 3255; x_wconf 88' lang='lat' dir='ltr'><strong>habensoon·</strong></span> 
     </span>
     <span class='ocr_line' id='line_1_73' title="bbox 1058 3289 1903 3362; baseline 0 -19"><span class='ocrx_word' id='word_1_504' title='bbox 1058 3294 1189 3357; x_wconf 84' lang='lat' dir='ltr'><strong>tractam,</strong></span> <span class='ocrx_word' id='word_1_505' title='bbox 1218 3290 1296 3344; x_wconf 84' lang='lat' dir='ltr'><strong>venit</strong></span> <span class='ocrx_word' id='word_1_506' title='bbox 1324 3290 1359 3345; x_wconf 93' lang='lat' dir='ltr'><strong>ad</strong></span> <span class='ocrx_word' id='word_1_507' title='bbox 1388 3290 1463 3345; x_wconf 85' lang='lat' dir='ltr'><strong>beati</strong></span> <span class='ocrx_word' id='word_1_508' title='bbox 1491 3289 1903 3362; x_wconf 81' lang='lat' dir='ltr'><strong>Bernwerditumham3qnam</strong></span> 
     </span>
     <span class='ocr_line' id='line_1_74' title="bbox 1059 3378 1830 3449; baseline 0.003 -17"><span class='ocrx_word' id='word_1_509' title='bbox 1059 3394 1125 3432; x_wconf 83' lang='lat' dir='ltr'><strong>mor</strong></span> <span class='ocrx_word' id='word_1_510' title='bbox 1141 3384 1171 3432; x_wconf 92' lang='lat' dir='ltr'><strong>ut</strong></span> <span class='ocrx_word' id='word_1_511' title='bbox 1183 3378 1288 3449; x_wconf 77' lang='lat' dir='ltr'><strong>attigit,</strong></span> <span class='ocrx_word' id='word_1_512' title='bbox 1303 3385 1409 3449; x_wconf 80' lang='lat' dir='ltr'><strong>optatas</strong></span> <span class='ocrx_word' id='word_1_513' title='bbox 1423 3379 1522 3433; x_wconf 86' lang='lat' dir='ltr'><strong>salutis</strong></span> <span class='ocrx_word' id='word_1_514' title='bbox 1536 3378 1694 3433; x_wconf 88' lang='lat' dir='ltr'><strong>remedium</strong></span> <span class='ocrx_word' id='word_1_515' title='bbox 1708 3378 1830 3434; x_wconf 82' lang='lat' dir='ltr'><strong>invenit.</strong></span> 
     </span>
    </p>

    <p class='ocr_par' dir='ltr' id='par_1_21' title="bbox 1056 3467 1905 4160">
     <span class='ocr_line' id='line_1_75' title="bbox 1096 3467 1905 3539; baseline -0.002 -16"><span class='ocrx_word' id='word_1_516' title='bbox 1096 3471 1136 3523; x_wconf 78' lang='lat' dir='ltr'><strong>ts.</strong></span> <span class='ocrx_word' id='word_1_517' title='bbox 1152 3467 1215 3522; x_wconf 84' lang='lat' dir='ltr'><strong>Fuit</strong></span> <span class='ocrx_word' id='word_1_518' title='bbox 1228 3482 1343 3539; x_wconf 91' lang='lat' dir='ltr'><strong>quoqne</strong></span> <span class='ocrx_word' id='word_1_519' title='bbox 1361 3468 1468 3522; x_wconf 83' lang='lat' dir='ltr'><strong>Bremis</strong></span> <span class='ocrx_word' id='word_1_520' title='bbox 1492 3467 1595 3522; x_wconf 90' lang='lat' dir='ltr'><strong>mulier</strong></span> <span class='ocrx_word' id='word_1_521' title='bbox 1610 3467 1738 3537; x_wconf 86' lang='lat' dir='ltr'><strong>quedam</strong></span> <span class='ocrx_word' id='word_1_522' title='bbox 1757 3483 1817 3522; x_wconf 91' lang='lat' dir='ltr'><strong>non</strong></span> <span class='ocrx_word' id='word_1_523' title='bbox 1831 3468 1905 3538; x_wconf 76' lang='lat' dir='ltr'><strong>igno</strong></span> 
     </span>
     <span class='ocr_line' id='line_1_76' title="bbox 1057 3555 1905 3626; baseline 0.001 -17"><span class='ocrx_word' id='word_1_524' title='bbox 1057 3561 1093 3609; x_wconf 80' lang='lat' dir='ltr'><strong>lae</strong></span> <span class='ocrx_word' id='word_1_525' title='bbox 1109 3556 1186 3609; x_wconf 85' lang='lat' dir='ltr'><strong>iuter</strong></span> <span class='ocrx_word' id='word_1_526' title='bbox 1209 3571 1276 3609; x_wconf 89' lang='lat' dir='ltr'><strong>suos</strong></span> <span class='ocrx_word' id='word_1_527' title='bbox 1299 3556 1458 3626; x_wconf 86' lang='lat' dir='ltr'><strong>opinionis;</strong></span> <span class='ocrx_word' id='word_1_528' title='bbox 1483 3557 1563 3625; x_wconf 81' lang='lat' dir='ltr'><strong>cujus</strong></span> <span class='ocrx_word' id='word_1_529' title='bbox 1587 3555 1672 3608; x_wconf 84' lang='lat' dir='ltr'><strong>facies</strong></span> <span class='ocrx_word' id='word_1_530' title='bbox 1699 3556 1805 3610; x_wconf 88' lang='lat' dir='ltr'><strong>morbo</strong></span> <span class='ocrx_word' id='word_1_531' title='bbox 1821 3556 1905 3626; x_wconf 79' lang='lat' dir='ltr'><strong>ingre</strong></span> 
     </span>
     <span class='ocr_line' id='line_1_77' title="bbox 1057 3644 1904 3711; baseline 0.002 -15"><span class='ocrx_word' id='word_1_532' title='bbox 1057 3649 1188 3700; x_wconf 82' lang='lat' dir='ltr'><strong>sescento</strong></span> <span class='ocrx_word' id='word_1_533' title='bbox 1213 3644 1283 3698; x_wconf 87' lang='lat' dir='ltr'><strong>adeo</strong></span> <span class='ocrx_word' id='word_1_534' title='bbox 1310 3645 1498 3711; x_wconf 87' lang='lat' dir='ltr'><strong>intumuerat,</strong></span> <span class='ocrx_word' id='word_1_535' title='bbox 1524 3644 1680 3699; x_wconf 91' lang='lat' dir='ltr'><strong>utnarium</strong></span> <span class='ocrx_word' id='word_1_536' title='bbox 1704 3650 1734 3698; x_wconf 91' lang='lat' dir='ltr'><strong>et</strong></span> <span class='ocrx_word' id='word_1_537' title='bbox 1760 3647 1904 3699; x_wconf 89' lang='lat' dir='ltr'><strong>oculorum</strong></span> 
     </span>
     <span class='ocr_line' id='line_1_78' title="bbox 1056 3732 1904 3806; baseline 0 -19"><span class='ocrx_word' id='word_1_538' title='bbox 1056 3732 1258 3788; x_wconf 88' lang='lat' dir='ltr'><strong>discretionem</strong></span> <span class='ocrx_word' id='word_1_539' title='bbox 1277 3749 1351 3804; x_wconf 92' lang='lat' dir='ltr'><strong>pene</strong></span> <span class='ocrx_word' id='word_1_540' title='bbox 1376 3733 1507 3787; x_wconf 83' lang='lat' dir='ltr'><strong>funditus</strong></span> <span class='ocrx_word' id='word_1_541' title='bbox 1523 3732 1682 3787; x_wconf 87' lang='lat' dir='ltr'><strong>ademisset.</strong></span> <span class='ocrx_word' id='word_1_542' title='bbox 1699 3733 1835 3806; x_wconf 87' lang='lat' dir='ltr'><strong>Cumque</strong></span> <span class='ocrx_word' id='word_1_543' title='bbox 1850 3733 1904 3787; x_wconf 87' lang='lat' dir='ltr'><strong>noti</strong></span> 
     </span>
     <span class='ocr_line' id='line_1_79' title="bbox 1057 3821 1905 3892; baseline 0 -17"><span class='ocrx_word' id='word_1_544' title='bbox 1057 3821 1119 3891; x_wconf 88' lang='lat' dir='ltr'><strong>ejus</strong></span> <span class='ocrx_word' id='word_1_545' title='bbox 1142 3821 1219 3876; x_wconf 87' lang='lat' dir='ltr'><strong>beati</strong></span> <span class='ocrx_word' id='word_1_546' title='bbox 1245 3821 1389 3892; x_wconf 86' lang='lat' dir='ltr'><strong>pontilicis</strong></span> <span class='ocrx_word' id='word_1_547' title='bbox 1419 3821 1577 3876; x_wconf 83' lang='lat' dir='ltr'><strong>Berrrwardi</strong></span> <span class='ocrx_word' id='word_1_548' title='bbox 1599 3822 1832 3890; x_wconf 84' lang='lat' dir='ltr'><strong>compassionem</strong></span> <span class='ocrx_word' id='word_1_549' title='bbox 1860 3823 1905 3877; x_wconf 89' lang='lat' dir='ltr'><strong>im·</strong></span> 
     </span>
     <span class='ocr_line' id='line_1_80' title="bbox 1056 3895 1904 3980; baseline -0.001 -18"><span class='ocrx_word' id='word_1_550' title='bbox 1056 3895 1219 3979; x_wconf 88' lang='lat' dir='ltr'><strong>plorassent</strong></span> <span class='ocrx_word' id='word_1_551' title='bbox 1233 3910 1449 3980; x_wconf 88' lang='lat' dir='ltr'><strong>supernimiam</strong></span> <span class='ocrx_word' id='word_1_552' title='bbox 1466 3909 1544 3963; x_wconf 90' lang='lat' dir='ltr'><strong>illins</strong></span> <span class='ocrx_word' id='word_1_553' title='bbox 1556 3908 1757 3977; x_wconf 78' lang='lat' dir='ltr'><strong>afflictionem,</strong></span> <span class='ocrx_word' id='word_1_554' title='bbox 1775 3917 1904 3965; x_wconf 81' lang='lat' dir='ltr'><strong>voventes</strong></span> 
     </span>
     <span class='ocr_line' id='line_1_81' title="bbox 1057 3997 1903 4068; baseline 0.002 -17"><span class='ocrx_word' id='word_1_555' title='bbox 1057 4015 1120 4052; x_wconf 90' lang='lat' dir='ltr'><strong>eam</strong></span> <span class='ocrx_word' id='word_1_556' title='bbox 1149 3999 1332 4068; x_wconf 89' lang='lat' dir='ltr'><strong>sepulchrum</strong></span> <span class='ocrx_word' id='word_1_557' title='bbox 1365 3999 1443 4052; x_wconf 91' lang='lat' dir='ltr'><strong>illius</strong></span> <span class='ocrx_word' id='word_1_558' title='bbox 1480 3998 1668 4060; x_wconf 81' lang='lat' dir='ltr'><strong>visitaturam.</strong></span> <span class='ocrx_word' id='word_1_559' title='bbox 1697 3997 1785 4052; x_wconf 91' lang='lat' dir='ltr'><strong>dolor</strong></span> <span class='ocrx_word' id='word_1_560' title='bbox 1815 4000 1903 4053; x_wconf 88' lang='lat' dir='ltr'><strong>statim</strong></span> 
     </span>
     <span class='ocr_line' id='line_1_82' title="bbox 1056 4085 1903 4160; baseline 0 -20"><span class='ocrx_word' id='word_1_561' title='bbox 1056 4087 1185 4151; x_wconf 84' lang='lat' dir='ltr'><strong>cessavit,</strong></span> <span class='ocrx_word' id='word_1_562' title='bbox 1228 4091 1257 4140; x_wconf 88' lang='lat' dir='ltr'><strong>et</strong></span> <span class='ocrx_word' id='word_1_563' title='bbox 1289 4085 1436 4157; x_wconf 89' lang='lat' dir='ltr'><strong>inopinata</strong></span> <span class='ocrx_word' id='word_1_564' title='bbox 1471 4086 1613 4140; x_wconf 85' lang='lat' dir='ltr'><strong>celeritate</strong></span> <span class='ocrx_word' id='word_1_565' title='bbox 1640 4085 1752 4141; x_wconf 85' lang='lat' dir='ltr'><strong>sanitas</strong></span> <span class='ocrx_word' id='word_1_566' title='bbox 1786 4087 1903 4160; x_wconf 87' lang='lat' dir='ltr'><strong>pristina</strong></span> 
     </span>
    </p>
   </div>
   <div class='ocr_carea' id='block_1_16' title="bbox 1014 4175 1151 4264">
    <p class='ocr_par' dir='ltr' id='par_1_22' title="bbox 1014 4175 1151 4264">
     <span class='ocr_line' id='line_1_83' title="bbox 1014 4175 1151 4264; baseline 0.007 -36"><span class='ocrx_word' id='word_1_567' title='bbox 1014 4210 1035 4264; x_wconf 71' lang='lat' dir='ltr'>D</span> <span class='ocrx_word' id='word_1_568' title='bbox 1054 4175 1151 4229; x_wconf 86' lang='lat' dir='ltr'><strong>rediit.</strong></span> 
     </span>
    </p>
   </div>
   <div class='ocr_carea' id='block_1_17' title="bbox 151 4254 1905 4687">
    <p class='ocr_par' dir='ltr' id='par_1_23' title="bbox 151 4254 1905 4687">
     <span class='ocr_line' id='line_1_84' title="bbox 153 4254 1903 4333; baseline 0.007 -27"><span class='ocrx_word' id='word_1_569' title='bbox 153 4254 251 4307; x_wconf 83' lang='lat' dir='ltr'><strong>dolore</strong></span> <span class='ocrx_word' id='word_1_570' title='bbox 266 4258 396 4324; x_wconf 81' lang='lat' dir='ltr'><strong>cogente,</strong></span> <span class='ocrx_word' id='word_1_571' title='bbox 412 4254 478 4308; x_wconf 89' lang='lat' dir='ltr'><strong>licet</strong></span> <span class='ocrx_word' id='word_1_572' title='bbox 492 4271 556 4309; x_wconf 89' lang='lat' dir='ltr'><strong>sero</strong></span> <span class='ocrx_word' id='word_1_573' title='bbox 570 4255 598 4308; x_wconf 92' lang='lat' dir='ltr'><strong>in</strong></span> <span class='ocrx_word' id='word_1_574' title='bbox 612 4271 642 4308; x_wconf 90' lang='lat' dir='ltr'><strong>se</strong></span> <span class='ocrx_word' id='word_1_575' title='bbox 664 4271 804 4324; x_wconf 80' lang='lat' dir='ltr'><strong>resersus,</strong></span> <span class='ocrx_word' id='word_1_576' title='bbox 831 4263 860 4312; x_wconf 89' lang='lat' dir='ltr'><strong>et</strong></span> <span class='ocrx_word' id='word_1_577' title='bbox 873 4274 924 4312; x_wconf 91' lang='lat' dir='ltr'><strong>cur</strong></span> <span class='ocrx_word' id='word_1_578' title='bbox 947 4260 1001 4315; x_wconf 88' lang='lat' dir='ltr'><strong>hoc</strong></span> <span class='ocrx_word' id='word_1_579' title='bbox 1093 4266 1136 4318; x_wconf 77' lang='lat' dir='ltr'><strong>ll).</strong></span> <span class='ocrx_word' id='word_1_580' title='bbox 1155 4263 1218 4317; x_wconf 81' lang='lat' dir='ltr'><strong>l&#39;nit</strong></span> <span class='ocrx_word' id='word_1_581' title='bbox 1236 4261 1307 4316; x_wconf 91' lang='lat' dir='ltr'><strong>item</strong></span> <span class='ocrx_word' id='word_1_582' title='bbox 1323 4261 1352 4316; x_wconf 91' lang='lat' dir='ltr'><strong>in</strong></span> <span class='ocrx_word' id='word_1_583' title='bbox 1368 4263 1518 4333; x_wconf 80' lang='lat' dir='ltr'><strong>Nitelogon</strong></span> <span class='ocrx_word' id='word_1_584' title='bbox 1535 4265 1603 4332; x_wconf 78' lang='grc'>(70),</span> <span class='ocrx_word' id='word_1_585' title='bbox 1624 4262 1673 4333; x_wconf 92' lang='lat' dir='ltr'><strong>qui</strong></span> <span class='ocrx_word' id='word_1_586' title='bbox 1689 4264 1825 4319; x_wconf 83' lang='lat' dir='ltr'><strong>astricus</strong></span> <span class='ocrx_word' id='word_1_587' title='bbox 1839 4266 1903 4320; x_wconf 93' lang='lat' dir='ltr'><strong>duo·</strong></span> 
     </span>
     <span class='ocr_line' id='line_1_85' title="bbox 151 4341 1904 4421; baseline 0.011 -27"><span class='ocrx_word' id='word_1_588' title='bbox 151 4344 299 4409; x_wconf 89' lang='lat' dir='ltr'><strong>pateretur</strong></span> <span class='ocrx_word' id='word_1_589' title='bbox 313 4341 385 4395; x_wconf 89' lang='lat' dir='ltr'><strong>hant</strong></span> <span class='ocrx_word' id='word_1_590' title='bbox 413 4342 621 4412; x_wconf 79' lang='lat' dir='ltr'><strong>ignarus,cnm</strong></span> <span class='ocrx_word' id='word_1_591' title='bbox 646 4344 840 4400; x_wconf 82' lang='lat' dir='ltr'><strong>oblationibus</strong></span> <span class='ocrx_word' id='word_1_592' title='bbox 856 4347 1001 4417; x_wconf 88' lang='lat' dir='ltr'><strong>promissis</strong></span> <span class='ocrx_word' id='word_1_593' title='bbox 1055 4349 1109 4404; x_wconf 89' lang='lat' dir='ltr'><strong>bns</strong></span> <span class='ocrx_word' id='word_1_594' title='bbox 1134 4350 1293 4404; x_wconf 89' lang='lat' dir='ltr'><strong>miliaribus</strong></span> <span class='ocrx_word' id='word_1_595' title='bbox 1314 4350 1405 4421; x_wconf 77' lang='lat' dir='ltr'><strong>(illa</strong></span> <span class='ocrx_word' id='word_1_596' title='bbox 1432 4351 1545 4405; x_wconf 85' lang='lat' dir='ltr'><strong>civitate</strong></span> <span class='ocrx_word' id='word_1_597' title='bbox 1557 4351 1774 4407; x_wconf 85' lang='lat' dir='ltr'><strong>llildenesheirn</strong></span> <span class='ocrx_word' id='word_1_598' title='bbox 1786 4353 1904 4412; x_wconf 77' lang='lat' dir='ltr'><strong>distans,</strong></span> 
     </span>
     <span class='ocr_line' id='line_1_86' title="bbox 152 4428 1904 4513; baseline 0.008 -32"><span class='ocrx_word' id='word_1_599' title='bbox 152 4428 187 4482; x_wconf 91' lang='lat' dir='ltr'><strong>ad</strong></span> <span class='ocrx_word' id='word_1_600' title='bbox 203 4428 279 4482; x_wconf 86' lang='lat' dir='ltr'><strong>beati</strong></span> <span class='ocrx_word' id='word_1_601' title='bbox 297 4429 466 4484; x_wconf 85' lang='lat' dir='ltr'><strong>confessoris</strong></span> <span class='ocrx_word' id='word_1_602' title='bbox 480 4431 618 4486; x_wconf 82' lang='lat' dir='ltr'><strong>auritium</strong></span> <span class='ocrx_word' id='word_1_603' title='bbox 643 4431 831 4488; x_wconf 84' lang='lat' dir='ltr'><strong>invocandum</strong></span> <span class='ocrx_word' id='word_1_604' title='bbox 848 4436 889 4489; x_wconf 88' lang='lat' dir='ltr'><strong>ire</strong></span> <span class='ocrx_word' id='word_1_605' title='bbox 905 4437 999 4507; x_wconf 79' lang='lat' dir='ltr'><strong>cuspis,</strong></span> <span class='ocrx_word' id='word_1_606' title='bbox 1055 4439 1152 4509; x_wconf 88' lang='lat' dir='ltr'><strong>puella</strong></span> <span class='ocrx_word' id='word_1_607' title='bbox 1175 4439 1298 4509; x_wconf 88' lang='lat' dir='ltr'><strong>quedam</strong></span> <span class='ocrx_word' id='word_1_608' title='bbox 1324 4440 1364 4493; x_wconf 85' lang='lat' dir='ltr'><strong>ita</strong></span> <span class='ocrx_word' id='word_1_609' title='bbox 1391 4439 1510 4494; x_wconf 85' lang='lat' dir='ltr'><strong>dirersis</strong></span> <span class='ocrx_word' id='word_1_610' title='bbox 1525 4457 1576 4511; x_wconf 90' lang='lat' dir='ltr'><strong>per</strong></span> <span class='ocrx_word' id='word_1_611' title='bbox 1592 4440 1831 4511; x_wconf 89' lang='lat' dir='ltr'><strong>quinquennium</strong></span> <span class='ocrx_word' id='word_1_612' title='bbox 1846 4459 1904 4513; x_wconf 73' lang='lat' dir='ltr'><strong>pas</strong></span> 
     </span>
     <span class='ocr_line' id='line_1_87' title="bbox 152 4515 1904 4600; baseline 0.009 -31"><span class='ocrx_word' id='word_1_613' title='bbox 152 4515 340 4588; x_wconf 89' lang='lat' dir='ltr'><strong>nondumque</strong></span> <span class='ocrx_word' id='word_1_614' title='bbox 368 4525 483 4589; x_wconf 90' lang='lat' dir='ltr'><strong>peracto</strong></span> <span class='ocrx_word' id='word_1_615' title='bbox 504 4521 618 4600; x_wconf 72' lang='lat' dir='ltr'><strong>itinere,</strong></span> <span class='ocrx_word' id='word_1_616' title='bbox 653 4523 807 4593; x_wconf 84' lang='lat' dir='ltr'><strong>perfectam</strong></span> <span class='ocrx_word' id='word_1_617' title='bbox 834 4524 999 4593; x_wconf 84' lang='lat' dir='ltr'><strong>sospitatem</strong></span> <span class='ocrx_word' id='word_1_618' title='bbox 1055 4526 1184 4582; x_wconf 89' lang='lat' dir='ltr'><strong>sionibus</strong></span> <span class='ocrx_word' id='word_1_619' title='bbox 1205 4532 1234 4581; x_wconf 88' lang='lat' dir='ltr'><strong>et</strong></span> <span class='ocrx_word' id='word_1_620' title='bbox 1257 4527 1396 4581; x_wconf 91' lang='lat' dir='ltr'><strong>molestiis</strong></span> <span class='ocrx_word' id='word_1_621' title='bbox 1416 4529 1546 4599; x_wconf 88' lang='lat' dir='ltr'><strong>eorporis</strong></span> <span class='ocrx_word' id='word_1_622' title='bbox 1565 4529 1672 4595; x_wconf 87' lang='lat' dir='ltr'><strong>allecte,</strong></span> <span class='ocrx_word' id='word_1_623' title='bbox 1699 4530 1904 4585; x_wconf 86' lang='lat' dir='ltr'><strong>utnorissirne</strong></span> 
     </span>
     <span class='ocr_line' id='line_1_88' title="bbox 153 4604 1905 4687; baseline 0.009 -29"><span class='ocrx_word' id='word_1_624' title='bbox 153 4604 267 4676; x_wconf 80' lang='lat' dir='ltr'><strong>recepit.</strong></span> <span class='ocrx_word' id='word_1_625' title='bbox 286 4607 320 4660; x_wconf 93' lang='lat' dir='ltr'><strong>Ut</strong></span> <span class='ocrx_word' id='word_1_626' title='bbox 335 4623 403 4677; x_wconf 78' lang='lat' dir='ltr'><strong>ergo</strong></span> <span class='ocrx_word' id='word_1_627' title='bbox 418 4609 453 4661; x_wconf 89' lang='lat' dir='ltr'><strong>ad</strong></span> <span class='ocrx_word' id='word_1_628' title='bbox 479 4609 573 4664; x_wconf 89' lang='lat' dir='ltr'><strong>locum</strong></span> <span class='ocrx_word' id='word_1_629' title='bbox 593 4612 732 4680; x_wconf 86' lang='lat' dir='ltr'><strong>pervenit,</strong></span> <span class='ocrx_word' id='word_1_630' title='bbox 754 4611 802 4666; x_wconf 89' lang='lat' dir='ltr'><strong>ubi</strong></span> <span class='ocrx_word' id='word_1_631' title='bbox 823 4612 913 4666; x_wconf 87' lang='lat' dir='ltr'><strong>sancti</strong></span> <span class='ocrx_word' id='word_1_632' title='bbox 926 4630 1000 4683; x_wconf 87' lang='lat' dir='ltr'><strong>prae-</strong></span> <span class='ocrx_word' id='word_1_633' title='bbox 1054 4616 1148 4670; x_wconf 84' lang='lat' dir='ltr'><strong>nervis</strong></span> <span class='ocrx_word' id='word_1_634' title='bbox 1170 4621 1198 4670; x_wconf 89' lang='lat' dir='ltr'><strong>et</strong></span> <span class='ocrx_word' id='word_1_635' title='bbox 1223 4617 1360 4670; x_wconf 88' lang='lat' dir='ltr'><strong>membris</strong></span> <span class='ocrx_word' id='word_1_636' title='bbox 1387 4632 1461 4687; x_wconf 87' lang='lat' dir='ltr'><strong>pene</strong></span> <span class='ocrx_word' id='word_1_637' title='bbox 1484 4617 1617 4672; x_wconf 88' lang='lat' dir='ltr'><strong>omnihus</strong></span> <span class='ocrx_word' id='word_1_638' title='bbox 1636 4623 1796 4685; x_wconf 87' lang='lat' dir='ltr'><strong>contracta,</strong></span> <span class='ocrx_word' id='word_1_639' title='bbox 1812 4619 1905 4675; x_wconf 86' lang='lat' dir='ltr'><strong>etsihi</strong></span> 
     </span>
    </p>
   </div>
   <div class='ocr_carea' id='block_1_18' title="bbox 856 4772 1197 4832">
    <p class='ocr_par' dir='ltr' id='par_1_24' title="bbox 856 4772 1197 4832">
     <span class='ocr_line' id='line_1_89' title="bbox 856 4772 1197 4832; baseline 0.015 -7"><span class='ocrx_word' id='word_1_640' title='bbox 856 4772 972 4828; x_wconf 76' lang='lat' dir='ltr'><strong>VARlAE</strong></span> <span class='ocrx_word' id='word_1_641' title='bbox 998 4775 1197 4832; x_wconf 71' lang='lat' dir='ltr'><strong>merlonus.</strong></span> 
     </span>
    </p>
   </div>
   <div class='ocr_carea' id='block_1_19' title="bbox 186 4892 1906 4983">
    <p class='ocr_par' dir='ltr' id='par_1_25' title="bbox 186 4892 1906 4983">
     <span class='ocr_line' id='line_1_90' title="bbox 186 4892 1906 4983; baseline 0.013 -33"><span class='ocrx_word' id='word_1_642' title='bbox 186 4892 305 4966; x_wconf 51' lang='grc' dir='ltr'><strong>ΜΛ,</strong></span> <span class='ocrx_word' id='word_1_643' title='bbox 324 4897 489 4960; x_wconf 83' lang='lat' dir='ltr'><strong>5,uddunt:</strong></span> <span class='ocrx_word' id='word_1_644' title='bbox 520 4900 617 4972; x_wconf 84' lang='lat' dir='ltr'><strong>Neque</strong></span> <span class='ocrx_word' id='word_1_645' title='bbox 645 4902 700 4956; x_wconf 88' lang='lat' dir='ltr'><strong>hoe</strong></span> <span class='ocrx_word' id='word_1_646' title='bbox 718 4901 896 4956; x_wconf 85' lang='lat' dir='ltr'><strong>reticendum</strong></span> <span class='ocrx_word' id='word_1_647' title='bbox 923 4902 1044 4966; x_wconf 87' lang='lat' dir='ltr'><strong>videtur,</strong></span> <span class='ocrx_word' id='word_1_648' title='bbox 1070 4905 1138 4976; x_wconf 86' lang='lat' dir='ltr'><strong>qaia</strong></span> <span class='ocrx_word' id='word_1_649' title='bbox 1163 4906 1262 4976; x_wconf 90' lang='lat' dir='ltr'><strong>plures</strong></span> <span class='ocrx_word' id='word_1_650' title='bbox 1290 4908 1347 4963; x_wconf 82' lang='lat' dir='ltr'><strong>lieo</strong></span> <span class='ocrx_word' id='word_1_651' title='bbox 1379 4908 1484 4978; x_wconf 82' lang='lat' dir='ltr'><strong>devoti,</strong></span> <span class='ocrx_word' id='word_1_652' title='bbox 1512 4914 1571 4965; x_wconf 84' lang='lat' dir='ltr'><strong>tarn</strong></span> <span class='ocrx_word' id='word_1_653' title='bbox 1597 4911 1649 4965; x_wconf 89' lang='lat' dir='ltr'><strong>viri</strong></span> <span class='ocrx_word' id='word_1_654' title='bbox 1671 4928 1761 4982; x_wconf 86' lang='lat' dir='ltr'><strong>quam</strong></span> <span class='ocrx_word' id='word_1_655' title='bbox 1789 4917 1906 4983; x_wconf 79' lang='lat' dir='ltr'><strong>lemine,</strong></span> 
     </span>
    </p>
   </div>
   <div class='ocr_carea' id='block_1_20' title="bbox 150 4967 1907 5046">
    <p class='ocr_par' dir='ltr' id='par_1_26' title="bbox 150 4967 1907 5046">
     <span class='ocr_line' id='line_1_91' title="bbox 150 4967 1907 5046; baseline 0.013 -26"><span class='ocrx_word' id='word_1_656' title='bbox 150 4972 290 5021; x_wconf 83' lang='lat' dir='ltr'><strong>nocturne</strong></span> <span class='ocrx_word' id='word_1_657' title='bbox 305 4967 410 5037; x_wconf 89' lang='lat' dir='ltr'><strong>quietis</strong></span> <span class='ocrx_word' id='word_1_658' title='bbox 425 4976 555 5038; x_wconf 85' lang='lat' dir='ltr'><strong>tempore</strong></span> <span class='ocrx_word' id='word_1_659' title='bbox 574 4971 611 5024; x_wconf 90' lang='lat' dir='ltr'><strong>ed</strong></span> <span class='ocrx_word' id='word_1_660' title='bbox 639 4973 824 5043; x_wconf 89' lang='lat' dir='ltr'><strong>sepulchrum</strong></span> <span class='ocrx_word' id='word_1_661' title='bbox 840 4973 914 5027; x_wconf 91' lang='lat' dir='ltr'><strong>beati</strong></span> <span class='ocrx_word' id='word_1_662' title='bbox 931 4974 1053 5043; x_wconf 89' lang='lat' dir='ltr'><strong>presulis</strong></span> <span class='ocrx_word' id='word_1_663' title='bbox 1067 4977 1227 5046; x_wconf 83' lang='lat' dir='ltr'><strong>psalmodia</strong></span> <span class='ocrx_word' id='word_1_664' title='bbox 1243 4984 1342 5032; x_wconf 82' lang='lat' dir='ltr'><strong>centris</strong></span> <span class='ocrx_word' id='word_1_665' title='bbox 1357 4996 1386 5033; x_wconf 85' lang='lat' dir='ltr'><strong>se</strong></span> <span class='ocrx_word' id='word_1_666' title='bbox 1411 4981 1524 5035; x_wconf 90' lang='lat' dir='ltr'><strong>audisse</strong></span> <span class='ocrx_word' id='word_1_667' title='bbox 1537 4989 1566 5036; x_wconf 91' lang='lat' dir='ltr'><strong>et</strong></span> <span class='ocrx_word' id='word_1_668' title='bbox 1589 4982 1746 5039; x_wconf 82' lang='lat' dir='ltr'><strong>luminaria</strong></span> <span class='ocrx_word' id='word_1_669' title='bbox 1767 4987 1907 5043; x_wconf 82' lang='lat' dir='ltr'><strong>divinitus</strong></span> 
     </span>
    </p>
   </div>
   <div class='ocr_carea' id='block_1_21' title="bbox 150 5038 1905 5167">
    <p class='ocr_par' dir='ltr' id='par_1_27' title="bbox 150 5038 1905 5167">
     <span class='ocr_line' id='line_1_92' title="bbox 150 5038 1905 5167; baseline 0.014 -77"><span class='ocrx_word' id='word_1_670' title='bbox 150 5038 442 5164; x_wconf 41' lang='lat' dir='ltr'><strong>qaqcehqskqerqiidqssqet</strong></span> <span class='ocrx_word' id='word_1_671' title='bbox 458 5041 653 5167; x_wconf 57' lang='lat' dir='ltr'><strong>qqqrtqdoris</strong></span> <span class='ocrx_word' id='word_1_672' title='bbox 680 5044 867 5114; x_wconf 82' lang='lat' dir='ltr'><strong>fraglenciam</strong></span> <span class='ocrx_word' id='word_1_673' title='bbox 892 5044 1022 5110; x_wconf 88' lang='lat' dir='ltr'><strong>sensisse,</strong></span> <span class='ocrx_word' id='word_1_674' title='bbox 1048 5047 1144 5101; x_wconf 90' lang='lat' dir='ltr'><strong>testati</strong></span> <span class='ocrx_word' id='word_1_675' title='bbox 1169 5053 1245 5103; x_wconf 87' lang='lat' dir='ltr'><strong>sunt.</strong></span> <span class='ocrx_word' id='word_1_676' title='bbox 1273 5048 1421 5105; x_wconf 77' lang='lat' dir='ltr'><strong>¹⁵⁰limins</strong></span> <span class='ocrx_word' id='word_1_677' title='bbox 1446 5068 1516 5107; x_wconf 84' lang='lat' dir='ltr'><strong>corr.</strong></span> <span class='ocrx_word' id='word_1_678' title='bbox 1547 5053 1646 5108; x_wconf 90' lang='lat' dir='ltr'><strong>liuline</strong></span> <span class='ocrx_word' id='word_1_679' title='bbox 1663 5055 1861 5114; x_wconf 68' lang='lat' dir='ltr'><strong>eodenmque</strong></span> <span class='ocrx_word' id='word_1_680' title='bbox 1882 5064 1905 5115; x_wconf 91' lang='lat' dir='ltr'><strong>t.</strong></span> 
     </span>
     <span class='ocr_line' id='line_1_93' title="bbox 407 5128 582 5167; baseline 0.017 -3"><span class='ocrx_word' id='word_1_681' title='bbox 407 5128 453 5164; x_wconf 83' lang='lat' dir='ltr'><strong>sne</strong></span> <span class='ocrx_word' id='word_1_682' title='bbox 522 5129 531 5165; x_wconf 83' lang='lat' dir='ltr'><strong>s</strong></span> <span class='ocrx_word' id='word_1_683' title='bbox 575 5151 582 5167; x_wconf 87' lang='lat'><strong>.</strong></span> 
     </span>
    </p>
   </div>
   <div class='ocr_carea' id='block_1_22' title="bbox 967 5213 1077 5270">
    <p class='ocr_par' dir='ltr' id='par_1_28' title="bbox 967 5213 1077 5270">
     <span class='ocr_line' id='line_1_94' title="bbox 967 5213 1077 5270; baseline 0.009 -3"><span class='ocrx_word' id='word_1_684' title='bbox 967 5213 1077 5270; x_wconf 78' lang='lat' dir='ltr'><strong>NOTAE.</strong></span> 
     </span>
    </p>
   </div>
   <div class='ocr_carea' id='block_1_23' title="bbox 1052 5337 1519 5549">
    <p class='ocr_par' dir='ltr' id='par_1_29' title="bbox 1052 5337 1519 5549">
     <span class='ocr_line' id='line_1_95' title="bbox 1052 5337 1386 5397; baseline 0.018 -6"><span class='ocrx_word' id='word_1_685' title='bbox 1052 5342 1080 5392; x_wconf 95' lang='lat' dir='ltr'><strong>et</strong></span> <span class='ocrx_word' id='word_1_686' title='bbox 1090 5337 1230 5394; x_wconf 86' lang='lat' dir='ltr'><strong>orientem</strong></span> <span class='ocrx_word' id='word_1_687' title='bbox 1245 5340 1386 5397; x_wconf 77' lang='lat' dir='ltr'><strong>hildesia.</strong></span> 
     </span>
     <span class='ocr_line' id='line_1_96' title="bbox 1098 5410 1324 5482; baseline -0.013 -18"><span class='ocrx_word' id='word_1_688' title='bbox 1098 5412 1140 5473; x_wconf 87' lang='grc'><strong>70)</strong></span> <span class='ocrx_word' id='word_1_689' title='bbox 1153 5410 1324 5482; x_wconf 82' lang='lat' dir='ltr'><strong>Netllingen.</strong></span> 
     </span>
     <span class='ocr_line' id='line_1_97' title="bbox 1098 5482 1519 5549; baseline 0.012 -15"><span class='ocrx_word' id='word_1_690' title='bbox 1098 5484 1142 5549; x_wconf 78' lang='lat' dir='ltr'><strong>il)</strong></span> <span class='ocrx_word' id='word_1_691' title='bbox 1155 5482 1338 5549; x_wconf 87' lang='lat' dir='ltr'><strong>Germanicis,</strong></span> <span class='ocrx_word' id='word_1_692' title='bbox 1355 5483 1390 5538; x_wconf 90' lang='lat' dir='ltr'><strong>ab</strong></span> <span class='ocrx_word' id='word_1_693' title='bbox 1400 5485 1519 5539; x_wconf 90' lang='lat' dir='ltr'><strong>oriente.</strong></span> 
     </span>
    </p>
   </div>
   <div class='ocr_carea' id='block_1_24' title="bbox 195 5329 471 5468">
    <p class='ocr_par' dir='ltr' id='par_1_30' title="bbox 195 5329 471 5468">
     <span class='ocr_line' id='line_1_98' title="bbox 195 5329 471 5400; baseline 0.007 -17"><span class='ocrx_word' id='word_1_694' title='bbox 195 5329 240 5400; x_wconf 86' lang='grc'><strong>67)</strong></span> <span class='ocrx_word' id='word_1_695' title='bbox 255 5331 288 5384; x_wconf 81' lang='grc' dir='ltr'><strong>Α.</strong></span> <span class='ocrx_word' id='word_1_696' title='bbox 309 5331 471 5387; x_wconf 66' lang='lat' dir='ltr'><strong>ssot-llil.</strong></span> 
     </span>
     <span class='ocr_line' id='line_1_99' title="bbox 196 5401 387 5468; baseline 0.01 -15"><span class='ocrx_word' id='word_1_697' title='bbox 196 5402 242 5468; x_wconf 79' lang='grc'><strong>68)</strong></span> <span class='ocrx_word' id='word_1_698' title='bbox 259 5401 387 5455; x_wconf 82' lang='lat' dir='ltr'><strong>Lirhnde.</strong></span> 
     </span>
    </p>
   </div>
   <div class='ocr_carea' id='block_1_25' title="bbox 185 5458 996 5545">
    <p class='ocr_par' dir='ltr' id='par_1_31' title="bbox 185 5458 996 5545">
     <span class='ocr_line' id='line_1_100' title="bbox 185 5458 996 5545; baseline 0.009 -21"><span class='ocrx_word' id='word_1_699' title='bbox 185 5458 358 5542; x_wconf 68' lang='lat' dir='ltr'><strong>(obliuione</strong></span> <span class='ocrx_word' id='word_1_700' title='bbox 386 5471 435 5526; x_wconf 89' lang='lat' dir='ltr'><strong>uhi</strong></span> <span class='ocrx_word' id='word_1_701' title='bbox 452 5476 512 5542; x_wconf 86' lang='lat' dir='ltr'><strong>jem</strong></span> <span class='ocrx_word' id='word_1_702' title='bbox 536 5473 728 5545; x_wconf 78' lang='lat' dir='ltr'><strong>Merienbnrg,</strong></span> <span class='ocrx_word' id='word_1_703' title='bbox 757 5475 832 5531; x_wconf 91' lang='lat' dir='ltr'><strong>inter</strong></span> <span class='ocrx_word' id='word_1_704' title='bbox 847 5477 996 5532; x_wconf 88' lang='lat' dir='ltr'><strong>meridiem</strong></span> 
     </span>
    </p>
   </div>
   <div class='ocr_carea' id='block_1_26' title="bbox 0 0 1961 6116">
    <p class='ocr_par' dir='ltr' id='par_1_32' title="bbox 0 0 1961 6116">
     <span class='ocr_line' id='line_1_101' title="bbox 0 0 1961 6116; baseline 0 0"><span class='ocrx_word' id='word_1_705' title='bbox 0 0 1961 6116; x_wconf 95' lang='lat' dir='ltr'><strong> </strong></span> 
     </span>
    </p>
   </div>
  </div>
 </body>
</html>
