3894 6120
88 269 141 324 227
747 262 776 320 S.
801 264 943 322 llENlthl
961 262 1197 320 lupanaroflls
1799 266 1847 318 228

89 393 134 449 bis
154 395 241 448 terrae
273 385 501 446 conservandum
537 389 700 459 perveniat,
737 387 826 444 totins
859 388 946 460 hujus
960 389 985 443 lt
999 386 1048 458 jus
1062 387 1147 443 liberi
1160 386 1270 443 titulari
1285 385 1530 459 presumpserint,
1545 385 1736 442 anathemata
1749 383 1851 443 lerien-

90 495 205 537 snmma
232 477 380 534 sententie
402 476 456 531 hac
483 476 575 531 nostri
597 477 691 533 forma
719 475 835 544 decreti,
849 476 946 532 iratri-
1001 482 1059 531 tur.
1086 475 1142 532 Sed
1164 492 1259 549 nequa
1279 474 1470 531 honorabitur
1496 473 1526 528 in
1556 473 1677 544 palatio,
1706 474 1760 545 qui
1774 477 1853 530 ercle

91 570 146 625 bus
162 572 191 622 et
217 564 395 639 coepiscopis
424 563 530 619 nostris
556 563 813 634 subscribentibus,
840 563 946 620 conflr-
1000 563 1084 634 siam,
1098 563 1338 636 palatiimatrem,
1352 578 1411 617 non
1426 562 1541 617 erubuit
1563 562 1751 633 impugnare.

92 655 230 712 mabitur.
1037 655 1096 708 lloc
1109 656 1204 707 autem
1219 651 1346 707 ecclesie
1366 651 1417 705 Dei
1444 653 1662 719 testamentum,
1678 656 1784 705 contra
1798 666 1854 706 ma·

130 748 155 799 l.
186 746 220 799 Ut
238 744 330 799 cotim
354 743 384 796 to
414 741 483 796 clero
508 739 652 796 mulierem
681 742 809 808 moneor.
846 740 946 796 llnllns
1000 742 1154 813 lignantes,
1184 743 1242 796 Deo
1271 745 1382 805 autore,
1397 744 1641 808 autoramentum,
1681 739 1855 795 dilectissimi

89 831 249 904 presbyter,
269 830 364 884 nullus
390 827 538 898 diaconus,
559 828 946 898 nullussubdiaconns,nul·
1000 831 1053 887 lilii
1068 829 1159 885 nostri
1174 831 1206 885 ll.
1232 828 1348 900 augusti
1376 827 1463 883 edicti
1485 829 1547 900 lege
1575 828 1701 891 firmari,
1722 828 1854 882 corrobo-

89 921 135 975 lus
150 919 182 975 in
193 919 281 985 clero,
296 932 416 972 uxorem
430 921 481 971 aut
508 914 701 972 concubinam
711 916 855 985 admittat,
880 932 946 972 cum
1000 920 1071 991 rari,
1084 925 1113 975 et
1126 919 1261 974 humanis
1279 917 1368 973 inseri
1390 923 1419 972 et
1432 917 1549 971 inscribi
1570 916 1685 988 legibus
1706 916 1855 983 volumus;

1 1009 9 1032 ¹
91 1007 164 1064 nulli
179 1021 295 1078 qnoque
318 1004 455 1058 laicorum
475 1003 548 1058 scire
571 1004 656 1059 liceat
674 1004 826 1060 mulierem
841 1010 947 1077 preter
1001 1012 1030 1064 et
1045 1024 1098 1079 per
1113 1023 1227 1062 omnem
1244 1005 1359 1077 imperii
1379 1005 1425 1060 sui
1448 1003 1641 1073 latitudinem,
1656 1009 1692 1059 ut
1719 1004 1855 1074 suscipia-

92 1110 222 1150 uxorcm.
253 1091 380 1157 Quodsi
406 1090 515 1159 lecerit,
545 1092 703 1146 secundum
727 1093 947 1148 ecclesiasticam
1001 1103 1059 1165 tor,
1076 1100 1218 1162 tenoatur,
1247 1099 1276 1150 et
1298 1094 1415 1166 publica
1440 1094 1593 1148 autoritate
1617 1092 1702 1148 omni
1728 1096 1854 1163 tempore

92 1183 222 1254 regulam
251 1181 420 1251 deponatur.
437 1181 492 1236 Sed
520 1194 616 1252 nequa
631 1180 790 1235 seeundum
806 1182 947 1236 humanas
998 1186 1156 1259 judicetur,
1170 1200 1270 1239 omnes
1299 1185 1330 1238 in
1359 1198 1512 1238 commune
1538 1198 1654 1238 oramus
1669 1186 1700 1237 et
1724 1181 1852 1236 obsecra-

91 1272 170 1342 leges
191 1285 226 1324 ex
253 1269 340 1339 longo
364 1267 452 1322 iactas
480 1272 656 1340 etreceptas.
682 1267 758 1324 ullus
782 1269 947 1325 admiratio·
1001 1291 1079 1331 mus.
1098 1273 1255 1347 Eritlenim
1279 1274 1336 1328 lieo
1350 1273 1465 1328 volente
1479 1271 1510 1327 in
1524 1276 1664 1327 aeternnm
1689 1270 1851 1338 valiturum,

92 1358 138 1414 nis
151 1355 323 1412 ”loomin
339 1357 544 1427 9199898999-
1001 1364 1035 1432 si,
1070 1363 1147 1436 quod
1170 1361 1358 1417 ecclesiastica
1397 1361 1521 1431 gravitas
1556 1360 1704 1432 prohibet,
1745 1359 1852 1431 publico

127 1448 155 1500 2.
174 1447 208 1500 Ut
229 1447 371 1514 episcopus
384 1445 487 1499 nullom
501 1446 634 1512 seminam
653 1445 761 1514 lrabeat,
784 1461 869 1515 oeque
887 1461 947 1501 cum
1001 1452 1088 1508 luerit
1100 1452 1198 1523 rigore
1226 1450 1460 1505 exterminatum.
1486 1450 1540 1505 Nec
1559 1448 1671 1504 factiosi
1695 1447 1784 1519 bajus
1807 1449 1853 1502 de-

92 1534 189 1602 otique
221 1532 333 1586 habitet·
364 1531 518 1603 Episcopus
543 1532 617 1587 sicut
641 1533 749 1587 nullam
766 1533 947 1602 habebihitt
1001 1541 1072 1596 creti
1092 1539 1241 1594 scientiam
1265 1538 1499 1605 dissimulabunt,
1532 1554 1596 1609 quie
1621 1537 1756 1592 omnium
1780 1536 1854 1590 libris

93 1619 381 1689 camnullapenitus
405 1619 557 1674 habitabit.
585 1619 665 1684 Quod
684 1619 831 1688 sifecerit,
848 1624 945 1675 etno·
1001 1628 1152 1699 inscripta,
1172 1643 1224 1698 per
1248 1643 1299 1681 ora
1326 1626 1458 1682 omniurn
1487 1626 1630 1693 evolabit3
1658 1640 1714 1680 neo
1742 1625 1855 1694 impune

6 1701 8 1704 ’
94 1709 161 1764 stris
181 1706 289 1779 regulis
316 1712 344 1761 et
368 1707 524 1762 mundanis
558 1707 669 1777 legibus
695 1707 946 1771 concordantibus,
1001 1714 1147 1786 putabunt
1162 1713 1339 1779 audendum,
1365 1713 1443 1784 quod
1469 1713 1584 1785 publiea
1597 1712 1772 1768 damnatum
1788 1728 1857 1768 seve

93 1796 215 1864 honore,
230 1810 287 1866 qno
302 1810 332 1848 se
346 1794 408 1864 ipse
423 1795 490 1850 lecit
503 1795 667 1866 indignum,
680 1795 839 1866 abjicietur.
1001 1805 1086 1860 ritate
1103 1803 1300 1875 cognoverint,

129 1887 157 1940 3·
189 1885 223 1938 Ui
240 1884 294 1953 filii
316 1883 482 1946 mmm·
504 1898 645 1938 *98907999
664 1884 787 1951 ecclesi&
808 1885 881 1938 terti
894 1885 949 1938 Sitti
1039 1893 1098 1963 Ego
1127 1893 1158 1948 B.
1189 1891 1245 1962 (88)
1269 1907 1344 1964 papa
1367 1897 1484 1958 eterne
1513 1892 1596 1947 Urbis
1611 1891 1681 1946 huic
1705 1890 1856 1947 constituto

93 1973 208 2027 archaia
229 1986 290 2025 cum
317 1972 440 2028 omnibus
468 1971 628 2043 adquisitis.
656 1971 719 2026 lilii
748 1977 778 2026 et
801 1971 869 2025 tiliae
883 1987 947 2042 om·
1002 1980 1133 2050 synodali
1148 1978 1312 2050 subscripsi,

94 2060 176 2115 nium
202 2060 371 2115 clericorum
392 2060 581 2132 omniumque
607 2060 749 2129 graduum
779 2061 814 2115 de
839 2060 949 2115 lamilia
1039 2069 1098 2140 Ego
1121 2070 1154 2124 Α,
1178 2070 1232 2137 (89)
1255 2073 1360 2122 sancroe
1383 2067 1601 2123 belletrinensis
1624 2067 1857 2122 ecclesiaearchi·

93 2148 228 2215 ecclesiae,
249 2163 284 2202 ex
305 2162 484 2219 quacumque
504 2149 596 2203 libera
616 2147 748 2216 muliere,
765 2163 949 2218 quocumque
1002 2156 1154 2229 episcopus
1168 2155 1332 2226 subscripsi.

93 2236 179 2292 modo
201 2236 256 2292 sibi
281 2235 435 2306 conjuncto
464 2235 562 2304 fuerit,
594 2235 695 2306 geniti,
727 2252 793 2290 eum
814 2235 949 2290 omnibus
1037 2244 1097 2314 Ego
1123 2244 1156 2299 fl,
1186 2246 1241 2312 (90)
1268 2242 1426 2299 Ticinensis
1456 2242 1583 2298 ecclesiae
1610 2242 1769 2314 episcopus
1798 2243 1858 2298 sub·

92 2325 176 2380 bonis
190 2342 241 2398 per
264 2325 470 2394 crrjuscumqne
486 2339 589 2377 manos
607 2322 770 2393 adquisitis,
793 2322 867 2377 servi
881 2338 948 2393 pro·
1002 2332 1113 2402 scripsi,

91 2413 146 2484 prii
166 2431 225 2469 snre
245 2415 333 2469 erunt
355 2411 492 2479 ecclesia,
523 2425 576 2464 nec
605 2425 732 2480 unquam
759 2410 794 2465 ab
822 2409 948 2465 ecclesiae
1038 2421 1095 2492 1330
1104 2423 1137 2478 Α,
1151 2421 1204 2490 (91)
1219 2421 1364 2476 Cumanus
1376 2419 1525 2492 episcopus
1543 2419 1715 2492 subscripsi,

90 2503 227 2558 servitute
242 2500 371 2558 exibunt·
1038 2511 1096 2579 Ego
1124 2510 1153 2563 L.
1180 2509 1236 2581 (99)
1263 2509 1447 2564 laurinensis
1469 2507 1595 2563 ecclesiae
1609 2508 1767 2579 episeopus
1792 2508 1854 2561 sub·

126 2590 153 2644 l.
185 2592 220 2646 Ut
247 2588 316 2661 filiis
344 2586 512 2651 clericorum
541 2599 680 2639 seruorum
708 2586 948 2652 aerissimiliter
1002 2596 1112 2668 scripsi,

87 2676 340 2746 jadectiberrotem
365 2676 523 2743 promittat,
539 2672 718 2744 Quicumque
739 2674 814 2728 filios
828 2674 947 2728 clerico·
1039 2687 1097 2756 Ego
1113 2687 1143 2741 p,
1160 2687 1215 2755 (93)
1243 2684 1433 2741 perdonensi,
1459 2683 1584 2740 “010sz
1610 2683 1769 2756 091200911,
1792 2683 1855 2738 sub.

90 2780 165 2832 rnm,
186 2779 333 2821 serrorum
349 2761 485 2829 ecelesia,
507 2762 542 2816 de
565 2772 747 2834 quacumque
776 2762 865 2817 libera
879 2778 947 2833 pro·
1001 2773 1111 2845 scripsi,

90 2859 210 2920 creatos,
240 2853 348 2907 liberos
371 2864 433 2903 esse
454 2849 639 2920 judicaverit,
660 2850 813 2904 anathema
848 2850 895 2917 sit,
920 2855 947 2906 et
1038 2863 1096 2933 Ego
1113 2863 1167 2917 (ρο
1188 2863 1355 2918 Eusebium
1388 2861 1444 2933 (9³)
1468 2861 1595 2918 ecclesia
1622 2860 1785 2917 catholicus
1799 2860 1854 2931 epi.

91 2939 195 2994 habaat
207 2937 357 3010 injudicio
370 2936 448 3008 quod
464 2937 541 3004 lecit,
558 2937 626 3009 quia
655 2938 781 2993 ecclesiia
793 2938 860 2993 tulit
871 2939 946 3011 quod
965 2943 986 3000 C
1004 2966 1107 3021 scopus
1117 2951 1281 3022 subscripsi,

91 3042 149 3081 non
164 3026 252 3082 dedit·
1037 3043 1140 3096 Actum
1159 3040 1265 3112 Papia,
1283 3040 1345 3095 Kal.
1365 3039 1496 3111 Augusti,
1512 3038 1674 3110 imperante
1703 3039 1811 3095 domno
1823 3041 1853 3096 ll.

127 3117 153 3169 5·
171 3117 205 3171 Ui
226 3115 298 3170 3919
324 3113 498 3168 maestarum
520 3128 571 3183 Pi?
585 3128 681 3167 ’99919
703 3113 783 3168 999Γί
804 3113 949 3170 ’91ῑὲ199-
1001 3128 1211 3200 gloriosissimo
1230 3132 1363 3201 augusto,
1379 3144 1431 3201 per
1448 3143 1550 3183 marrus
1577 3127 1673 3183 fratris
1701 3128 1855 3184 vercellen·

92 3205 216 3272 quirunt.
230 3201 308 3257 Nulli
332 3216 480 3256 servorum
508 3200 647 3268 ecclesiae,
663 3200 722 3255 sire
751 3202 782 3256 in
812 3203 948 3258 clericatu
1002 3217 1040 3272 si,
1055 3216 1192 3289 0p150091‚

91 3289 195 3344 sivein
210 3289 313 3344 laicata
347 3288 383 3343 de
435 3288 519 3344 uibus
547 3294 679 3344 nostrum
707 3293 750 3343 est
777 3292 806 3343 et
825 3289 947 3345 fratrum

91 3383 258 3432 nostrorum
269 3304 512 3448 judicare,qliceat
528 3392 696 3448 comparere
711 3382 761 3432 aut
783 3377 843 3433 ullo
860 3379 946 3434 modo
1156 3358 1161 3364 ¹
1197 3339 1391 3396 RESPONSO
1407 3338 1656 3395 IMPERATORIS'

90 3465 244 3536 adquirere
258 3482 311 3538 per
334 3481 438 3520 manus
455 3469 506 3520 aut
531 3480 637 3520 nomen
652 3465 773 3536 alicujus
788 3465 870 3520 liberi
894 3467 947 3522 ho·
1036 3463 1112 3520 Nihil
1138 3463 1201 3533 tibi,
1231 3463 1410 3519 sanctissime
1435 3479 1510 3535 papa
1538 3464 1580 3530 B.‚
1606 3480 1724 3535 possam
1741 3480 1854 3536 negare,

90 3553 186 3608 minis.
213 3553 295 3619 Quod
334 3553 385 3625 qui
412 3552 511 3608 iecerit
548 3551 598 3627 [in]
637 3552 810 3609 evasibiliter
846 3570 944 3623 casus,
1000 3552 1111 3624 culpor
1140 3554 1232 3609 Deum
1260 3552 1358 3608 omnia
1383 3551 1486 3620 debeo,
1514 3552 1676 3625 presertim
1696 3568 1765 3608 cum
1781 3554 1858 3624 justa

90 3641 201 3696 tamdiu
234 3646 396 3697 carceratus
427 3642 590 3710 habebitur,
631 3642 772 3714 quamdin
800 3659 901 3699 omncs
924 3647 944 3682 ⁸¹
1000 3647 1091 3713 petas,
1106 3641 1226 3696 honesta
1240 3656 1306 3695 cum
1330 3640 1417 3711 justis
1444 3639 1580 3695 iratribus
1600 3655 1753 3713 suggeras,
1766 3645 1796 3697 et
1814 3657 1857 3696 ma

91 3730 342 3802 ccclesiarecipiat
356 3729 535 3800 scriptiones.
999 3731 1030 3784 ia
1058 3728 1236 3784 consortium
1260 3733 1364 3784 sanctae
1391 3728 1582 3784 solicitudinis
1600 3728 1665 3784 ideo
1681 3730 1816 3800 advoces,
1827 3733 1859 3784 nt

140 3822 166 3874 6.
198 3821 232 3874 Ut
257 3819 303 3875 alte
326 3821 376 3890 qui
402 3819 527 3874 obortam
557 3835 606 3889 per
636 3833 701 3875 suos
727 3834 824 3875 marrus
845 3822 946 3892 occipit
1000 3817 1074 3871 sicut
1087 3816 1205 3886 laboris,
1233 3816 1274 3871 ita
1289 3816 1444 3888 participes
1466 3816 1556 3871 simus
1571 3820 1599 3872 et
1617 3817 1727 3888 gaudii.
1749 3818 1858 3874 Gratias

89 3910 170 3979 torm
195 3907 311 3963 ecclesie
329 3909 428 3975 (aciat.
468 3908 518 3963 llle
556 3914 652 3963 eutem
681 3909 757 3963 male
781 3907 863 3978 liber,
895 3909 946 3981 qui
999 3903 1096 3977 itaque
1109 3910 1205 3960 sancto
1219 3904 1398 3977 episcopatui
1417 3909 1469 3959 too
1481 3904 1548 3975 jure
1566 3903 1658 3959 habeo
1674 3905 1791 3972 uberes,
1809 3905 1857 3978 qai

89 3995 236 4051 lactnsest
250 3995 360 4050 diaboli
380 4011 486 4058 servus,
515 4011 569 4066 per
593 3997 675 4067 cujus
698 4012 802 4051 manus
829 3997 944 4052 latroci-
999 3997 1028 4047 et
1051 3992 1203 4047 salubriter
1224 3992 1373 4063 componit
1404 3991 1569 4059 Ecclesiam,
1598 3997 1659 4046 eta
1684 3993 1857 4048 clericorum

89 4088 300 4139 nantesserros
316 4083 453 4150 ecclesiae,
478 4083 615 4155 quicquid
638 4083 710 4139 illud
737 4083 834 4151 luerit,
847 4084 946 4156 adqui·
999 4081 1217 4147 incontinentia,
1233 4080 1310 4136 unde
1325 4097 1411 4136 omne
1431 4080 1540 4135 malum
1556 4081 1634 4136 velut
1656 4081 1693 4136 ab
1722 4082 1858 4154 aquilone

90 4171 165 4236 sirit,
181 4175 231 4225 eut
263 4169 391 4224 ecclesia
426 4174 516 4224 totam
553 4169 638 4224 iaciat
674 4170 866 4239 securitatem,
895 4178 945 4227 aut
1000 4174 1212 4242 superterram
1249 4168 1376 4238 emersit,
1403 4169 1588 4225 correctionis
1614 4168 1772 4240 vigilanter
1793 4170 1858 4226 iecit

90 4257 259 4313 maledictus
286 4256 361 4311 inter
385 4256 467 4329 ¹loros
499 4256 624 4312 ecclesie
651 4261 680 4312 et
708 4257 861 4331 sacrilegos
889 4260 942 4316 ha·
962 4227 1184 4331 ”principium
1206 4256 1309 4314 Omnia
1323 4257 1451 4329 quidem,
1468 4273 1595 4329 qaaepro
1609 4257 1743 4314 Ecclesire
1758 4275 1858 4315 neces·

89 4344 200 4401 beatur.
270 4413 271 4416 Ἴ
998 4347 1073 4402 saria
1097 4345 1280 4417 reparatione
1308 4345 1483 4418 synodaliter
1507 4344 1631 4400 instituit
1645 4350 1674 4400 et
1687 4346 1859 4401 reformarit

124 4435 151 4486 l.
185 4435 218 4489 Ut
245 4432 336 4488 octies
359 4432 449 4503 judee
466 4437 517 4488 out
539 4433 647 4488 tabellio
673 4433 783 4489 chortes
809 4434 943 4503 cuidant,
998 4434 1157 4507 paternitas
1171 4438 1231 4499 tua,
1239 4438 1271 4488 ut
1285 4432 1363 4488 lilius
1377 4433 1473 4501 laudo,
1484 4432 1634 4502 confirmo,
1658 4439 1687 4488 et
1701 4436 1856 4506 approbo;

91 4535 160 4590 quoa
174 4523 247 4576 seui
260 4520 374 4575 ecclesiae
399 4537 450 4592 per
477 4535 574 4575 monus
596 4521 676 4576 liberi
699 4521 860 4592 adquirunt.
891 4525 944 4579 lu·
998 4527 1072 4578 etut
1100 4537 1201 4577 omnes
1230 4520 1289 4575 sint
1308 4521 1477 4593 paratiores,
1505 4536 1569 4576 eam
1592 4534 1638 4574 me
1652 4519 1859 4576 inviolabiliter

90 4607 145 4663 dex
172 4625 238 4664 vero
275 4612 326 4663 aut
353 4609 481 4677 tabellio,
505 4608 555 4681 qui
587 4614 647 4664 tam
679 4609 804 4666 inlicitas
832 4611 944 4666 chartas
997 4615 1180 4666 servaturum
1196 4608 1348 4680 adjurante
1364 4610 1422 4664 Deo
1436 4609 1583 4680 promitto.
1610 4610 1643 4664 Et
1662 4608 1693 4663 in
1713 4614 1858 4665 aeternum

90 4696 268 4769 scripserint,
284 4699 314 4751 et
327 4711 373 4750 res
390 4697 482 4769 pretio
503 4713 652 4752 serrorum
679 4697 806 4753 ecclesiae
829 4713 944 4769 compa·
999 4715 1146 4765 mansura,
1170 4702 1199 4753 et
1221 4697 1299 4753 inter
1317 4697 1434 4769 publice
1458 4697 1525 4768 jura
1545 4713 1659 4768 semper
1676 4697 1857 4770 recipienda,

89 4790 178 4854 ratas,
193 4790 243 4841 aut
258 4784 357 4856 aliqua
370 4784 540 4840 liberalitate
559 4786 696 4854 conlatas,
724 4785 837 4841 nomini
856 4786 945 4841 alicu·
999 4791 1028 4841 et
1042 4786 1178 4843 humanis
1191 4785 1304 4859 legibus
1314 4786 1471 4842 solenniter
1480 4785 1672 4853 inscribenda,
1688 4788 1745 4842 bac
1759 4793 1859 4843 nostra

803 4910 923 4965 vatilla
941 4907 1143 4968 tacueras.

128 5003 152 5041 ⁸⁰
170 5005 258 5061 ullius
270 5004 528 5062 administrationis
540 5005 554 5060 t
568 5006 702 5063 Cossano.
749 5009 769 5045 ⁸¹
786 5005 881 5063 omnis
890 5006 933 5061 ed.

928 5109 1039 5167 NOTAE.

126 5197 172 5261 (88
194 5196 362 5253 Benedictus
376 5199 448 5255 Vlll.
1033 5202 1078 5262 (98
1105 5201 1216 5256 Petrus.

126 5266 169 5333 (89
195 5267 355 5322 aribertus.
1033 5271 1080 5340 (st
1114 5269 1146 5326 ld
1177 5275 1221 5327 est
1237 5270 1422 5326 vercellensis
1445 5272 1536 5327 sancti
1562 5273 1675 5330 Ensebii
1704 5277 1856 5348 ecclesie;

126 5333 172 5403 (90
200 5337 373 5408 liaynaldus,
996 5340 1072 5395 idem
1089 5343 1143 5396 Leo
1153 5340 1184 5396 in
1210 5341 1314 5413 placito
1343 5341 1473 5413 ejusdem
1500 5344 1569 5399 anni
1589 5349 1619 5400 et
1640 5346 1710 5401 alios
1729 5349 1856 5405 subscri·

125 5407 166 5472 (er
197 5406 356 5462 athericus.
996 5411 1075 5482 psit:
1100 5410 1153 5468 Leo
1181 5427 1274 5468 seruus
1301 5412 1422 5480 Eusebir',
1452 5413 1529 5486 apud
1551 5416 1688 5473 llurator.
1704 5416 1751 5474 SS.
1781 5421 1803 5476 l.
1823 5421 1855 5475 ll.

126 5476 171 5546 9‘2)
185 5475 353 5532 Landnllus.
698 5539 702 5546 ⁴
1000 5498 1029 5552 p.
1044 5482 1106 5537 498.
