3878 6112
776 233 939 291 lNl'l'lAMDl
960 234 1119 292 SYNODUM
1141 236 1265 293 MDDUS.
1836 239 1900 291 leot

179 358 311 426 Domine,
325 358 426 413 exaudi
441 357 601 412 orationem
613 371 718 411 meam.
1002 364 1023 416 h
1044 374 1124 413 sense
1137 362 1312 430 corrumpat,
1329 358 1377 413 sed
1394 357 1484 429 junge
1501 373 1555 412 nos
1568 357 1621 413 tibi
1636 357 1796 413 efficaciter
1811 357 1898 412 solius

179 449 319 504 Dominus
335 448 492 502 vobiscum.
1048 449 1218 519 rheginis
1242 449 1327 514 deno,
1354 453 1386 501 ut
1401 446 1491 500 simus
1505 447 1536 501 in
1557 451 1585 501 te
1603 463 1704 514 enirm,
1721 455 1751 501 et
1775 447 1808 501 in
1825 448 1899 502 nolle

178 535 501 601 monumemtum,
520 535 603 600 Deus,
619 535 752 588 salutaris
766 540 872 601 noster,
888 540 916 588 et
931 533 991 588 dies
1046 536 1194 591 deviemus
1209 554 1225 591 a
1248 553 1315 591 vero
1332 553 1339 591 ε
1357 539 1497 608 quatenus
1516 536 1547 590 in
1569 536 1684 591 nomine
1702 542 1754 590 tuo
1778 536 1899 605 collecti,

143 631 256 679 nostros
279 625 310 678 in
326 630 374 678 tua
389 640 458 694 pace
480 623 609 694 dispone,
627 628 658 676 ut
677 623 817 677 aestuetis
840 623 990 693 perturba·
1047 625 1087 679 sic
1112 625 1142 678 in
1166 626 1274 680 cunctis
1295 631 1445 680 teneamus
1470 640 1534 680 cum
1558 625 1757 679 moderamine
1789 624 1900 695 pietatis

145 713 273 768 tionibus
288 713 412 780 liberati,
429 712 581 782 tranquilla
593 711 643 765 tibi
657 711 792 765 servitute
806 711 990 766 famulemur.
1045 712 1199 784 justitium,
1217 720 1247 768 ut
1263 718 1291 767 et
1310 714 1356 768 hic
1370 731 1387 768 a
1401 719 1428 767 te
1443 713 1472 767 in
1490 713 1568 767 nullo
1591 712 1741 767 dissentiat
1758 713 1900 768 sententia

146 804 201 857 Per
215 802 369 857 Dominum
385 806 516 854 nostrum
529 801 624 855 lesum
641 801 795 854 Christum.
1049 805 1155 866 nostra,
1180 808 1208 856 et
1230 802 1258 856 in
1283 800 1380 856 irrtrrro
1405 801 1552 873 probans
1575 801 1663 873 gestis
1686 817 1900 873 consequamur

181 890 282 946 Deinde
303 905 354 960 pro
386 890 520 943 uniuersis
547 888 700 953 ordinibus,
729 903 830 943 neorron
848 903 898 958 pro
918 892 992 942 statu
1047 889 1167 960 praemia
1183 891 1368 961 sempiterna.
1386 891 1449 944 Per.

143 993 235 1048 papa,
250 983 276 1032 et
289 979 424 1032 antistitis
434 976 553 1046 ejusden
565 976 647 1044 sedis,
663 976 754 1031 dicent
769 980 834 1031 istos
848 977 967 1046 psalmos
982 993 990 1030 r
1084 981 1160 1033 Tunc
1182 978 1313 1033 diaconus
1336 978 1455 1033 cedmon
1470 993 1601 1034 cononum
1622 981 1652 1034 in
1673 979 1804 1035 medium
1817 981 1900 1050 prole

179 1067 310 1120 Miserere
334 1065 399 1131 mei,
427 1067 510 1130 Deus,
539 1066 695 1120 secumdum
721 1081 856 1136 magnam
882 1064 993 1120 miseri·
1046 1082 1108 1120 rens
1129 1067 1249 1136 capitula
1265 1066 1298 1120 de
1319 1067 1451 1121 Consiliis
1473 1067 1585 1134 apendis
1607 1071 1784 1136 pronuntiet,
1808 1068 1898 1136 idest,

146 237 215 292 1063

144 1155 270 1208 cordiam
287 1161 375 1209 tuam.

179 1241 265 1309 Deus,
282 1242 312 1296 iu
328 1242 443 1297 nomine
459 1247 509 1296 trio
525 1242 634 1296 salvum
651 1258 695 1296 me
712 1242 765 1296 iac.

180 1331 312 1387 Miserere
326 1331 392 1398 mei,
409 1332 493 1398 Deus,
509 1330 724 1385 misereremei.

181 1421 255 1474 Deus
271 1418 442 1474 misereatur
458 1418 555 1474 nostri.

179 1509 211 1561 Et
225 1507 310 1561 Pater
324 1513 431 1576 noster,
447 1523 512 1561 com
527 1507 669 1578 precibus.
706 1534 711 1539 -

179 1596 347 1650 Sacerdotes
362 1596 405 1649 tui
420 1596 575 1650 induantur
586 1595 706 1666 justitia.

180 1687 320 1741 Memento
335 1685 564 1756 congregationis
579 1689 645 1739 tum.

180 1773 276 1828 Salvos
290 1773 334 1828 iac
347 1789 410 1842 nos,
427 1774 546 1829 Domine
563 1775 636 1828 Deus
654 1778 759 1828 nester.

180 1864 215 1917 Ut
228 1863 417 1916 conliteamur
427 1863 537 1916 nomini
553 1867 649 1916 sancto
663 1866 724 1916 trio.

180 1951 363 2022 Adjutorium
382 1955 512 2005 nostrum
527 1950 688 2004 innomine
705 1949 829 2004 Domini.

181 2039 312 2107 Domine,
329 2040 430 2094 exaudi
447 2038 605 2094 orationem
620 2054 723 2093 meam.

182 2128 320 2181 Dominus
335 2128 491 2182 uobiscum.

181 2217 301 2272 Oramus.
324 2216 513 2287 Omnipotens
533 2217 708 2288 sempiterne
726 2216 808 2283 Deus,
833 2216 914 2286 quus
930 2215 992 2286 spi-

145 2303 201 2359 rhu
225 2309 317 2359 totum
333 2322 437 2376 corpus
461 2305 591 2359 Ecclesiae
607 2303 802 2358 sanctificatur
823 2312 851 2358 et
870 2303 989 2374 regitur,

1047 1171 1080 1210 ea
1096 1156 1208 1210 concilia
1235 1155 1371 1210 Toletano.
1396 1156 1550 1225 Finitisque
1576 1156 1674 1222 titulis,
1691 1159 1718 1209 et
1740 1158 1898 1211 cunctisis

1046 1244 1141 1299 ordine
1164 1243 1318 1298 sedentibus
1342 1244 1396 1298 hee
1415 1244 1565 1299 admonitio
1584 1243 1618 1298 ab
1641 1247 1784 1314 episcope,
1814 1246 1899 1309 ectri

1046 1333 1170 1399 uoluerit,
1188 1332 1329 1386 adiaeano
1344 1332 1471 1400 teqatur:

1082 1420 1162 1484 Ecce,
1179 1419 1350 1475 sanctissimi
1373 1420 1484 1484 iratres,
1499 1419 1655 1493 praemissis
1682 1420 1742 1475 Deo
1769 1421 1896 1490 precibus

1047 1508 1256 1564 fraternitatem
1279 1514 1401 1563 uestram
1426 1524 1490 1563 cum
1507 1508 1554 1579 pia
1568 1509 1772 1564 exhortatione
1798 1525 1897 1564 conre-

1048 1597 1107 1663 nio,
1128 1603 1157 1650 et
1171 1613 1223 1669 per
1246 1596 1377 1651 divinum
1403 1613 1510 1652 nomen
1535 1597 1670 1662 obtestor,
1689 1602 1719 1652 ut
1751 1614 1897 1670 eaquae

1049 1686 1133 1740 nohis
1149 1686 1183 1740 de
1206 1686 1273 1754 Deo,
1294 1691 1322 1740 et
1345 1685 1432 1739 sacris
1447 1685 1607 1753 ordinibus,
1622 1686 1664 1739 rel
1688 1687 1799 1740 uostris
1816 1687 1894 1740 mori·

1048 1776 1101 1830 bus
1116 1774 1195 1829 vobis
1211 1774 1319 1828 inerint
1339 1774 1422 1842 dicte,
1446 1791 1510 1828 crim
1527 1790 1640 1828 summa
1654 1775 1822 1830 reverentia
1836 1792 1893 1847 per·

1047 1864 1132 1918 lirere
1155 1862 1318 1921 intendatis.
1346 1861 1426 1926 Quod
1452 1862 1475 1915 si
1492 1861 1611 1916 forsitan
1634 1862 1741 1933 aliquis
1767 1870 1891 1917 nostrum

1047 1951 1130 2005 aliter
1151 1966 1237 2021 quarn
1253 1950 1328 2004 dicta
1349 1950 1466 2016 inerint,
1482 1949 1601 2004 senserit
1617 1951 1678 2004 sine
1694 1951 1798 2019 aliquo
1820 1968 1888 2005 scro-

944 2105 949 2112 .
1046 2039 1115 2110 pulo
1142 2037 1343 2103 contentionis,
1365 2037 1393 2091 in
1411 2043 1542 2093 nostrum
1558 2039 1689 2092 emnium
1712 2040 1888 2109 copulatione

1046 2144 1080 2182 ea
1094 2127 1155 2198 ipse
1181 2127 1337 2198 dequibus
1359 2126 1533 2181 dubitaverit
1556 2126 1733 2181 eonferenda
1756 2127 1885 2183 reducat:
1929 2200 1931 2215 Ι

1046 2216 1180 2286 qualiter,
1199 2217 1255 2270 Deo
1268 2215 1425 2284 mediante,
1441 2221 1490 2269 aut
1504 2214 1600 2269 doceri
1613 2215 1712 2285 possit,
1723 2222 1778 2270 aut
1789 2217 1884 2270 doceat

1047 2305 1155 2359 Deinde
1171 2321 1219 2359 sos
1239 2302 1326 2358 simili
1342 2303 1531 2358 obtestatione
1546 2306 1676 2373 conjuro,
1694 2310 1724 2357 ut
1741 2307 1837 2359 nullus
1851 2320 1885 2358 re

144 2393 246 2448 exaudi
271 2409 324 2446 nos
345 2410 398 2464 pro
416 2393 554 2448 universis
569 2393 719 2447 ordinibus
738 2392 943 2463 supplicantes,
960 2396 991 2445 ut
1046 2399 1136 2447 strum
1153 2391 1181 2446 in
1195 2392 1362 2462 judicando,
1379 2397 1427 2446 ant
1443 2408 1592 2462 personam
1609 2392 1742 2463 accipiat,
1759 2399 1811 2447 aut
1826 2410 1886 2464 que·

145 2483 315 2553 gratissime
332 2497 460 2546 mernere,
478 2481 512 2535 ab
531 2481 664 2535 omnibus
679 2480 730 2535 tibi
746 2479 882 2551 gradibus
898 2479 991 2534 fideli·

144 2575 188 2625 ter
202 2570 350 2624 serviatur.
370 2572 422 2624 Per
434 2569 598 2625 Dominum.

179 2658 280 2714 Deinde
294 2658 369 2713 dicat
385 2677 393 2713 :

181 2749 265 2810 Deus,
282 2747 411 2802 omnium
428 2747 554 2802 fidelium
575 2749 670 2817 pastor
684 2748 713 2799 et
730 2749 831 2807 rector,
849 2744 989 2797 famulum

144 2840 227 2891 tuom
243 2852 329 2907 quiem
345 2843 490 2907 pastorem
509 2834 637 2889 Ecclesiae
654 2837 710 2888 tum
725 2849 848 2904 praeesse
864 2832 989 2898 voluisti,

1047 2483 1116 2537 libet
1129 2482 1234 2544 lavore,
1250 2487 1300 2535 arri
1315 2497 1434 2535 uruuere
1448 2483 1578 2551 parisatus
1593 2499 1609 2534 a
1622 2481 1739 2534 veritate
1755 2482 1886 2536 discedat.

1045 2571 1099 2626 Sed
1115 2586 1179 2624 crrru
1197 2576 1274 2624 lanta
1287 2570 1392 2640 pietate
1408 2569 1546 2640 quidquid
1562 2570 1648 2625 eoetui
1662 2585 1692 2622 se
1703 2570 1888 2639 judicandum

1045 2659 1175 2714 intulerit
1198 2662 1360 2724 retractate,
1384 2665 1414 2713 ul
1431 2673 1484 2712 uec
1502 2658 1667 2712 discordans
1687 2659 1832 2712 eontentio
1854 2658 1887 2713 ed

1046 2746 1259 2801 subversionem
1277 2745 1399 2816 justitiet
1419 2745 1493 2799 iuter
1508 2762 1558 2800 nos
1574 2746 1667 2799 locsrm
1684 2745 1820 2811 inueniat,
1838 2763 1889 2802 uec

1045 2836 1149 2889 iterum
1171 2835 1199 2889 in
1213 2834 1406 2906 perquirenda
1421 2835 1557 2906 {equitate
1573 2834 1654 2905 rigor
1668 2834 1758 2888 nostri
1773 2835 1886 2900 ordinis,

143 2922 285 2995 propitius
297 2923 415 2994 respice,
431 2923 466 2978 da
481 2922 517 2988 ei,
530 2938 706 2994 quaesumus,
719 2921 805 2975 verbo
821 2925 848 2974 et
858 2920 989 2990 exemplo
1008 2929 1027 2982 c
1044 2925 1086 2978 vet
1103 2923 1283 2978 sollicitando
1297 2928 1431 2993 tepeseat.

145 3012 249 3083 quibus
265 3012 361 3083 praesit
374 3014 523 3083 prolicere,
549 3018 578 3066 ut
595 3012 630 3066 ad
645 3011 733 3066 vitam
748 3027 804 3064 eiua
823 3025 887 3063 cum
903 3025 989 3080 grege

143 3100 196 3154 sibi
221 3101 326 3154 credito
344 3101 492 3171 perveniat
515 3101 730 3171 sempiternam.
758 3101 809 3153 Per
837 3099 989 3152 Dominum

144 3192 272 3244 nostrum
291 3189 385 3242 lesum
402 3189 546 3243 Christum
562 3186 666 3243 Filium
681 3193 774 3241 tuem.

179 3277 230 3330 Mis
255 3277 370 3345 repletis·
394 3281 493 3345 septem
517 3276 638 3330 Psalmos
662 3276 826 3345 pestitentiae
838 3273 987 3328 decantent.

145 3364 210 3419 Cam
224 3362 310 3435 Kyrie
327 3364 444 3431 eleison,
458 3371 483 3418 et
491 3366 575 3419 Pater
589 3369 696 3427 noster,
707 3379 765 3417 curn
774 3361 900 3433 precibus
911 3363 988 3418 istis:

180 3452 238 3523 Ego
253 3451 320 3519 dixi,
338 3451 469 3519 Domine,
487 3452 703 3506 misereremei.

180 3541 360 3607 Convertere,
379 3542 511 3608 Domine,
530 3549 693 3613 usqueque

179 3630 240 3684 Fiat
254 3630 448 3684 misericordia
464 3635 523 3697 tua,
540 3630 670 3697 Domine,
685 3644 772 3699 super
784 3643 845 3682 nos.

179 3719 311 3787 Domine,
328 3718 429 3774 exaridi
446 3720 605 3774 orationem
622 3734 725 3772 meam.

180 3807 317 3862 Dominus
330 3806 485 3861 uobiscum.

179 3895 299 3952 Oremus.
317 3894 382 3949 Dies
401 3900 524 3962 nostros,
545 3909 721 3965 quesumus,
745 3891 873 3958 Dorium,
893 3891 988 3961 placa·

143 3989 189 4039 tus
204 3983 331 4050 intende,
360 3984 525 4055 pariterque
553 3999 615 4050 nos,
639 3988 703 4036 eta
728 3980 850 4052 peccatis
874 3979 988 4033 absolve

142 4073 293 4145 propitius,
311 4077 366 4127 eta
389 4072 498 4127 cunctis
522 4074 600 4142 eripe
615 4070 758 4141 benignus
784 4067 920 4124 adversis.
935 4068 989 4122 Per

143 4162 307 4217 Dominum.

177 4248 315 4305 Posthac
338 4262 399 4302 uero
422 4245 599 4315 eqrediontur
612 4259 712 4311 omnes,
737 4247 854 4314 sareptis
872 4244 987 4314 preshy-

143 4340 218 4401 teris,
238 4341 263 4390 et
278 4337 380 4390 retnis
394 4335 497 4389 id0neis
510 4335 625 4399 clericis,
640 4335 766 4402 tactoque
786 4334 903 4401 silentio,
915 4348 988 4402 pon·

143 4427 224 4491 tiseos,
240 4423 282 4476 eel
297 4424 356 4492 ejus
367 4424 499 4491 eicarius,
510 4423 586 4478 dicat
597 4424 666 4477 hanc
681 4423 830 4478 orationem
847 4438 853 4476 :

179 4511 318 4566 Dominus
330 4511 485 4567 vobiscum.

177 4601 287 4657 &emus
316 4600 419 4655 Adesto
441 4601 534 4668 nohis,
555 4617 730 4672 quesumus,
749 4600 869 4654 Domine
891 4603 986 4654 sancte

141 4690 274 4760 Spiritus,
290 4689 399 4760 peccati
415 4690 531 4760 quidem
547 4690 727 4744 immanitate
743 4687 875 4755 detentis,
892 4688 939 4743 sed
956 4687 985 4741 in

141 4779 258 4835 nomine
276 4786 325 4832 tuo
349 4778 509 4848 specialiter
531 4777 702 4849 aggregatis,
730 4775 792 4830 seni
819 4775 854 4829 ad
880 4791 942 4842 nos,
959 4777 986 4830 el

140 4867 261 4938 dignare
279 4866 357 4921 illahi
379 4866 511 4921 cordibus
534 4866 648 4934 nostris,
669 4866 737 4920 doce
760 4880 812 4918 nos
827 4863 896 4934 quid
918 4878 986 4933 aga·

140 4971 214 5024 mus,
232 4971 290 5026 qno
312 4955 479 5025 gradiamur
499 4955 626 5016 ostende,
652 4953 719 5025 quid
743 4952 900 5007 efficiamus
915 4966 985 5021 ope-

141 5060 214 5110 rare,
232 5048 292 5097 esto
306 5043 393 5108 salus,
418 5048 446 5097 et
461 5048 623 5113 suggestor,
640 5048 669 5096 et
683 5040 800 5095 effector
809 5040 983 5110 judiciorum

139 5141 316 5197 nostrorum,
344 5132 393 5203 qui
408 5132 486 5185 solus
507 5147 572 5184 cum
591 5133 647 5185 Deo
670 5131 763 5195 Patre,
793 5136 822 5182 et
836 5129 898 5199 ejirs
915 5128 985 5183 Filio

141 5236 248 5274 nomeu
264 5220 391 5290 possides
404 5219 560 5290 gloriosum
581 5235 587 5272 :
604 5235 661 5272 non
677 5235 727 5272 nos
740 5217 857 5288 patiaris
870 5224 985 5288 pertur-

139 5308 251 5362 batores
270 5309 387 5378 justitiae
411 5325 484 5376 esse,
507 5307 557 5379 qui
589 5323 709 5361 summm
730 5306 856 5360 veritalis
889 5306 985 5376 diligis

139 5397 315 5467 aequitatem,
328 5402 361 5450 ut
370 5398 400 5451 in
411 5396 557 5452 sinistrum
570 5412 620 5450 nos
636 5411 693 5451 nou
705 5394 868 5466 ignorantia
881 5394 982 5461 trahat,

138 5499 199 5540 non
214 5484 294 5539 lavor
316 5483 454 5550 inllectat,
479 5500 536 5539 non
552 5484 678 5555 acceptio
704 5483 833 5539 muneris
852 5483 895 5538 rel
918 5498 983 5553 per·

1078 3014 1140 3067 Post
1163 3014 1232 3067 tione
1257 3013 1469 3066 cohortationem
1494 3013 1619 3079 quisquis
1643 3013 1803 3066 clericorum
1826 3014 1888 3065 uelit

1043 3103 1166 3167 consuat
1196 3102 1341 3170 querelam.
1370 3101 1405 3155 Et
1425 3099 1589 3154 admonendi
1613 3107 1678 3155 sunt
1700 3109 1730 3155 ut
1744 3102 1833 3155 nullus
1851 3099 1888 3153 ad

1043 3188 1176 3256 senodum
1198 3189 1289 3243 erriiat
1305 3203 1357 3242 non
1377 3188 1501 3257 jejunus,
1516 3188 1588 3242 uela
1608 3199 1675 3242 catu
1698 3191 1830 3243 :ommuni
1847 3204 1886 3243 se·

1043 3275 1121 3328 cedat
1147 3281 1293 3344 aretequam
1323 3275 1456 3341 qeneralis
1488 3277 1601 3330 secessio
1623 3277 1763 3331 adueniat.
1792 3279 1825 3330 Et
1851 3279 1888 3330 sie

1044 3377 1148 3431 qnoque
1159 3362 1278 3430 synodus
1288 3364 1372 3431 primi
1386 3362 1442 3416 diei
1455 3364 1586 3416 soluatur.

1079 3450 1207 3505 Secunda
1234 3450 1290 3518 die,
1305 3451 1420 3522 quando
1441 3450 1601 3521 episcopus,
1623 3451 1667 3505 sel
1692 3452 1754 3521 ejus
1771 3452 1888 3506 sicarius

1043 3538 1185 3610 synodum
1201 3538 1371 3609 ingreditur,
1385 3540 1416 3593 in
1432 3539 1493 3593 loco
1508 3556 1560 3593 suo
1575 3544 1653 3593 stans
1668 3540 1763 3595 dieat:

1080 3627 1221 3682 Dominus
1233 3627 1391 3682 vobiscum.

1079 3716 1199 3772 menn.
1217 3716 1302 3783 Deus,
1322 3715 1372 3786 qui
1388 3715 1469 3771 nobis
1484 3715 1514 3770 in
1534 3714 1650 3770 famulis
1666 3715 1708 3770 tui
1732 3719 1887 3787 presentie

1044 3809 1101 3860 tuae
1116 3804 1197 3875 signa
1213 3803 1387 3872 manifestas,
1405 3805 1487 3859 mitte
1509 3820 1596 3876 super
1613 3821 1665 3858 nos
1679 3805 1813 3875 spiritum
1828 3807 1887 3861 cba-

1043 3892 1148 3959 ritatis‚
1174 3898 1205 3946 ut
1220 3891 1249 3946 in
1273 3891 1397 3947 adventu
1418 3892 1540 3947 fratrum
1561 3907 1825 3966 conservorumque
1841 3911 1888 3949 no·

1043 3986 1167 4036 strornm
1194 3978 1286 4049 gratia
1309 3979 1391 4034 nobis
1406 3986 1463 4034 tuae
1484 3980 1625 4051 largitatis
1647 3990 1799 4052 augeatur.
1823 3985 1883 4039 Per.

1078 4071 1173 4124 Postea
1188 4069 1293 4136 leqatur
1307 4071 1487 4140 Eeanqelinm
1503 4073 1543 4124 ita
1557 4075 1588 4124 ut
1602 4072 1633 4123 in
1645 4072 1802 4139 prioridie.

1080 4156 1243 4226 Designnvit
1257 4156 1394 4211 Dominus
1409 4161 1438 4211 et
1455 4157 1524 4213 alios
1539 4159 1723 4229 septuaginta
1736 4159 1818 4213 diros.

1079 4245 1180 4299 Deinde
1202 4243 1278 4300 dicat
1307 4247 1457 4316 episeopus,
1490 4247 1533 4301 nel
1562 4250 1619 4316 ejus
1645 4248 1778 4313 vicarius,
1799 4263 1888 4318 preces

1042 4335 1111 4388 sicut
1123 4336 1152 4387 in
1163 4335 1253 4403 priori
1268 4333 1321 4388 die.

1077 4423 1177 4478 Sancta
1191 4421 1288 4489 Maris,
1303 4428 1332 4477 et
1344 4438 1444 4478 omnes
1458 4423 1559 4489 saneti,
1575 4427 1604 4478 et
1615 4422 1655 4477 sic
1667 4428 1780 4478 seelera.

1079 4513 1151 4566 Tune
1177 4526 1266 4566 amites
1291 4514 1425 4581 prostrati
1449 4511 1590 4567 decantent
1615 4513 1735 4580 psalmos
1759 4515 1885 4583 istospro

1041 4602 1113 4669 reqis
1127 4603 1224 4666 nostri,
1239 4604 1266 4655 et
1285 4601 1404 4657 alierum
1418 4602 1462 4655 sui
1475 4603 1553 4668 reqni
1572 4602 1725 4671 primatum
1748 4604 1882 4670 sospitate.

1078 4689 1208 4754 Domine,
1222 4688 1290 4761 quid
1308 4689 1490 4760 multiplicati
1506 4695 1573 4743 sum
1584 4689 1634 4760 qui
1650 4688 1834 4744 tribulantur.

1077 4777 1215 4832 Exaudiet
1230 4784 1258 4832 te
1275 4779 1413 4833 Dominus
1427 4777 1456 4831 in
1474 4777 1519 4833 die
1532 4777 1737 4832 tribulationis.

1079 4868 1160 4927 Deus,
1175 4867 1292 4921 auribus
1306 4867 1411 4922 nostris
1426 4866 1599 4921 audirimus.

1077 4956 1142 5013 Cum
1167 4955 1251 5026 Myris
1268 4955 1385 5025 eleison,
1408 4960 1433 5009 et
1447 4955 1532 5009 Pater
1555 4959 1662 5021 nostor,
1682 4969 1743 5009 cunt
1765 4956 1888 5025 precibus

1041 5045 1127 5098 istis:

1078 5129 1208 5196 Domine,
1223 5132 1331 5184 salvum
1347 5129 1391 5184 iac
1406 5145 1514 5200 regem.

1078 5221 1142 5275 Esto
1157 5220 1193 5286 ei,
1211 5221 1339 5282 Domine,
1353 5219 1443 5274 turris
1458 5218 1646 5275 fortitudinis.

1075 5309 1190 5364 Salvum
1206 5307 1248 5362 iae
1261 5308 1401 5380 populum
1416 5313 1510 5375 tuum,
1527 5307 1655 5362 Domine.

1077 5397 1136 5451 Fiat
1151 5413 1205 5467 pox
1220 5397 1248 5450 in
1266 5397 1371 5451 virtute
1383 5401 1441 5450 toa.

1077 5484 1213 5554 Exsurge,
1228 5483 1357 5554 Domine,
1372 5483 1477 5554 adjuva
1489 5498 1550 5538 nos.
