3878 6112
126 266 176 318 lh'l
773 262 801 317 S.
825 258 969 316 hauriet
986 260 1222 318 inaurareris
1828 263 1878 317 ¹2⁸

128 386 268 445 Dominus
280 384 432 455 pacificum
443 383 511 440 belli
524 381 605 439 dedit
623 381 732 438 exitum
747 398 754 438 ε
782 380 822 437 ita
850 385 879 436 et
895 397 972 437 nunc
990 385 1079 455 Aper
1092 381 1256 455 corporales
1271 379 1624 453 exprimunturimagines
1637 395 1645 435 ι
1659 396 1783 452 cumque
1800 379 1879 436 aliod

129 475 257 533 serrisui
272 473 382 531 meritis
403 473 581 529 consimilem
597 471 730 527 virtutem
757 470 906 526 ostendere
935 470 975 525 di·
1029 470 1098 527 loris
1112 470 1208 543 agitur
1222 470 1397 530 autdicitnr.
1412 469 1491 525 intus
1506 469 1585 525 aliud
1600 469 1662 540 geri
1687 468 1877 540 significatur.

127 569 231 639 gnatus
250 569 302 619 est.
319 563 448 619 Similem
458 561 618 633 ergoillum
642 559 709 616 lecit
727 559 828 632 glorias
857 559 974 614 Sancto·
1029 562 1269 616 prememoratus
1283 564 1312 615 et
1326 576 1402 631 saepe
1421 559 1659 614 rememorandas
1676 558 1726 613 Dei
1751 558 1879 614 famulus

128 670 203 710 rum.
222 653 256 708 Et
280 652 355 706 sicut
376 651 486 721 ldoyses
510 649 642 721 precibus
658 647 751 718 magis
775 664 861 720 qnam
886 647 974 702 armis
1027 649 1145 705 calicem
1159 664 1279 704 aureum
1299 648 1330 704 in
1345 649 1485 704 honorem
1507 646 1558 702 ilci
1581 653 1609 701 ct
1627 646 1878 703 commemoratio·

124 740 323 812 triumpharit,
346 740 386 794 ita
409 737 631 810 gloriosissimus
660 737 796 806 Princeps
814 751 866 807 per
893 752 975 791 arma
1027 752 1094 792 nem
1120 736 1148 792 S.
1176 735 1321 792 Laurentii
1339 735 1474 807 martyris
1498 734 1626 790 acclesiae
1648 734 1880 807 lemburgensi

124 828 351 902 justitiaeomnia
363 825 796 890 ballaleliciterconsummavit,
807 840 840 879 ac
854 823 974 879 minime
1027 827 1197 891 contulerat,
1213 825 1295 896 cujus
1309 824 1426 894 speciali
1442 823 1608 894 patrocinio,
1619 838 1714 878 coram
1744 824 1804 878 lieo
1828 824 1879 879 ad·

125 916 267 972 funestam
296 920 323 970 et
351 916 530 971 incruentam
551 913 700 970 victoriam
725 929 838 985 semper
860 913 971 969 hebuit.
1023 912 1116 984 jutus,
1127 917 1156 968 ct
1175 913 1206 968 iu
1224 913 1288 983 ipsa
1299 911 1345 967 sni
1363 911 1465 978 exitus,
1479 910 1552 965 hora
1577 910 1702 966 ereditur
1724 909 1875 965 liberatus.

129 1004 258 1075 lienique
271 1003 475 1058 consummatis
485 1001 691 1073 gloriosissime
703 1001 790 1072 hujus
813 998 878 1055 vitre
894 1000 971 1055 labo·
1027 1001 1111 1058 Omni
1125 1016 1193 1056 vero
1208 998 1392 1055 veneratione
1407 1003 1435 1054 et
1457 997 1648 1054 admiratione
1665 997 1787 1069 dignum
1815 1015 1875 1054 esse

129 1091 220 1159 ribus,
233 1098 383 1164 postquam
409 1090 493 1146 boum
508 1089 653 1163 opinionis
667 1090 786 1145 odorem
805 1089 890 1160 longe
901 1087 971 1143 late·
1026 1089 1225 1162 perpenditur,
1241 1088 1317 1160 quod
1333 1086 1433 1143 endem
1447 1086 1519 1142 hora
1534 1087 1605 1144 calix
1619 1086 1650 1141 iu
1676 1091 1754 1142 certa
1775 1093 1874 1141 custo·

127 1196 182 1253 qne
204 1180 334 1235 redolere
362 1180 475 1247 lecerat,
493 1179 646 1250 locumque
672 1176 726 1233 sibi
748 1176 882 1232 dilectum
906 1191 971 1231 cum
1025 1179 1072 1234 dia
1087 1177 1380 1244 claususbebsbatur,
1404 1191 1457 1231 nec
1479 1176 1575 1231 minus
1604 1179 1700 1231 tamen
1728 1176 1874 1247 praedicta

125 1267 227 1322 ceteris
241 1267 422 1322 monasteriis
435 1266 565 1335 ditando,
575 1273 605 1322 et
617 1266 757 1331 ornando,
773 1271 802 1319 et
816 1265 971 1320 excolendo
1024 1265 1179 1322 collisionis
1189 1264 1338 1321 materiale
1352 1265 1468 1335 signum
1480 1263 1601 1335 excepit.

126 1356 160 1411 ed
177 1355 559 1427 periectnmadduxerat,ad
571 1354 785 1427 percipiendam
805 1353 970 1410 immarces-
1060 1357 1104 1411 ³8.
1131 1356 1170 1410 lie
1193 1354 1295 1410 ecdem
1309 1369 1375 1408 vero
1391 1352 1489 1421 calice,
1510 1352 1579 1424 quid
1603 1351 1809 1425 religiosorum
1834 1353 1873 1406 ri·

125 1443 392 1499 cibilemceronanr
408 1444 444 1498 ab
465 1445 608 1514 ergastulo
622 1443 716 1497 carnis
743 1441 900 1497 abominc
929 1445 972 1496 est
1025 1460 1123 1498 rorum
1138 1443 1277 1498 relatione
1292 1441 1322 1497 in
1344 1441 1463 1497 veritate
1488 1441 1678 1509 audierimus,
1706 1441 1872 1498 futurorum

126 1532 254 1587 vocatus.
279 1531 334 1596 Qui
360 1547 425 1586 cum
457 1535 587 1587 cerneret
612 1530 764 1586 imminere
791 1529 846 1584 sibi
870 1529 971 1585 mortis
1025 1531 1172 1588 memoriis
1185 1531 1320 1586 intimare
1333 1546 1429 1603 opera
1442 1530 1569 1602 pretium
1583 1529 1703 1601 dignum
1725 1529 1871 1584 duximus.

126 1619 214 1687 diem,
227 1619 320 1675 citatis
336 1620 372 1675 ad
386 1636 416 1674 se
430 1619 597 1691 parentibus
612 1623 642 1674 ct
659 1618 789 1690 cognatis
798 1617 970 1673 beatissima
987 1656 1007 1711 B
1026 1621 1098 1676 Cum
1124 1620 1202 1675 enim
1229 1619 1385 1691 praedictus
1409 1618 1515 1676 Christi
1541 1617 1688 1673 confessor
1714 1617 1873 1686 Hmnricus,

127 1708 320 1780 Imperatricis
342 1708 558 1780 Chuncgundae.
586 1707 732 1763 nonnullis
771 1705 858 1762 ctiam
889 1705 972 1778 regni
1026 1725 1079 1781 pro
1092 1708 1277 1781 disponendis
1291 1708 1374 1779 regni
1393 1706 1517 1778 negotiis
1539 1706 1714 1778 Marsipolim
1738 1706 1873 1773 venisset,

126 1797 314 1870 primoribus,
328 1813 416 1852 manu
432 1812 496 1852 eam
513 1796 724 1867 apprehensam
738 1795 795 1850 illis
823 1810 970 1851 commen·
1026 1796 1139 1864 accidit,
1155 1800 1188 1851 ut
1200 1794 1325 1867 quadam
1336 1795 1382 1850 die
1397 1794 1433 1850 ad
1448 1794 1551 1850 altare.
1566 1794 1595 1849 S.
1614 1792 1761 1849 Laurentii
1778 1798 1872 1848 atten-

126 1884 204 1940 derit
216 1883 382 1956 hujusmodi
394 1883 486 1939 verbis
501 1882 640 1938 memoria
660 1881 778 1952 dignis:
806 1883 884 1937 Hanc
896 1898 970 1949 ecce,
1025 1883 1135 1940 tissime
1153 1885 1266 1940 ldissam
1279 1883 1400 1939 audiret.
1417 1883 1477 1948 Qua
1492 1883 1645 1955 complete,
1664 1882 1736 1938 sicut
1760 1897 1875 1955 semper

125 1972 232 2043 inquit,
250 1972 322 2028 mihi
342 1989 359 2027 a
382 1972 463 2027 vobis
476 1971 536 2027 imo
544 1987 597 2043 per
611 1970 756 2027 Christum
773 1970 970 2042 consignatam
1023 1971 1323 2039 lecereconsuererat,
1343 1971 1521 2027 ablutionem
1537 1970 1633 2026 calicis
1652 1986 1767 2025 sumere
1793 1971 1874 2025 role-

126 2060 189 2133 ipsc
210 2060 323 2118 Christo
350 2060 471 2117 Domino
500 2065 610 2126 nostro,
641 2063 670 2114 ct
692 2058 772 2114 vobis
800 2059 971 2132 reconsigno
1023 2061 1082 2130 bat,
1101 2061 1150 2116 sed
1160 2059 1368 2116 interveniente
1383 2074 1488 2130 magno
1504 2057 1623 2129 negotio
1637 2057 1729 2130 regui,
1741 2057 1820 2130 qnod
1830 2057 1874 2112 rir

125 2149 413 2221 virginemrestrnm.
1026 2155 1142 2204 sanctus
1160 2147 1401 2221 proposuit‚tunc
1428 2147 1568 2219 temporis
1596 2145 1661 2202 lieri
1685 2162 1743 2202 non
1767 2145 1870 2219 potnit,

161 2242 205 2295 36.
225 2237 333 2309 inejus
354 2253 421 2292 vero
451 2235 583 2304 transitu,
607 2240 682 2291 terra
703 2236 847 2308 plorante,
867 2237 969 2292 caelum
1026 2236 1130 2291 Vocato
1158 2235 1255 2308 itaque
1281 2234 1398 2290 custode
1426 2234 1563 2304 ecclesiae,
1600 2233 1713 2306 rogarit
1737 2250 1817 2300 eum,
1842 2239 1874 2289 ut

128 2325 275 2388 exultavit,
305 2326 378 2380 sicut
399 2323 537 2380 hominus
564 2339 616 2396 per
636 2339 716 2378 snam
747 2323 972 2379 misericordiam
1024 2325 1140 2380 calicem
1152 2340 1217 2379 cum
1232 2323 1380 2379 ablutione
1392 2323 1421 2378 in
1438 2323 1547 2379 mundo
1570 2323 1634 2378 loeo
1658 2327 1821 2394 reponeret,
1844 2327 1873 2377 et

125 2417 253 2473 revelare
267 2416 466 2488 dignatusest.
492 2413 626 2486 Subipsa
648 2413 754 2467 etenim
782 2412 854 2468 hore
880 2413 972 2468 exitus
1025 2427 1092 2467 com
1125 2412 1204 2467 omni
1233 2411 1381 2484 diligentia
1414 2416 1558 2467 seruaret:
1597 2411 1784 2484 quoadusque
1811 2411 1873 2482 ipsc

88 2535 98 2549 ·
126 2504 204 2560 illius
220 2504 335 2561 cuidam
360 2519 441 2558 servo
461 2502 511 2558 Dei
538 2502 568 2557 in
590 2501 743 2557 solitudine
770 2504 970 2566 commoranti.
1025 2507 1213 2573 exoccupatus
1228 2505 1327 2573 aptum
1337 2506 1452 2573 tempus
1466 2505 1495 2556 et
1514 2502 1610 2556 locum
1636 2500 1672 2557 ed
1702 2499 1872 2556 sumendam

126 2592 256 2648 diabolus
278 2592 331 2646 sub
347 2593 473 2648 humana
487 2590 580 2662 specie
591 2591 713 2646 traditur
725 2590 892 2662 apparuisse
902 2591 970 2663 (65).
1025 2590 1107 2646 illam
1120 2590 1272 2646 inveniret.
1290 2589 1521 2646 Excrescentibns
1533 2594 1630 2645 autem
1645 2590 1737 2645 causis
1750 2594 1779 2644 et
1811 2590 1873 2660 pla·

126 2679 217 2747 Quem
230 2680 274 2734 vir
290 2680 337 2735 liei
353 2696 405 2752 per
418 2678 552 2751 spiritum
567 2679 700 2750 protinus
712 2679 838 2750 agnovit,
854 2683 883 2735 et
907 2679 969 2735 ait:
1025 2678 1099 2748 citis,
1113 2684 1170 2736 tota
1183 2677 1230 2733 die
1254 2677 1303 2733 illa
1321 2678 1461 2745 turbatus,
1478 2694 1535 2732 non
1560 2676 1655 2749 potuit
1673 2693 1703 2732 se
1726 2676 1872 2749 expedire.

126 2769 187 2834 Quo
204 2768 304 2823 vadis?
323 2768 375 2824 Cui
389 2768 438 2823 ille
453 2785 460 2822 ε
475 2768 518 2823 Ad
537 2768 684 2837 exequias,
699 2766 804 2839 iuquit,
832 2768 972 2840 Principis
1025 2770 1143 2823 Postera
1155 2782 1220 2822 vero
1234 2766 1291 2834 die,
1307 2771 1371 2836 post
1390 2765 1636 2832 matutinas„curn
1659 2765 1758 2836 paucis
1779 2781 1873 2819 secre-

128 2872 227 2929 pergc.
243 2857 328 2911 dtille
345 2856 511 2928 respondit:
527 2856 613 2924 Vade,
626 2855 731 2928 inquit,
746 2860 774 2911 et
797 2859 908 2928 comple
923 2873 971 2912 ne-
1025 2856 1106 2911 teriis
1119 2855 1189 2923 suis,
1205 2856 1333 2911 clericulo
1355 2853 1561 2911 monesterium
1586 2853 1727 2921 introivit,
1752 2857 1781 2908 et
1808 2853 1873 2909 diu·

127 2944 238 3014 gotium
254 2948 347 3011 tuum,
362 2943 392 2998 in
407 2949 548 3016 quantum
559 2944 610 3000 tibi
626 2961 642 2998 a
658 2945 778 3000 Domino
795 2945 971 3017 permittitur
986 2940 1007 2996 C
1025 2945 1083 2999 tius
1105 2943 1185 3000 lieris
1203 2943 1325 3015 genibus
1351 2948 1380 2999 et
1403 2942 1528 3015 profusis
1545 2942 1676 3014 lacrymis
1690 2943 1780 2998 Deum
1807 2959 1873 2997 exo-

126 3033 330 3087 Verumtameu
344 3037 542 3087 consummato
555 3031 648 3086 cilicio
668 3037 728 3100 tuo,
744 3032 893 3104 adjuratus
921 3049 972 3104 per
1026 3032 1115 3100 ravit3
1132 3032 1326 3104 accersitoque
1345 3031 1473 3099 custode,
1487 3031 1605 3086 calicem
1633 3047 1698 3086 eum
1725 3031 1873 3086 ablutione

126 3120 218 3175 Deum
233 3119 339 3183 virum,
356 3119 391 3174 ad
408 3135 454 3175 me
464 3124 616 3188 revertere,
640 3126 672 3175 ut
693 3135 746 3191 per
764 3131 790 3174 te
805 3120 846 3175 rei
861 3120 968 3176 exitum
1026 3121 1080 3177 sihi
1103 3120 1199 3176 afferri
1229 3118 1375 3192 precepit.
1407 3120 1536 3191 Cumque
1572 3121 1674 3175 allatus
1703 3119 1803 3174 luisset
1845 3124 1874 3173 et

127 3224 308 3279 cognoscam.
339 3209 405 3279 Post
433 3207 577 3264 modicum
614 3225 681 3264 rere
717 3224 848 3265 reversus
874 3226 969 3266 coram
1026 3209 1230 3281 discoopertus,
1241 3209 1415 3264 invenerunt
1427 3208 1603 3264 ablutionem
1617 3209 1696 3263 illam
1709 3207 1737 3263 in
1749 3208 1871 3263 formem

127 3310 210 3350 servo
225 3294 276 3350 nei
285 3293 484 3365 gemebundus
494 3294 612 3360 adstitit,
639 3300 756 3351 atroce
783 3296 916 3368 querula,
944 3302 972 3352 et
1025 3297 1246 3369 rerisanguinis
1260 3301 1491 3353 transmutatam.
1505 3296 1585 3362 Quod
1607 3297 1714 3352 factum
1738 3295 1872 3352 mirabile

128 3381 445 3454 ingentinlulatudixit
463 3382 735 3440 :ilenheuldelusi
754 3385 972 3453 sumus,inra·
1025 3403 1092 3442 mox
1123 3385 1272 3454 universis,
1299 3386 1350 3458 qui
1377 3386 1507 3454 aderant,
1534 3384 1669 3450 innotuit,
1700 3389 1729 3439 et
1751 3389 1819 3440 tnnc
1843 3391 1872 3440 et

128 3487 198 3526 num
214 3469 419 3540 laboravimus,
435 3470 504 3543 quin
521 3471 608 3526 etiam
622 3473 657 3527 ab
673 3471 782 3543 angelis
796 3473 845 3530 Dei
862 3474 973 3529 confusi
1025 3472 1313 3545 semperinlaudem
1338 3472 1400 3538 lici,
1431 3476 1460 3527 et
1481 3472 1601 3543 gloriam
1630 3471 1803 3527 contessoris
1827 3471 1872 3525 sui

125 3557 315 3616 discessimus.
335 3558 542 3614 desistentibus
557 3559 633 3614 enim
649 3558 715 3614 hinc
742 3566 772 3615 et
793 3559 862 3616 inde
890 3562 972 3618 nobis
1026 3561 1121 3616 omnis
1135 3560 1257 3616 Ecclesia
1272 3559 1552 3616 suecessoribussuis
1571 3560 1726 3615 enarrabit.

126 3653 155 3702 et
167 3646 318 3719 spiritibus
328 3645 476 3719 angelicis,
487 3647 590 3702 merite
607 3647 711 3703 animae
732 3649 807 3719 juste
823 3649 973 3707 instatere
1061 3654 1105 3707 39.
1123 3649 1226 3706 hiscite
1240 3666 1308 3722 ergo
1323 3649 1425 3706 divites
1439 3649 1525 3721 hujus
1548 3649 1642 3704 lacere
1666 3648 1763 3705 saculi
1791 3649 1874 3705 robis

126 3752 252 3811 appensa
263 3741 343 3804 sunt,
359 3741 388 3792 et
402 3736 543 3792 fasciculis
570 3742 749 3809 peccatorum
778 3739 972 3811 deprimenti·
1026 3739 1134 3795 amices
1149 3740 1184 3795 de
1199 3755 1366 3794 mammona
1379 3737 1549 3811 iniqnitatis,
1560 3742 1602 3805 ut,
1618 3753 1682 3793 eum
1699 3737 1872 3804 defeceritis,

125 3822 189 3892 bus,
198 3825 260 3897 jam
275 3841 347 3897 pene
361 3841 428 3897 pars
437 3830 534 3881 nostra
546 3826 826 3898 praeponderaverit.
1025 3827 1140 3899 ipsisne
1154 3827 1185 3883 in
1199 3833 1306 3884 aeterna
1321 3827 1476 3899 rescipient
1489 3827 1682 3883 tabernacula.
1702 3828 1791 3899 Hujus
1806 3843 1874 3882 vero

162 3916 206 3970 37.
241 3914 320 3970 Tune
348 3914 443 3971 subito
480 3915 598 3970 adustus
630 3914 748 3988 quidam
768 3916 972 3988 superveniens
1026 3915 1226 3990 gloriosissimi
1239 3933 1272 3970 ac
1285 3915 1444 3971 beatissimi
1459 3915 1549 3971 Patris
1572 3915 1717 3987 praeconia
1743 3915 1873 3987 linguam

125 4016 190 4057 cnm
207 4001 302 4058 catino
321 4019 420 4070 aureo,
441 4003 530 4075 partis
560 4003 667 4059 dextrae
693 4005 805 4060 lancem
831 4007 970 4071 oneravit,
1024 4006 1119 4062 carnis
1132 4005 1251 4062 reticere
1270 4022 1328 4060 uon
1342 4005 1482 4071 convenit,
1508 4005 1537 4060 in
1553 4004 1771 4076 cnjustrensitu
1787 4020 1876 4076 ange-

128 4091 293 4163 mirumque
306 4090 337 4145 in
352 4091 471 4147 modum
485 4091 560 4162 parti
572 4097 678 4146 nostrae
706 4092 778 4147 adeo
801 4095 971 4165 praeponde-
1026 4095 1063 4150 lis
1071 4094 1318 4166 triumphantibus
1332 4094 1435 4149 eaelum
1450 4093 1593 4148 exultavit.
1611 4093 1749 4148 Defuncto
1775 4092 1875 4165 itaque

126 4178 210 4247 ravit,
225 4184 258 4234 ut
277 4184 306 4234 et
332 4179 394 4250 ipsc
418 4179 512 4234 catino
533 4181 568 4235 ad
598 4185 704 4236 terram
727 4182 863 4254 collapso,
888 4184 1007 4276 ruinaD
1025 4181 1192 4239 beatissimo
1210 4182 1259 4238 Dei
1287 4183 1396 4238 lamule
1423 4198 1498 4237 anno
1524 4181 1606 4254 regni
1635 4181 1680 4236 sui
1707 4197 1780 4249 arrr,
1809 4183 1875 4237 ritae

126 4265 284 4321 collisionis
294 4266 408 4338 signum
420 4267 607 4339 impresserit.
624 4271 722 4341 ltaque
737 4268 858 4326 victores
877 4273 972 4344 angeli
1027 4271 1268 4346 quinquagesimo
1291 4271 1427 4340 secundo,
1458 4271 1576 4342 lmperii
1615 4287 1683 4325 rere
1707 4270 1872 4335 undecimo.

126 4353 255 4410 animam
270 4353 492 4428 nobisereptam
520 4357 678 4428 gaudentes
692 4357 722 4413 in
747 4374 832 4415 suum
857 4377 972 4417 couscr-
1026 4376 1132 4431 corpus
1143 4360 1205 4432 ejus
1215 4359 1246 4416 in
1259 4359 1379 4415 ecelesia
1392 4360 1542 4415 beatorum
1561 4359 1765 4430 Apostolorum
1796 4358 1874 4414 Petri

127 4441 201 4497 tium
228 4440 419 4498 abduxerunt.
453 4444 519 4499 iimo
543 4461 610 4500 raro
643 4446 757 4501 tametsi
788 4449 974 4519 corporaliter
1024 4453 1054 4505 et
1080 4448 1163 4504 Pauli
1189 4447 1381 4520 babenberga
1397 4447 1556 4503 honorilice
1581 4446 1726 4518 sepultum
1764 4449 1807 4501 cst
1841 4461 1875 4500 ac

127 4535 207 4602 gesta
223 4528 393 4594 referantur,
411 4547 526 4587 necesse
548 4537 644 4588 tamen
667 4538 710 4589 est
737 4538 768 4589 ut
792 4534 895 4591 virtute
914 4538 972 4609 spi·
1026 4535 1210 4610 postmodum
1221 4535 1318 4592 moltis
1332 4534 1538 4591 miraculorum
1553 4535 1735 4590 virtutibusa
1752 4533 1876 4590 homino

126 4617 226 4674 rituali
236 4619 380 4691 completa
393 4619 602 4692 intelligantur.
619 4622 674 4677 llas
688 4622 794 4705 etenim
809 4623 974 4695 spirituales
1027 4625 1217 4699 glorificatum
1233 4629 1284 4680 est.

403 4813 462 4878 An
493 4813 669 4879 arranh
696 4813 1034 4883 Miaacuhouuh
1064 4816 1358 4885 OBSERVATIO
1388 4817 1591 4883 Paravit.

162 4945 273 5030 Notneit
301 4947 449 5030 ‘Gretcer'us
474 4961 538 5015 pao.
576 4951 621 5032 .⁸'¹
653 4951 683 5004 in
709 4952 867 5023 cpcprnpbc
890 4953 1082 5022 bambergensi
1119 4957 1188 5012 Vitae
1210 4956 1238 5012 S.
1273 4957 1384 5012 ilenrici
1407 4959 1478 5013 bunc
1502 4973 1531 5013 se
1560 4958 1670 5012 titulum
1705 4960 1872 5028 reperisse:

125 5016 260 5086 «Incrpst
286 5017 354 5071 ieter
370 5033 478 5087 primus
507 5018 540 5073 dc
553 5024 611 5102 estc
634 5024 659 5074 et
680 5024 762 5087 pestis
787 5023 815 5080 S.
846 5025 957 5079 Hauriat
978 5027 1151 5094 imperatoris
1176 5029 1336 5093 contessoris
1353 5050 1377 5096 ι,
1392 5030 1422 5083 in
1436 5028 1526 5084 ecdem
1554 5029 1711 5099 apographo
1738 5043 1876 5098 nusquam

130 5101 275 5170 apparere,
290 5090 457 5172 «cntficem
485 5091 570 5158 prima
598 5096 647 5145 out
670 5092 813 5148 scordium
838 5095 905 5149 libri
931 5096 1057 5164 sccundi;
1086 5118 1100 5146 u
1124 5099 1181 5152 nisi
1193 5100 1274 5165 ferte,
1289 5101 1392 5168 iuquit,
1419 5099 1450 5153 id
1471 5100 1630 5154 sumendum
1650 5101 1688 5155 sit
1715 5115 1732 5153 a
1760 5115 1874 5155 conme-

128 5164 277 5212 moratione
309 5161 513 5225 mcrccutcrum,
546 5176 606 5231 que
638 5164 705 5217 Deus
737 5179 787 5233 per
819 5171 944 5221 coactum
971 5169 1172 5236 imperatorem.
1197 5170 1257 5238 iam
1280 5172 1338 5225 cite
1369 5173 1493 5237 nectum
1533 5171 1665 5238 patrarit.
1690 5172 1733 5226 lte
1761 5185 1875 5238 prorsus

127 5227 288 5311 censendum
313 5235 463 5299 potamum
491 5246 551 5286 enm
577 5237 660 5302 capnt
684 5235 719 5288 30
746 5234 856 5290 dicutur
888 5240 1036 5306 pereurris
1063 5244 1089 5294 et
1116 5240 1261 5308 epitocus:
1285 5255 1398 5311 sequeus
1422 5256 1485 5296 cero
1513 5244 1544 5297 {ll
1586 5257 1605 5296 c
1633 5242 1772 5296 musculis
1807 5244 1875 5296 teci·

126 5302 198 5369 prot,
238 5313 333 5368 nempe
367 5301 401 5355 nb
433 5318 465 5357 ec
499 5304 610 5371 visione,
640 5318 693 5373 quc
720 5306 814 5360 bruco
834 5307 1013 5376 Aupuetncus
1039 5311 1163 5376 antistes,
1201 5311 1296 5374 saecu
1320 5314 1431 5379 trater,
1465 5311 1500 5366 ab
1545 5311 1686 5368 martanda
1717 5314 1876 5382 episcopatu

162 5422 216 5492 (65)
228 5423 268 5478 lla
283 5423 336 5478 hac
346 5425 549 5499 qualicumque
570 5427 680 5484 risione
690 5429 882 5486 consulendus
894 5433 972 5488 Cret·
1025 5450 1107 5490 mum
1126 5435 1232 5491 exitum
1247 5436 1402 5507 pertinent,
1417 5451 1469 5491 suc
1484 5437 1545 5492 loco
1559 5437 1752 5509 exposuimus.

127 5526 208 5567 serus
222 5528 316 5584 apag.
332 5514 367 5568 aa
382 5530 388 5569 :
405 5529 458 5570 nos
472 5515 664 5590 reliquaque
687 5517 723 5575 ad
736 5517 832 5576 Sancti
843 5519 972 5577 ieticisu·
