3878 6112
85 279 141 335 sss
729 277 927 338 atribuere
942 269 1213 340 'messanenses
1794 278 1848 336 111

88 402 190 458 rabilis
214 402 402 460 Eremboldue
423 401 507 470 abba,
529 419 562 458 ex
591 404 765 459 monasterio
784 405 938 471 (lundensi,
954 407 976 462 11
995 405 1089 477 plagis
1113 419 1146 460 ac
1174 402 1338 473 territoriis,
1380 403 1455 459 inira
1482 404 1621 461 ditionem
1646 406 1763 478 imperii
1791 424 1846 464 no·

88 493 169 562 quod
184 497 228 548 est
238 492 327 548 situm
340 491 391 546 uhi
417 490 525 547 Scaldis
536 492 645 548 liuvius
660 493 753 564 hegin
769 493 857 549 lluvio
868 497 942 566 jun·
1000 494 1195 566 stri,justeac
1217 492 1349 562 legaliter
1376 493 1512 564 possidet,
1543 496 1587 549 vel
1614 510 1681 566 quae
1709 496 1847 567 deinceps

88 580 178 651 gitur,
193 585 390 636 constructum
405 596 421 634 e
437 581 467 636 Β.
483 582 614 635 1111111100
630 582 764 652 pontilice
785 583 942 637 inhonore
997 582 1101 653 injure
1119 581 1210 654 ipsius
1233 581 1322 636 sancti
1351 581 1404 637 loci
1418 583 1542 636 voluerit
1555 582 1653 637 divina
1676 584 1767 654 pietas
1794 599 1848 638 au·

88 670 117 723 S.
135 667 213 723 Petri
228 667 368 740 principis
398 667 605 739 apostolorum,
632 668 680 724 nbi
705 671 792 724 etiem
820 670 942 740 insignis
998 672 1069 741 geri,
1089 671 1126 726 ad
1144 686 1244 725 causas
1262 670 1419 726 audiendas
1448 672 1492 726 vel
1513 671 1594 745 irqda
1622 672 1775 743 exigenda,
1797 677 1848 728 aut

68 773 73 779 ·
93 757 168 812 Baro
184 757 332 811 wnieesor
353 757 460 812 Christi
474 756 606 827 quiescit,
627 755 731 811 obtulit
745 757 828 811 nobis
842 763 942 810 aucto·
998 762 1162 815 mansiones
1178 760 1222 814 vol
1236 763 1348 829 paratas
1359 760 1513 825 iaciendas,
1525 765 1576 814 aut
1590 761 1775 829 fidejussores
1791 761 1845 815 tol-

91 846 212 899 ritstem
227 844 420 899 immunitatis
434 845 534 899 domni
549 845 738 900 antecessoris
759 846 860 908 nostri,
886 845 943 899 sci·
998 847 1108 916 leudos,
1119 852 1168 901 aut
1183 847 1314 902 homines
1329 847 1406 902 illius
1428 847 1492 914 loci,
1509 854 1568 903 tam
1592 847 1735 920 ingenuos
1760 864 1847 921 quam

93 933 163 988 licet
173 933 286 989 ottonis
297 932 478 988 invictissimi
494 933 685 1005 imperatoris.
998 951 1104 998 servos,
1134 943 1341 1007 superterram
1366 935 1455 1007 ipsius
1483 943 1701 991 commanentes
1727 937 1848 992 distrin-

129 1023 163 1076 ln
184 1038 244 1093 qua
263 1021 465 1077 continebatur
483 1021 624 1077 insertum
654 1022 780 1094 qualiter
805 1025 876 1094 ipse,
904 1023 943 1078 ob
999 1025 1117 1096 gendos,
1143 1040 1195 1080 nec
1222 1025 1296 1079 ullas
1318 1024 1526 1080 redhibitiones
1553 1025 1743 1080 ant-illicitas
1766 1042 1847 1081 0111·Ι

92 1126 224 1166 amorem
244 1112 337 1165 beist
354 1111 506 1182 premium
521 1116 636 1166 reternoe
653 1111 859 1179 retributionis,
878 1129 944 1184 pro·
999 1113 1094 1168 aiones
1121 1112 1321 1185 requirendas,
1352 1113 1457 1167 nostris
1482 1129 1515 1169 ac
1543 1106 1652 1168 futuris
1669 1114 1849 1184 temporibus

91 1202 231 1271 prietates
255 1215 363 1264 rerum,
389 1200 583 1271 quorumdam
607 1200 758 1270 tyrannica
791 1200 943 1255 invasione
1000 1202 1113 1272 ingredi
1135 1201 1254 1266 audeat,
1282 1201 1327 1256 vel
1346 1210 1380 1255 ea
1401 1216 1466 1272 quer
1495 1207 1850 1273 supramemoratarum

93 1289 201 1359 injuste
230 1293 399 1359 praereptas,
422 1288 517 1342 eidem
558 1288 736 1344 monasterio
773 1289 943 1355 restitnerit,
1000 1291 1430 1362 penitnserigercpreesumat.

93 1377 208 1448 hocque
235 1392 294 1431 sne
322 1376 550 1431 coutlrmetionis
573 1377 680 1447 scripto
703 1377 891 1445 roboraverit,
917 1383 947 1433 et
1035 1376 1491 1442 Sedetnsemoretomonasterio,
1507 1377 1848 1448 spebeatitudinisreter·

93 1465 172 1536 qnod
189 1465 312 1535 qratiam
324 1464 458 1519 fraternae
474 1464 616 1520 societatis
630 1465 661 1520 in
681 1466 783 1520 eodem
800 1474 945 1522 monaste·
1001 1483 1057 1536 na,
1073 1473 1106 1523 ut
1116 1469 1151 1522 ad
1167 1468 1289 1521 salutern
1304 1465 1408 1520 animae
1424 1481 1495 1520 mere
1506 1465 1536 1520 in
1550 1470 1656 1520 eterna
1672 1467 1770 1538 quiete
1784 1482 1849 1539 pro-

95 1553 209 1609 riosibi
237 1568 401 1608 concessam
425 1553 570 1624 habuerit,
597 1555 642 1610 vel
667 1555 792 1626 qualiter
814 1556 946 1610 oninium
1002 1557 1105 1625 veniat,
1121 1553 1397 1621 cumressisiredis,
1426 1553 1558 1609 omnium
1583 1555 1756 1610 teloniorum
1779 1571 1849 1612 exa-

95 1641 259 1696 exactioues
272 1641 454 1696 teloneorum
467 1640 631 1697 indulserit.
962 1688 983 1743 B
1003 1645 1112 1700 ctiones
1126 1644 1252 1699 indultas
1270 1660 1332 1699 esse
1351 1643 1482 1698 volumus
1503 1659 1536 1698 ae
1550 1642 1695 1710 remissas,
1719 1644 1793 1699 sicut
1818 1645 1849 1699 in

127 1731 188 1786 l’ro
195 1729 340 1785 firmitatis
359 1745 484 1801 namque
494 1730 589 1786 studio
599 1731 710 1803 rogavit
721 1747 774 1787 uos
791 1733 945 1803 predictus
999 1739 1144 1806 praecepto
1159 1731 1345 1788 antecessoris
1359 1731 1415 1787 mei
1429 1731 1596 1787 continetur
1624 1747 1631 1785 :
1660 1731 1700 1786 ita
1715 1737 1747 1786 ut
1775 1747 1849 1804 quo·

96 1819 288 1875 Eremboldus
309 1818 397 1874 abbas
415 1833 479 1874 eam
502 1820 644 1880 renovari,
668 1820 775 1876 scilicet
789 1826 832 1889 ut,
855 1827 945 1877 tantae
999 1823 1054 1878 ties
1071 1837 1125 1894 pro
1141 1821 1265 1876 utilitate
1285 1820 1452 1876 monasterii
1479 1836 1511 1875 ac
1524 1820 1647 1875 fratrum
1670 1819 1785 1892 aliquas
1805 1820 1849 1876 di·

96 1907 243 1962 firmitatis
264 1907 356 1978 gratia
384 1911 511 1962 nostram
544 1923 660 1979 quoque
686 1909 945 1981 superadderemus
1000 1911 1054 1982 rigi
1067 1911 1229 1982 contigerit,
1246 1925 1298 1979 per
1314 1910 1425 1964 diversa
1449 1909 1511 1964 loca
1534 1909 1649 1979 imperii
1671 1908 1765 1963 nostri
1776 1921 1847 1964 enn-

96 1994 308 2051 auctoritatem.
347 1994 435 2065 CuJ'us
474 1995 607 2067 petitioni
650 1996 775 2051 libenter
796 2013 945 2053 assensum
999 2001 1077 2056 tibus
1091 2006 1121 2054 et
1138 1999 1357 2065 revertentibus,
1384 1998 1493 2069 absque
1508 1998 1565 2052 ulla
1581 1996 1789 2052 sollicitationis
1803 1996 1848 2052 in·

96 2088 271 2151 annuentes,
286 2083 466 2139 decrevimus
494 2082 581 2155 regia
607 2083 946 2156 dignitatispraeceptum
1000 2087 1179 2160 quietudine,
1204 2087 1351 2157 negotium
1376 2101 1461 2140 sunm
1484 2085 1568 2140 liceat
1586 2101 1717 2140 exercere
1748 2089 1848 2156 quete-

96 2173 170 2241 tieri,
199 2171 333 2228 videlicet
353 2176 385 2227 ut
413 2172 622 2227 monasterium
663 2188 711 2227 res
748 2189 814 2228 suas
851 2175 947 2246 quiete
1002 2193 1055 2232 nus
1077 2177 1153 2247 ipsos
1177 2191 1273 2229 servos
1290 2174 1339 2230 liei
1358 2174 1464 2229 ibidem
1485 2172 1657 2228 tumulantes
1681 2189 1734 2243 pro
1749 2178 1850 2228 ment-

97 2260 252 2334 possideat,
268 2275 390 2331 quarum
407 2260 469 2316 haec
479 2266 546 2315 sunt
561 2261 697 2315 vocabula
713 2277 720 2316 :
1001 2282 1057 2337 qne
1072 2270 1149 2319 statu
1166 2264 1247 2335 regui
1260 2281 1277 2317 a
1292 2264 1349 2319 Deo
1364 2262 1435 2317 mihi
1449 2261 1588 2327 concessi,
1608 2261 1719 2332 jugiter
1734 2260 1847 2316 miseri·

132 2351 194 2406 lloc
205 2354 249 2403 est
263 2348 293 2403 in
308 2364 383 2420 pago
395 2349 585 2420 baagbatensi
600 2349 697 2404 villam
713 2349 947 2422 Suolrnarnlloil
1001 2352 1128 2408 cordiam
1150 2351 1330 2407 lieiexorare
1347 2350 1479 2405 delectet.
1500 2350 1536 2405 Ut
1549 2354 1648 2404 autem
1663 2348 1749 2419 hujus
1764 2363 1848 2402 reno·

98 2453 165 2493 rum
184 2437 311 2492 ecclesiis
324 2437 437 2493 duabus
451 2442 480 2492 et
494 2437 630 2492 omnibus
652 2437 821 2508 adjacentiis
834 2438 905 2505 siris,
920 2443 949 2493 et
1001 2439 1123 2496 vetionis
1152 2456 1185 2495 ac
1208 2439 1435 2494 confirmationis
1464 2436 1619 2492 auctoritas
1648 2436 1788 2507 maiorem
1819 2435 1849 2490 iu

98 2524 198 2580 villam
213 2523 348 2580 liolthem
362 2523 437 2596 (101)
453 2539 520 2579 curu
532 2525 654 2580 ecclesia
666 2540 699 2579 ac
714 2525 795 2595 silva,
811 2531 840 2581 et
851 2527 948 2595 ,llere-
1003 2529 1053 2583 Dei
1064 2527 1181 2582 nomine
1198 2526 1325 2581 obtineat
1339 2527 1476 2598 vigorem,
1503 2540 1591 2580 manu
1615 2524 1733 2596 propria
1751 2522 1851 2578 subter

98 2612 191 2680 sbem,
208 2617 238 2667 et
252 2612 433 2668 Fliethersele
447 2613 519 2685 (lob)
535 2629 600 2668 cum
616 2613 742 2667 ecclesiis
765 2620 793 2668 et
816 2615 949 2670 omnibns
1001 2616 1179 2682 confirmavi,
1207 2614 1363 2686 annulique
1385 2613 1573 2683 impressione
1598 2612 1739 2684 assignari
1763 2611 1846 2683 jussi.

98 2699 278 2772 appendiciis
287 2700 473 2768 eorum,etin
483 2701 584 2756 eodem
594 2702 757 2772 pagovillas
768 2702 812 2757 bis
822 2703 948 2757 nomini·
1037 2704 1153 2770 Sipnnm
1169 2706 1277 2758 Domini
1291 2704 1402 2759 ilenrici
1415 2705 1488 2772 repis
1503 2703 1687 2757 invictissimi.

98 2789 152 2842 bus
163 2787 265 2853 dictas,
277 2788 379 2843 llerem
389 2795 418 2842 et
428 2787 565 2844 lietheka
575 2789 730 2844 etSetteka
740 2797 769 2844 et
783 2789 948 2856 cranihom,
1038 2792 1200 2863 Egilbertus
1214 2791 1412 2857 cancellarius,
1432 2791 1492 2845 vice
1518 2790 1650 2862 willigisi
1671 2788 1843 2859 archicapel·

98 2875 174 2929 etin
191 2874 370 2931 iiienBohott
385 2877 470 2946 (100).
487 2877 557 2932 Cum
574 2878 698 2933 ecclesiis
726 2878 950 2949 singulis‚silvis
1003 2879 1072 2945 lani,
1084 2879 1260 2951 recognovit.

98 2969 128 3018 et
141 2962 278 3019 omnibus
292 2963 469 3035 appendiciis
490 2965 616 3036 propriis
628 2985 637 3032 ;
651 2981 722 3037 quas
733 2966 848 3038 quidem
868 2968 986 3024 villasC
1040 2969 1110 3023 Data
1138 2968 1224 3022 Nonis
1240 2967 1397 3035 Februarii,
1427 2982 1503 3022 anno
1530 2965 1688 3023 Dominicis
1713 2965 1849 3020 incarus·

98 3066 167 3106 cum
181 3051 355 3120 aliisrebus,
369 3053 562 3124 quorumdam
589 3052 688 3108 hostili
710 3054 886 3125 predatione
900 3055 949 3109 iu·
1004 3056 1090 3111 tionis
1105 3056 1258 3112 millesime
1286 3056 1382 3119 tertio,
1411 3055 1565 3111 indictione
1591 3055 1783 3127 prima,anno
1809 3069 1850 3107 se·

95 3141 175 3211 juste
191 3139 335 3211 abreptas,
352 3140 487 3195 dominus
505 3146 669 3197 antecessor
689 3149 787 3198 noster
808 3143 950 3214 gloriosus
1004 3145 1098 3200 cundo
1113 3145 1212 3200 domni
1228 3145 1341 3202 Henrici
1354 3145 1465 3218 regisll.

100 3229 261 3299 imperator
272 3230 338 3301 jure
352 3244 385 3283 ac
399 3229 447 3300 pie
463 3229 627 3285 redonavit.
1040 3235 1141 3289 nevum
1153 3234 1371 3306 indquispreno
1386 3233 1492 3305 palatio
1506 3233 1636 3288 leliciter.

135 3318 171 3373 Et
182 3317 216 3372 in
234 3316 305 3373 llien
319 3317 417 3373 villam
432 3319 585 3387 l'ruuethe,
602 3334 668 3373 curn
691 3319 810 3374 ecclesia
833 3325 863 3375 et
884 3336 950 3376 om·
1395 3322 1461 3378 11111.

101 3405 187 3461 uibus
200 3406 374 3476 appenditiis
389 3406 522 3479 propriis.
543 3408 576 3462 lit
589 3423 690 3462 nemus
706 3407 816 3463 Summi
826 3409 951 3465 Gerotha
1004 3413 1131 3481 iiipiorno
1147 3412 1220 3478 repis
1255 3412 1366 3466 ilenrici
1408 3413 1455 3478 11,
1484 3410 1652 3466 concedentis
1680 3409 1852 3464 Adutbevoni

100 3493 175 3549 etin
189 3493 310 3549 wilrika
336 3495 487 3551 ecclesiam
520 3511 587 3551 cnm
614 3497 797 3569 appenditiis.
828 3497 860 3552 ln
876 3513 951 3569 pago
1155 3499 1468 3568 comitibonnuvnsuper
1482 3500 1700 3567 opresoesfevus.

101 3597 222 3654 quoque
232 3581 342 3638 Scaldis
359 3583 568 3656 possessionem
587 3586 724 3641 vocabulo
740 3586 836 3652 Erilis,
851 3591 880 3640 et
898 3587 949 3641 Pa·
1259 3588 1354 3657 (Anno
1375 3587 1597 3658 1001301111.)

101 3670 257 3742 pingolant
269 3686 335 3726 cum
348 3673 510 3729 ecclesiast
524 3673 661 3728 omnibus
691 3674 867 3745 appenditiis
881 3690 951 3746 prc-
1229 3674 1318 3743 [Ried,
1332 3676 1380 3730 ubi
1402 3691 1497 3744 supro,
1513 3693 1541 3747 p.
1560 3674 1633 3747 110)

102 3758 185 3831 prii»,
200 3762 331 3830 eteuper
347 3761 507 3817 odrorstiet
522 3765 640 3825 terrain,
657 3762 951 3834 inquupossuntali
1040 3762 1202 3819 innomine
1218 3767 1322 3817 sauctae
1350 3766 1380 3815 et
1393 3761 1552 3818 individuae
1566 3760 1726 3825 Trinitatis,
1742 3761 1853 3814 11111111·

101 3863 169 3903 oves
190 3847 369 3920 quingente,
385 3856 414 3904 et
429 3849 573 3922 quidquid
599 3867 631 3905 ex
646 3850 756 3906 ditione
776 3851 804 3906 S.
830 3852 952 3909 liavonis
1005 3867 1053 3905 cus
1066 3849 1161 3904 divina
1175 3848 1288 3903 iavenle
1303 3847 1460 3902 clementia
1474 3861 1533 3901 rer.

102 3936 132 3991 iu
148 3936 310 3992 bevelauda
332 3939 405 4005 (llll)
428 3943 458 3993 et
484 3938 516 3993 in
531 3939 667 4006 walacra,
694 3945 723 3995 et
747 3939 778 3994 in
800 3941 951 4002 Bruinsela
1041 3938 1146 3993 Notum
1169 3936 1207 3990 sit
1235 3935 1370 3990 omnibus
1387 3935 1494 3990 nostris
1509 3933 1653 4003 fidelibus,
1664 3930 1854 4004 praesentibus

102 4023 248 4081 contineri
260 4024 447 4097 dignoscitur,
460 4031 491 4082 et
517 4026 547 4081 in
561 4027 809 4099 desperiaterram
834 4028 864 4083 in
895 4045 951 4102 qua
1006 4027 1113 4082 scilicet
1126 4030 1154 4080 et
1168 4024 1283 4093 interis,
1298 4024 1422 4096 qualiter
1443 4038 1507 4089 nos,
1522 4021 1608 4079 fidele
1619 4038 1672 4093 per
1683 4019 1780 4074 omnia
1794 4035 1853 4073 ser·

101 4117 223 4182 possunt
236 4113 314 4184 pasci
344 4128 475 4169 verveces
501 4130 573 4180 cccc,
603 4118 676 4171 etin
693 4117 751 4171 alio
779 4117 842 4172 loco
865 4134 904 4173 cr„
922 4124 952 4173 et
1006 4114 1106 4169 vitium
1134 4112 1231 4168 dilecti
1258 4112 1343 4166 nobis
1369 4111 1483 4166 comitis
1507 4109 1640 4165 videlieet
1667 4107 1855 4164 adalberonis

104 4203 132 4256 in
148 4200 370 4274 llullcolssuper
382 4202 504 4258 lluvium
519 4205 591 4259 Lora
605 4219 676 4260 cccc.
1007 4205 1163 4270 intuentes,
1178 4205 1265 4272 atque
1281 4199 1372 4272 ipsius
1390 4199 1628 4271 supplicationem
1640 4214 1692 4270 per
1708 4197 1853 4252 interven·

137 4291 197 4346 lloe
220 4305 301 4362 ergo,
328 4306 393 4346 eum
412 4291 492 4347 omni
506 4307 604 4347 rerum
631 4294 666 4348 ad
696 4309 727 4349 se
741 4293 949 4366 pertinentium
1008 4300 1071 4348 turn
1086 4289 1241 4347 venerandi
1259 4288 1392 4361 presulis
1406 4287 1581 4344 Getescalchi
1596 4287 1786 4351 attendentes,
1800 4282 1855 4339 sibi

103 4394 218 4435 summa
235 4378 412 4450 integritate,
436 4381 643 4436 confirmamus
670 4382 838 4452 perenniter
852 4384 953 4440 usibus
1008 4385 1094 4453 prout
1108 4380 1171 4451 ipse
1185 4379 1387 4449 postulaverat,
1401 4378 1469 4448 quia
1484 4376 1617 4447 legaliter
1640 4375 1797 4448 potuimus,
1812 4389 1857 4429 rc·

103 4470 227 4523 iratrum
253 4467 365 4538 prseiati
379 4468 512 4535 caenobii,
532 4470 585 4525 sub
600 4476 738 4542 perpetua
761 4471 952 4528 immunitatis
1008 4469 1081 4542 galis
1098 4468 1235 4540 potentie
1250 4466 1380 4522 bannum
1404 4481 1490 4537 snper
1512 4470 1638 4536 agrestm
1650 4465 1725 4519 ierne
1738 4478 1855 4518 conces·

103 4556 281 4622 defensione,
295 4572 328 4611 ec
353 4563 461 4614 nostrie
475 4558 655 4613 celsitudinis
669 4559 742 4614 iacto
766 4565 950 4616 testamento.
1007 4557 1099 4613 simus
1112 4557 1188 4613 inter
1200 4556 1270 4611 duos
1285 4555 1389 4611 iluvios
1400 4556 1488 4610 Ysare
1500 4561 1528 4610 et
1544 4552 1665 4610 Linbasa
1687 4559 1747 4606 tarn
1769 4565 1857 4621 snper

105 4646 155 4700 Per
184 4644 265 4717 quod
293 4645 430 4716 jubemus
458 4651 546 4717 etque
573 4647 764 4718 praecepimus
798 4652 831 4703 ut
856 4649 953 4705 nullus
1007 4645 1154 4719 propriam
1176 4645 1276 4716 ipsius,
1301 4644 1352 4716 qui
1367 4644 1569 4716 praeiatusest,
1582 4640 1772 4697 adalberonis
1800 4645 1856 4694 ter·

103 4749 200 4788 comes
214 4736 265 4787 aut
279 4732 370 4803 judex
384 4732 528 4803 publicus,
554 4733 687 4803 vicarius,
713 4736 879 4804 advocatus,
901 4752 953 4792 seu
1008 4751 1081 4802 ram,
1097 4750 1185 4806 quam
1200 4748 1288 4804 super
1301 4732 1455 4788 domorum
1470 4731 1680 4803 pontillcelinm
1694 4730 1738 4782 vel
1755 4742 1854 4783 mona·

102 4821 226 4891 quilibet
253 4836 288 4877 ex
313 4821 467 4890 iudiciaria
499 4827 638 4893 potestate
663 4824 693 4878 iu
717 4824 858 4889 ecclesias,
904 4830 954 4880 aut
982 4873 986 4879 .
1009 4821 1197 4878 steriorumin
1209 4821 1345 4888 abbaciis,
1357 4836 1423 4892 qne
1433 4820 1474 4876 ibi
1484 4820 1566 4876 nobis
1580 4818 1735 4890 pertinent,
1751 4816 1854 4876 terras.

104 4910 163 4965 toea
188 4910 234 4964 vel
260 4925 357 4980 apros,
384 4926 435 4966 eeu
462 4910 591 4983 reliquas
618 4912 813 4983 possessiones
840 4914 953 4985 praelati
1008 4914 1067 4969 sive
1085 4911 1217 4969 omnium
1239 4909 1355 4966 illorum
1369 4909 1522 4965 hominum
1550 4914 1649 4968 terras,
1665 4904 1717 4976 qui
1740 4903 1856 4973 iu-pre·

104 4998 284 5066 monasterii,
306 5014 378 5070 quas
399 4999 538 5056 moderno
567 5005 697 5071 tempore
722 5001 753 5056 in
777 5001 954 5074 quibuslibet
1007 5001 1137 5057 sentivel
1150 5000 1181 5055 in
1199 5000 1296 5055 tuturo
1306 4997 1476 5070 hujusmodi
1489 5011 1551 5052 rem
1574 5010 1640 5050 cum
1654 5008 1689 5048 eo
1711 4989 1856 5047 111111101-

134 5103 476 5176 (103)811111111111,11οά11
490 5107 623 5162 flunmen
633 5107 741 5172 8111111,
756 5105 836 5161 vicus
862 5123 953 5180 prope
1010 5106 1129 5175 Belgicis
1145 5108 1177 5159 11
1192 5104 1261 5159 liov.
1277 5102 1367 5159 insius
1381 5119 1415 5158 ex
1436 5101 1514 5157 licui.

104 5175 322 5241 5001119101οω·
1045 5176 1121 5247 (105)
1149 5174 1342 5242 l'liethersele,
1371 5173 1390 5228 h
1430 5173 1457 5227 ie
1500 5169 1660 5226 Viicderacle
1696 5183 1747 5223 seu
1762 5168 1855 5241 vulgo

133 5249 211 5317 (101)
227 5247 351 5310 lloltem,
367 5247 612 5319 vulgationem,
629 5247 953 5303 vicustertiomilliario
1013 5247 1164 5312 Vlierzects,
1179 5245 1305 5301 secundo
1319 5245 1346 5300 la
1369 5243 1415 5300 ida
1428 5243 1465 5298 ab
1480 5242 1587 5297 alosto.
1611 5309 1617 5321 ⁸
1664 5311 1669 5322 1
1726 5310 1733 5322 Ο

103 5316 318 5376 aGendavoin
344 5317 426 5388 cujus
440 5316 556 5372 basilica
576 5317 734 5388 parochiali
760 5318 830 5372 olim
858 5321 951 5387 sepul·
1045 5318 1116 5387 (106)
1135 5316 1259 5383 Bocholt,
1275 5317 1346 5372 Bouc
1382 5319 1421 5380 ut,
1446 5327 1539 5383 pegus
1557 5327 1619 5384 agri
1637 5310 1750 5367 lirensis
1764 5324 1854 5382 prope

104 5395 161 5444 turn
175 5389 233 5444 iuit
248 5403 353 5459 corpus
381 5392 410 5446 S.
436 5388 529 5443 Livini
555 5389 683 5460 episcopi
708 5394 738 5444 et
758 5389 953 5445 Gaudensium
1012 5389 1105 5444 hiram
1117 5387 1152 5442 de
1168 5403 1225 5459 qno
1241 5402 1340 5511 supra,
1357 5400 1394 5456 pa
1417 5386 1480 5438 ev.

104 5460 229 5530 patroni,
246 5459 419 5532 videturque
432 5459 593 5515 etiamnum
621 5460 750 5515 tumulus
779 5460 886 5514 ibidem
905 5461 953 5514 in·
1045 5459 1120 5528 (107)
1148 5459 1308 5514 Bevelann
1337 5462 1366 5510 et
1431 5455 1536 5523 alacre,
1561 5452 1664 5509 insulse
1702 5451 1855 5514 zelandiae,

103 5532 195 5604 (1111111
210 5530 309 5599 molis,
336 5545 402 5587 cuin
429 5545 515 5587 cavea
527 5531 737 5588 subterranea:
765 5536 796 5585 nt
810 5531 841 5587 in
865 5530 954 5587 Fastis
1010 5531 1188 5589 chrlnntet
1203 5528 1346 5584 Voicnren.
1789 5534 1791 5538 “
