3894 6120
367 269 413 326 DE
433 266 664 327 uttanslrnrn
682 267 879 328 'llillPOllUll
901 270 997 328 LIBRI
1017 271 1096 329 utto.
1117 303 1151 312 —-
1172 272 1235 328 tle.
1257 273 1290 327 11.
1647 279 1700 332 tra

88 393 129 452 nd
151 388 364 465 imperatorem
394 392 560 463 mittuntur,
589 391 639 464 qui
654 396 835 451 tunccnmA
855 393 983 467 utrisque
1008 396 1144 452 certatur.
1171 396 1220 452 Sel
1247 394 1407 467 oppidanos
1430 395 1461 450 in
1480 396 1535 452 hoc
1558 399 1700 468 superari,

86 483 119 539 in
144 481 317 554 Burgundia
347 482 523 550 morabatur,
553 481 589 536 ab
610 480 655 537 his
671 482 796 539 deWic-
851 483 929 555 quia,
946 499 1011 540 cum
1039 484 1124 540 multi
1151 484 1336 539 accessissent
1356 489 1385 540 et
1399 484 1562 556 defatigatis
1572 485 1621 540 alii
1635 502 1698 541 suc·

70 572 129 630 ada
155 574 323 642 cognoscet.
355 569 410 635 Qui
424 570 460 625 de
479 574 571 624 morte
587 569 753 625 amicissimi
768 577 798 628 et
850 571 1012 642 cessissent,
1034 577 1151 645 propter
1178 573 1353 643 paucitatem
1369 572 1584 628 defendentium
1608 590 1640 628 ex
1655 573 1700 629 bis

70 660 154 717 ssimi
175 659 229 714 riri
248 658 438 713 veliementer
461 662 631 723 commotus,
649 663 796 714 auctorem
851 660 923 715 nibil
938 662 973 716 ab
997 661 1039 718 eis
1058 661 1120 717 lieri
1135 660 1241 733 potuit.
1264 661 1395 716 Mulieres
1419 677 1534 733 quoque
1554 660 1643 732 galeis
1655 678 1699 717 ca·

70 757 79 807 t
107 752 323 824 persequantur
338 753 366 802 et
379 745 455 801 bona
471 747 532 818 ejus
551 746 688 819 diripiant
698 747 794 820 jussit,
849 747 958 820 pitibus
983 750 1171 822 superpositis
1201 765 1253 820 per
1281 766 1396 805 murum
1430 749 1642 820 disposuerunt,
1672 753 1700 804 et

71 838 119 896 ico
145 834 486 893 renturnmdenuntiat.
512 835 795 892 Baldricusveroin·
849 852 902 908 per·
923 853 972 892 eas
997 836 1122 910 speciem
1150 836 1343 908 pugnantium
1367 837 1564 908 praebuerunt,
1594 836 1701 891 utrisa

70 947 76 984 r
103 926 254 984 neminem
270 924 356 978 aliter
381 923 610 979 existimaturum
634 940 722 997 quarn
745 941 796 981 suo
849 924 1207 997 quasicopiaarmatorum
1219 924 1447 996 desperationem
1458 925 1557 997 oppidi
1568 924 1702 997 potiundi

84 1016 236 1073 bominem
265 1013 486 1083 interemptum,
504 1013 795 1086 proptereaqnodab
849 1012 978 1068 hostibus
1005 1014 1114 1069 darent.
1145 1013 1259 1067 Talibus
1285 1001 1474 1068 incommodis
1497 1013 1620 1085 fatigati,
1649 1015 1700 1070 ali·

70 1105 109 1161 mi
123 1104 261 1159 inritatus
293 1101 398 1168 inerat,
424 1106 453 1155 et
478 1101 583 1173 oppido
597 1107 753 1173 receperat,
768 1105 797 1157 et
849 1105 921 1174 quot
935 1100 1035 1156 diebus
1054 1117 1130 1173 augre
1147 1100 1391 1171 obpugnationem
1405 1101 1559 1157 sustinent.
1585 1101 1632 1158 Set
1641 1102 1702 1158 haec

70 1211 96 1251 m
126 1192 298 1259 deduxerat,
328 1196 357 1244 et
378 1190 577 1261 inpraesentia
604 1207 656 1245 sua
679 1195 796 1246 necatus
849 1189 910 1244 sola
940 1205 984 1243 res
1012 1188 1139 1244 remedio
1163 1187 1220 1243 illis
1249 1189 1559 1260 erat,quodlocusex
1578 1191 1701 1262 planicie

70 1280 141 1354 pravi
156 1281 255 1335 dolore
267 1278 449 1334 alliciebatur
463 1282 491 1333 et
506 1278 575 1350 quid
600 1277 668 1334 hnic
684 1279 728 1334 rei
743 1296 794 1350 op·
849 1293 953 1332 natura
964 1277 1115 1347 paululum
1124 1276 1251 1342 adclivis,
1267 1282 1295 1332 et
1307 1293 1410 1348 aggere
1424 1278 1549 1350 aegregie
1565 1279 1701 1346 elevatus,

90 1367 281 1439 excogitabat.
297 1368 389 1433 Quem
418 1366 516 1421 dolore
537 1372 707 1423 maerentem
724 1384 797 1424 uxor
850 1371 878 1420 et
895 1381 989 1433 muro,
1005 1365 1082 1437 quod
1109 1364 1140 1420 in
1164 1365 1220 1419 illis
1232 1365 1303 1420 loeis
1327 1366 1507 1421 rarissimum
1522 1373 1574 1433 est,
1591 1369 1702 1424 circun-

70 1477 88 1529 r,
124 1457 223 1512 multis
261 1455 506 1527 increpationibus
532 1454 681 1526 arguebat,
711 1461 739 1512 et
764 1462 796 1512 ut
850 1455 933 1510 datus
963 1457 1033 1509 erat.
1064 1454 1135 1509 lluic
1163 1454 1292 1510 lirmitati
1316 1454 1415 1526 pocius
1444 1472 1532 1527 quarn
1554 1456 1609 1511 sibi
1634 1457 1703 1528 ipsis

70 1547 131 1601 iem
151 1551 180 1600 et
199 1545 275 1599 vires
290 1549 418 1599 sumeret
440 1549 469 1598 et
484 1543 624 1599 desidiam
640 1544 797 1616 deponeret
850 1543 1045 1599 confidebant.
1064 1542 1192 1599 Seiram
1220 1543 1426 1614 imperatorem
1456 1544 1702 1616 adpropinquasse

70 1650 120 1689 ur.
148 1632 228 1687 lianc
243 1632 397 1686 molliciem
412 1631 502 1686 animi
518 1630 568 1684 vili
583 1632 728 1704 mancipio
743 1650 794 1704 po·
852 1636 1059 1704 cognoscerent
1072 1636 1101 1686 et
1128 1632 1190 1704 ejus
1217 1635 1309 1688 castra
1337 1632 1436 1704 procul
1456 1633 1549 1687 extrui
1572 1633 1703 1688 animad-

70 1737 115 1778 am
142 1721 184 1775 illi
212 1735 372 1790 congruere
395 1720 515 1785 dicebat,
542 1719 654 1791 hocque
669 1721 798 1793 aequiore
853 1726 1008 1789 verterent,
1034 1721 1183 1793 desperata
1206 1720 1307 1788 salute,
1336 1721 1372 1777 de
1397 1721 1543 1777 deditione
1557 1721 1592 1776 ad
1608 1723 1704 1777 hostes

70 1810 210 1866 erendum
231 1809 323 1875 docet,
348 1810 427 1880 qnod
442 1809 522 1864 nullo
538 1809 666 1864 remedio
682 1825 799 1882 recupe-
854 1811 964 1882 legatos
993 1808 1142 1865 miseruut.
1167 1809 1275 1875 Quibus
1298 1810 1476 1866 adelboldus
1498 1810 1651 1882 episcopus
1674 1816 1704 1865 et

70 1900 121 1956 sit.
154 1899 253 1969 Neque
281 1896 367 1952 etiam
386 1896 579 1952 dubitandum
599 1897 799 1969 quinsuara·
855 1899 1037 1955 Bernhardus
1065 1899 1120 1954 dux
1147 1897 1261 1953 reniam
1289 1899 1441 1968 dederunt,
1464 1904 1492 1954 et
1507 1916 1623 1956 uxorem
1640 1901 1703 1956 nol-

70 1988 242 2044 trolnntele
271 1985 406 2041 comitem
435 1985 798 2044 occisumillosarbitrau·
853 1987 926 2043 drici
949 2003 1014 2042 cum
1042 1986 1102 2041 suis
1128 1987 1214 2042 rebus
1240 1988 1374 2043 omnibns
1402 1987 1482 2042 abire
1499 1988 1703 2059 permiserunt.

77 2075 185 2132 idcirco
211 2075 311 2147 procul
338 2073 426 2129 dubio
458 2074 637 2130 credendum
656 2077 799 2132 ultionem
855 2074 1010 2130 Castellum
1039 2091 1116 2140 vero,
1133 2090 1216 2130 muro
1250 2075 1345 2132 diruto
1365 2077 1705 2144 cisubrerso,incendio

70 2180 124 2221 esee
154 2163 353 2234 expetendam.
382 2162 508 2218 Proinde
526 2171 798 2235 opusesseutsuae
855 2167 1104 2235 consumpserunt.

70 2269 121 2328 que
149 2251 236 2308 saluti
265 2250 442 2323 prospiceret
466 2256 495 2305 et
514 2251 599 2305 rebus
611 2252 671 2307 suis
684 2254 800 2310 tuendis
1002 2252 1043 2308 tl.
1058 2251 1308 2321 Deltuodoidorepe
1322 2252 1558 2320 Burgundionum.

81 2358 150 2399 cura
176 2341 349 2411 invigilaret.
385 2339 435 2395 llis
461 2345 489 2395 et
515 2339 580 2394 aliis
598 2340 800 2421 hujuscemodi
891 2340 1120 2413 Imperatorillis
1149 2340 1249 2395 diebus
1277 2341 1306 2396 in
1330 2341 1504 2411 Burgundia,
1522 2347 1553 2396 ut
1572 2339 1705 2413 predixi,

70 2431 194 2503 urnjugis
219 2433 367 2501 permotus
391 2426 470 2483 etin
500 2427 624 2499 majores
651 2432 800 2504 angustias
856 2445 921 2485 cum
936 2431 1062 2486 exercitu
1093 2427 1147 2485 hec
1166 2428 1201 2484 de
1223 2447 1308 2485 causa
1336 2430 1507 2485 morabatur.
1531 2431 1603 2485 Nam
1631 2430 1707 2485 liuo-

70 2537 94 2587 s,
120 2524 315 2575 commeatum
327 2518 356 2572 in
372 2516 513 2590 oppidum
528 2521 693 2589 conportari
704 2522 798 2592 jubet,
857 2519 959 2574 doldus
987 2535 1036 2575 rex
1062 2519 1238 2590 Burgundios
1265 2524 1384 2591 propter
1413 2519 1707 2574 mansuetudinemet

70 2607 112 2664 rid
136 2605 297 2676 factoopus
323 2611 407 2672 esset,
437 2604 492 2658 sibi
515 2604 635 2660 facultas
647 2609 799 2664 resistendi
856 2608 1053 2664 innocentiam
1089 2606 1153 2662 vitre
1186 2624 1203 2662 a
1238 2607 1410 2678 quibusdam
1442 2606 1620 2679 principibus
1647 2606 1706 2662 suis

70 2696 262 2752 nissetllittit
281 2695 397 2749 nuntios
417 2693 564 2749 Coloniam
585 2695 799 2769 adarcbiprae·
857 2702 1038 2769 contemptus
1066 2701 1120 2766 est,
1158 2697 1234 2752 unde
1263 2701 1292 2752 et
1329 2697 1363 2751 de
1393 2712 1483 2767 regno
1517 2712 1584 2751 eum
1610 2696 1706 2768 expel-

70 2802 94 2842 n
113 2786 194 2856 cujas
221 2784 354 2839 clientela
377 2787 439 2838 erat
463 2782 568 2852 atejus
593 2783 728 2855 largitate
753 2785 800 2839 be·
856 2786 916 2840 lere
958 2789 1181 2857 temptaverunt.
1232 2785 1294 2851 Qua
1333 2784 1502 2840 necessitate
1543 2784 1707 2856 compulsus

79 2876 170 2930 multa
195 2873 322 2939 tenebat,
343 2870 383 2926 illi
400 2887 459 2925 rem
476 2876 583 2940 gestam
600 2873 745 2944 proponit.
764 2875 801 2928 At
857 2872 891 2926 ad
907 2872 1111 2945 imperatorem
1139 2874 1226 2941 venit,
1254 2873 1354 2946 illique
1382 2889 1497 2928 cansam
1521 2888 1636 2928 omnem
1660 2888 1707 2927 or·

70 2963 123 3019 ilia
148 2981 200 3018 sua
237 2961 291 3016 sibi
319 2977 378 3015 non
405 2959 540 3014 delatura
573 2960 719 3030 pollicitus
746 2966 798 3017 est.
818 2964 838 3018 C
857 2962 923 3016 dine
956 2963 1082 3035 exponit,
1110 2968 1139 3019 et
1173 2963 1241 3035 quia
1267 2963 1397 3018 laborem
1429 2966 1458 3018 et
1482 2962 1598 3032 negotia
1626 2959 1707 3032 regni

70 3066 106 3105 rm
132 3065 248 3121 qnoque
279 3046 407 3114 mittens,
441 3047 640 3115 supplementa
665 3047 799 3119 {episcopi
856 3049 964 3104 diutius
990 3050 1065 3106 terre
1096 3068 1154 3106 non
1176 3055 1300 3125 poterat,
1321 3051 1388 3122 quia
1415 3051 1475 3121 jam
1502 3054 1583 3106 aetate
1605 3065 1707 3121 prore-

70 3154 87 3205 .;
116 3138 165 3211 qui
192 3137 256 3208 ejus
279 3136 440 3206 adjutorem
467 3138 495 3188 et
514 3134 638 3189 amicum
663 3136 724 3190 lora
739 3153 800 3192 non
855 3142 917 3192 ctus
932 3138 1035 3208 luerat,
1052 3157 1175 3213 regnum
1201 3140 1369 3211 imperatori
1385 3139 1513 3206 tradidit,
1536 3143 1573 3208 et,
1590 3137 1707 3208 amplis·

70 3231 233 3292 emonstrat,
263 3224 319 3279 nisi
348 3223 534 3278 dominosuo
568 3223 736 3294 imperatori
753 3242 801 3279 an·
856 3226 938 3281 simis
959 3228 1043 3283 donis
1062 3229 1195 3302 acceptis,
1227 3230 1255 3285 in
1272 3229 1395 3302 patriam
1411 3245 1557 3302 regressus
1572 3233 1623 3283 est.
1641 3230 1707 3284 Post

70 3316 95 3372 le
123 3315 248 3370 admisso
275 3313 381 3368 scelere
411 3311 616 3382 inculpabilem
645 3329 705 3368 esse
741 3312 800 3370 fida
855 3315 917 3370 haec
936 3315 1093 3390 imperator
1111 3318 1142 3374 iu
1168 3318 1533 3392 Birrguudiamprolectus,
1550 3321 1706 3374 conventus

70 3403 136 3460 ione
159 3420 190 3459 se
219 3406 405 3473 expurgaret.
430 3403 487 3456 llac
507 3417 556 3472 spe
585 3401 800 3474 dejectusnm-
855 3420 928 3475 quos
969 3406 1119 3462 constituit
1146 3409 1266 3478 peregit,
1301 3407 1415 3462 obsides
1438 3406 1557 3477 accepit,
1596 3411 1625 3461 et
1661 3422 1706 3461 re-

70 3493 172 3565 quibus
197 3492 284 3546 tidem
311 3496 339 3545 et
364 3488 589 3544 familiaritatem
604 3492 749 3561 sperabat,
765 3491 801 3546 ad
855 3491 909 3547 bus
929 3495 1096 3549 necessariis
1119 3495 1278 3566 imperatis,
1308 3494 1403 3550 rediit.
1432 3495 1478 3551 liii
1504 3491 1541 3529 ²¹⁷
1575 3493 1707 3565 veroqui

70 3581 199 3637 ruxilium
219 3583 370 3645 convocat3
396 3577 605 3650 etpriusquam
618 3579 646 3633 id
663 3581 800 3647 alliceret,
856 3586 941 3635 antea
968 3581 1156 3637 rebellionem
1183 3584 1320 3650 fecerant,
1345 3598 1411 3636 cum
1435 3583 1564 3638 riderent
1578 3598 1707 3652 regema

70 3669 104 3725 ui
133 3675 162 3724 et
191 3684 292 3723 omnes
321 3666 406 3721 amici
439 3667 610 3731 Wicmanui,
634 3667 800 3721 etmaxima
855 3669 979 3740 negotiis
1000 3671 1264 3742 regulalienatum,
1290 3676 1319 3725 et
1343 3685 1373 3724 ee
1402 3687 1419 3725 a
1447 3671 1537 3742 priori
1564 3674 1705 3742 potestate

70 3757 123 3813 dus
137 3755 325 3828 Trajectensis
347 3754 507 3826 episcopus,
524 3755 575 3826 qui
590 3753 632 3809 illi
644 3757 683 3824 ,ex
704 3755 801 3809 bacae
856 3756 1017 3824 submotos,
1033 3758 1276 3813 etauctoritatem
1303 3761 1332 3811 et
1346 3758 1467 3828 gratiam
1489 3758 1565 3812 inter
1579 3756 1706 3812 civitates

70 3861 81 3901 r
104 3844 308 3900 infestissimus
335 3844 426 3899 lactus
449 3848 500 3911 est,
524 3843 637 3898 hostem
654 3843 801 3914 judicave-
855 3843 1005 3915 inquibus
1033 3845 1177 3901 dominari
1201 3846 1331 3901 solebant
1345 3862 1406 3900 esse
1422 3845 1605 3912 diminutam,
1621 3859 1706 3897 vene-

85 3934 161 3990 bona
175 3950 226 3987 sua
244 3931 470 4004 publicaverunt.
485 3932 603 3987 Summa
625 3948 739 4004 quoque
755 3932 800 3986 di·
856 3937 924 3987 runt
938 3933 975 3988 ad
993 3949 1101 4005 regem,
1117 3939 1145 3989 et
1168 3935 1230 4005 ejus
1244 3933 1368 4005 pedibus
1383 3931 1530 4004 provoluti
1544 3949 1573 3987 se
1588 3931 1705 3986 dedide-

70 4023 170 4090 .clam,
192 4038 228 4076 ne
255 4020 283 4075 id
299 4022 333 4075 ad
350 4020 542 4092 cognitionem
565 4021 627 4090 ejus
642 4019 800 4090 perveniat,
856 4027 935 4088 runt,
960 4025 988 4077 et
1015 4022 1150 4078 omnibus
1172 4021 1332 4078 rationibus
1355 4023 1390 4077 de
1413 4025 1579 4091 contemptu
1594 4019 1704 4074 satisf-

70 4126 113 4166 res
135 4110 211 4165 inter
238 4125 268 4164 se
295 4108 408 4164 mittere
433 4112 591 4179 eoeperunt.
620 4113 648 4162 et
679 4108 802 4180 quisque
856 4110 1171 4181 clarospromisernnt,
1188 4126 1475 4182 nequeseumquam
1492 4107 1705 4163 abhocanimo

70 4198 143 4254 *osne
166 4197 263 4269 copias
277 4202 370 4268 cogat,
392 4201 420 4252 et
438 4197 473 4253 ad
488 4195 673 4251 constitutam
688 4200 801 4251 noctem
858 4198 994 4268 revocari,
1012 4198 1083 4271 quin
1106 4215 1219 4271 semper
1233 4199 1291 4254 suis
1311 4197 1441 4270 imperiis
1455 4197 1514 4253 sint
1526 4196 1706 4263 obedientes;

70 4303 118 4343 orn
148 4287 242 4342 locum
271 4284 452 4350 conveniant,
475 4290 504 4339 et
519 4285 594 4338 intra
609 4284 802 4340 munitionem
859 4303 950 4343 unum
977 4286 1049 4342 illud
1065 4287 1225 4358 specialiter
1238 4287 1396 4359 deprecari,
1421 4303 1457 4341 ne
1482 4285 1707 4356 alteriusgentis

70 4390 127 4443 nm,
156 4374 179 4429 si
206 4372 269 4429 lieri
295 4378 399 4444 posset,
425 4373 565 4428 obsident.
598 4372 679 4438 Quod
706 4388 803 4426 cuma
858 4390 956 4445 regem
984 4390 1071 4446 super
1101 4375 1241 4447 populum
1269 4391 1354 4431 suum
1379 4374 1522 4430 dominari
1544 4378 1705 4445 pateretur;

71 4463 135 4519 ibus
167 4463 298 4517 celeriter
336 4461 585 4516 administraretur
624 4457 671 4524 ¹¹⁶,
714 4459 803 4515 hostis
857 4460 950 4532 legem
975 4461 1048 4516 banc
1063 4466 1232 4533 perpetuam
1249 4462 1486 4533 Burgundionum
1500 4478 1569 4525 esse,
1583 4467 1615 4517 ut
1629 4462 1707 4517 lrunc

70 4551 225 4607 ‚udinesua
248 4554 315 4604 ante
342 4549 466 4621 primam
481 4550 638 4605 conlectam
664 4547 801 4619 vigiliam,
857 4565 956 4620 regem
971 4548 1120 4617 haberent,
1150 4566 1236 4622 quem
1259 4550 1315 4622 ipsi
1339 4551 1480 4620 eligerent
1501 4551 1705 4622 atqueconsti·

88 4637 248 4710 periculum
276 4635 459 4700 obsessionis,
493 4635 600 4708 oppido
625 4649 689 4689 cum
705 4635 803 4706 paucis
857 4640 982 4693 tuerent.
1016 4639 1125 4695 llorum
1153 4638 1281 4694 oratione
1305 4639 1434 4709 placatus
1458 4643 1487 4693 et
1515 4638 1707 4693 satisfactione

71 4730 148 4780 sest.
163 4724 218 4790 Qui
237 4723 267 4778 ia
287 4724 423 4789 tenebris,
440 4729 594 4794 conspectu
609 4722 743 4794 adempto
754 4722 801 4789 ¹⁴⁸,
857 4730 983 4795 accepta,
1011 4740 1061 4779 rex
1089 4724 1197 4797 legatos
1216 4724 1251 4779 ad
1267 4723 1470 4794 imperatorem
1486 4723 1706 4792 miltit,dicens‚

71 4812 168 4869 videre
188 4829 245 4867 non
258 4812 365 4885 potuit;
393 4819 434 4867 set
463 4812 596 4866 exaudito
611 4811 736 4865 tumultu
752 4810 802 4865 ad·
858 4810 1034 4866 adversarios
1059 4827 1125 4866 suos
1152 4811 1188 4866 ad
1202 4827 1231 4866 se
1253 4811 1374 4878 venisse,
1392 4811 1504 4865 veniam
1531 4810 1566 4864 de
1581 4810 1626 4864 his
1642 4826 1706 4881 qure

70 4902 132 4957 ium
153 4902 334 4972 perterritus,
350 4900 436 4956 celeri
453 4901 520 4971 luga
534 4899 632 4954 evasit.
649 4900 803 4955 Castellum
858 4897 888 4952 in
902 4914 969 4953 eum
992 4899 1198 4955 commiserant
1217 4898 1387 4971 postulasse,
1403 4896 1516 4967 sibique
1529 4895 1632 4950 dehinc
1644 4895 1706 4950 sine

70 5005 102 5044 ur
123 4985 171 5056 ²¹⁶,
197 5003 297 5043 omnes
323 4986 377 5041 rici
399 4991 428 5041 et
456 4987 565 5058 privata
583 4986 704 5042 redilicia
721 4986 803 5042 adse
858 4987 916 5042 ulla
944 4986 1105 5059 suspicione
1130 4988 1192 5043 lore
1223 4986 1388 5042 obedientes
1411 4985 1604 5040 confirmasse.
1633 4983 1708 5040 Petit

70 5077 129 5133 ntia
143 5076 251 5149 ubique
266 5081 423 5142 vastantur,
439 5080 468 5130 et
491 5091 594 5146 magno
622 5090 744 5130 numero
756 5091 803 5146 pe·
858 5076 976 5130 utbanc
1001 5075 1123 5146 gratiam
1152 5076 1206 5131 sibi
1233 5076 1380 5138 concedat,
1408 5072 1567 5144 regni‘sni
1586 5072 1707 5144 pristina

73 5168 267 5221 tceterarnm
299 5163 573 5236 rerumpoeiuntnr.
606 5162 674 5217 liein
690 5163 803 5234 quaead
856 5167 1000 5234 potestate
1021 5179 1075 5235 pro
1103 5180 1154 5219 sua
1177 5165 1329 5219 clementia
1356 5160 1392 5200 ²¹⁸
1414 5179 1444 5217 se
1482 5161 1524 5215 uti
1549 5161 1704 5232 permittat.

70 5270 82 5308 r
109 5256 348 5326 preparaverant,
378 5250 543 5323 expediunt.
579 5251 694 5306 Summa
720 5250 748 5305 vi
767 5251 802 5306 ab
856 5252 1017 5322 imperator
1042 5267 1119 5317 vero,
1149 5252 1279 5323 quamvis
1294 5250 1348 5306 sibi
1365 5247 1707 5305 bocvideretnrincom-

662 5375 779 5429 vatilAE
793 5375 991 5431 LECTlONES.

70 5504 150 5558 inii.
168 5500 385 5557 administretur
411 5517 433 5556 c.
473 5499 508 5537 ²¹⁵
545 5500 678 5570 adeploc.
718 5500 755 5536 ²¹¹⁵
791 5499 972 5556 obsiditnrc.
1015 5498 1049 5537 ²¹⁷
1088 5501 1170 5555 ilice.
1209 5497 1248 5533 ²¹⁸
1284 5498 1496 5571 potentiacorr.
1514 5497 1703 5555 clementiae.
