3878 6112
87 229 138 283 707
628 223 832 280 nunculiam
853 223 1118 281 wonretclnusls
1137 223 1303 281 nelscorl.
1791 228 1843 282 708

87 347 273 403 commutatio
299 346 341 401 rei
362 345 569 415 ecclesiastice,
594 345 701 417 absque
721 344 931 401 collaudatione
949 348 974 401 Α
990 345 1167 417 mancipium
1180 347 1255 418 iuris
1275 346 1415 415 Ecclesiae,
1441 362 1499 402 non
1514 350 1626 403 retento
1650 347 1843 402 ecclesiastico

87 443 115 492 et
130 435 340 506 subscriptione
354 435 533 490 clericorum.
991 436 1162 506 patrocinio,
1186 436 1351 491 manumitti
1380 436 1534 503 desiderat,
1556 436 1629 491 duos
1650 436 1749 492 meriti
1772 437 1844 508 ejus·

88 545 143 600 c„
169 542 279 616 ggxxg
329 571 364 581 ..
395 543 433 596 p,
463 541 714 595 commutationibus
737 555 828 596 rerum
856 541 937 596 ραι).
992 523 1057 579 dem
1073 529 1102 580 et
1120 524 1226 596 peculii
1241 540 1337 580 coram
1358 525 1480 581 concilio
1500 525 1630 580 Ecclesiae
1642 526 1691 580 cui
1710 525 1845 597 praeenri·

423 613 606 666 siasticcmm.
917 630 919 634 ·
991 619 1050 677 net,
1076 629 1129 684 per
1155 614 1411 669 commutationem
1434 613 1680 670 subscribentibus
1710 613 1844 669 sacerdo·

123 702 290 772 (neceam.
305 699 381 769 apud
409 701 561 754 Eetvccum.
590 714 651 768 cop.
677 700 718 767 5.)
742 699 779 754 Ut
804 714 935 754 commu-
991 700 1067 755 libus
1086 701 1197 768 alferat,
1227 705 1258 756 nt
1281 706 1343 756 rata
1365 707 1394 758 et
1419 701 1498 773 juata
1520 701 1685 757 inveniatur
1711 701 1842 757 delinitio

87 792 210 846 tationes
231 805 327 842 reruni
354 787 607 842 ecclesiasticarum
629 787 709 842 valde
730 792 894 853 caveantur,
910 791 939 841 et
991 791 1233 844 commutationis.
1255 791 1334 844 Tunc
1349 790 1426 845 enim
1447 790 1567 845 liberam
1583 789 1841 845 manumissionem

87 877 273 932 subtilissime
286 877 310 930 si
325 875 421 946 aliquo
434 874 519 928 modo
529 875 593 929 lieri
608 875 724 941 debent,
737 875 936 945 inspiciantur.
991 878 1053 932 sine
1085 877 1244 950 patrocinio
1280 879 1409 934 Ecclesiae
1447 878 1602 934 concedere
1625 878 1747 951 poterit,
1776 880 1842 950 quia

88 964 448 1031 Queeauteminconsultae
471 963 553 1018 iectae
581 968 658 1031 saint,
686 963 769 1034 juxta
791 964 938 1018 decretum
992 981 1058 1021 enm
1078 982 1165 1038 quem
1182 966 1307 1022 libertati
1335 966 1448 1023 tradere
1471 966 1608 1038 disponit,
1619 967 1681 1038 jam
1702 967 1842 1039 juripro·

89 1055 259 1111 canonicum
274 1053 370 1108 Hilarii
390 1068 483 1123 papae,
504 1069 576 1123 quas
599 1053 698 1108 illicite
724 1053 855 1108 decessor
881 1052 939 1124 epi·
991 1055 1055 1125 prio
1079 1055 1239 1126 acquisivit.
1256 1054 1426 1125 Huiusmodi
1450 1060 1548 1110 autem
1575 1055 1680 1110 liberto
1704 1056 1840 1110 adversus

89 1161 192 1216 scopus
208 1142 364 1209 admiserit,
380 1142 423 1195 vel
440 1142 476 1195 ab
491 1141 553 1194 aliis
572 1141 670 1197 illicite
684 1141 844 1197 commissae
859 1147 937 1208 sunt,
992 1142 1156 1212 Ecclesiam,
1168 1143 1249 1213 cujus
1258 1143 1334 1215 juris
1358 1143 1478 1204 exstitit,
1503 1142 1658 1198 accusandi
1678 1143 1723 1197 vel
1739 1140 1840 1197 testiti-

89 1236 174 1291 ubeo
190 1232 241 1303 qui
255 1245 399 1285 successor
413 1233 457 1284 est
471 1229 670 1284 emendentur.
914 1260 916 1264 ν
992 1230 1074 1285 candi
1101 1231 1260 1302 denegetur
1283 1230 1408 1286 licentia.
1448 1230 1529 1296 Quod
1555 1230 1579 1285 si
1612 1231 1838 1303 presumpserit,

277 1319 340 1374 Cae.
358 1318 479 1374 CLXXll.
497 1345 533 1359 ·-
553 1320 590 1372 De
604 1317 696 1372 codem
710 1333 748 1372 re.
991 1320 1084 1390 placet
1103 1324 1146 1389 ut,
1162 1325 1255 1375 stante
1268 1320 1503 1385 commutatione,
1529 1319 1560 1375 in
1582 1319 1753 1375 servitutem
1777 1334 1838 1389 pro-

122 1410 182 1482 (Ec
202 1409 298 1465 concii.
314 1409 465 1473 Metiscus,
494 1422 555 1475 cop.
584 1407 623 1471 l.)
650 1408 673 1460 Α
700 1411 798 1461 sancte
827 1406 936 1478 synodo
991 1408 1084 1479 priam
1101 1409 1230 1464 Ecclesiae
1244 1413 1402 1464 revocetur.

86 1501 231 1556 decretum
252 1502 304 1563 est,
325 1501 353 1550 et
376 1495 534 1566 imperialis
549 1495 704 1548 auotoritas
724 1495 884 1561 denuntiat,
901 1511 936 1550 ne
991 1514 1055 1568 CM,
1072 1514 1218 1571 egxxvfl,
1236 1544 1268 1554 -
1291 1513 1331 1569 pp
1354 1513 1539 1569 sacerdotibus
1573 1514 1680 1582 quire,
1694 1527 1763 1569 gua,
1787 1513 1836 1568 gc.

87 1587 325 1655 commutationes
341 1598 448 1644 rerum,
473 1583 516 1636 vel
533 1583 744 1653 mancipiorum
763 1583 935 1637 ecclesiasti·
952 1627 972 1682 B
1283 1586 1370 1640 clesiae
1382 1552 1566 1653 relinquaris„

87 1691 187 1731 corum
211 1673 349 1744 quaslibet
372 1687 494 1742 persona
520 1670 581 1724 sine
606 1672 721 1725 licentia
749 1676 777 1726 et
795 1687 936 1726 consensu
1028 1691 1096 1758 (Εω,
1117 1689 1208 1745 eodem
1232 1691 1326 1746 com-g
1356 1705 1383 1757 v,
1411 1687 1544 1760 camp)
1566 1688 1734 1743 Consensu,
1758 1686 1836 1743 1050,

86 1764 336 1835 ¹⁹0850Psae⁵¹¹¹¹¹³²
350 1760 454 1813 ficere·
588 1849 594 1860 .
991 1777 1105 1832 concilii
1130 1776 1260 1832 delinivit
1293 1781 1325 1832 nt
1350 1776 1520 1842 sacerdotes,
1547 1775 1597 1848 qui
1623 1780 1675 1830 aut
1704 1791 1753 1830 res
1780 1791 1836 1830 suas

169 1853 232 1906 CAP·
252 1849 385 1949 Cfflffl·
399 1878 434 1888 ··
451 1849 490 1901 De
501 1849 689 1903 ⁸⁶⁰²0⁸²⁰⁸⁶i⁶5³
703 1850 859 1918 manilii&-
991 1865 1123 1920 Ecclesiae
1136 1865 1315 1937 relinquunt,
1339 1869 1390 1920 aut
1412 1864 1484 1918 nihil
1505 1863 1656 1930 habentes,
1682 1863 1784 1935 aliqua
1800 1867 1835 1917 ta·

123 1940 182 2012 (Ec
223 1940 316 1993 ⁶⁰²²Gil·
346 1936 429 2034 'apid
456 1937 641 2033 Caiiif‘lii‘ms
678 1952 745 2006 cop.
776 1939 815 2002 2·)
838 1936 937 2006 N⁰qu⁰
991 1971 1058 2009 men
1082 1953 1200 2025 praedia,
1224 1957 1274 2007 aut
1300 1952 1424 2007 familias
1449 1951 1579 2007 Ecclesiis
1594 1951 1655 2005 suis
1667 1952 1837 2023 conquirunt

87 2027 231 2098 mancipia
254 2025 440 2079 0⁰⁰¹0⁵¹³⁸t¹⁶³
464 2038 628 2094 q¹¹¹³E¹¹³¹¹¹2
651 2024 705 2076 nisi
725 2023 759 2077 id
775 2023 936 2077 libertatem
992 2042 1075 2096 liceat
1097 2041 1154 2095 illis
1168 2040 1281 2112 aliquos
1294 2040 1330 2096 de
1353 2039 1469 2094 familiis
1484 2039 1612 2110 ejusdem
1638 2039 1774 2094 Ecclesia
1788 2055 1836 2093 me

87 2118 253 2181 ⁰⁰fflm¹¹t⁰b
283 2112 415 2166 Vidium
444 2116 477 2165 ¹¹*
498 2111 642 2183 maneb)ia
670 2128 734 2182 ‹1¹¹ae
761 2127 813 2182 pro
845 2112 937 2166 ⁰⁰⁰¹*
991 2127 1313 2200 numitterc,ju1tarei
1336 2129 1446 2183 collatus
1468 2127 1595 2193 modurn,
1622 2143 1713 2198 quern
1734 2127 1836 2199 antiqui

87 2205 199 2259 siastico
221 2200 339 2256 homine
378 2199 534 2267 dabuntur,
565 2200 595 2253 in
634 2200 760 2254 ecclesie
801 2199 937 2254 servitute
992 2233 1115 2272 mones
1136 2217 1333 2282 mmmm,
1353 2215 1395 2270 im
1417 2220 1450 2270 ut
1472 2231 1539 2270 cum
1562 2215 1677 2286 peculio
1702 2220 1835 2286 opposu-

87 2295 284 2365 Pflimfflffib
310 2295 338 2343 0²
358 2288 563 2343 0⁰⁰¹⁸³i⁸⁵¹i⁰¹¹⁵
586 2288 674 2342 h⁰ffl⁰
701 2286 761 2359 ‘1¹¹5'
776 2293 937 2343 mmmm·
991 2305 1075 2361 ritate
1088 2322 1149 2371 sua,
1170 2305 1194 2358 si
1216 2303 1336 2375 ingenui
1362 2308 1437 2370 sunt,
1463 2302 1515 2357 sub
1535 2302 1699 2374 patrocinio
1716 2303 1837 2358 Ecclesia

87 2387 146 2447 tur,
169 2384 307 2451 perpetua
328 2377 460 2431 libertale
482 2376 602 2430 fruami-
626 2375 707 2440 0¹¹0d
740 2376 817 2431 enim
849 2376 936 2430 semel
993 2399 1138 2460 maneant,
1155 2392 1293 2448 utilitates
1307 2391 1450 2464 inJ'unctas
1471 2391 1526 2446 sibi
1542 2392 1627 2463 juxta
1643 2391 1725 2462 quod
1740 2397 1837 2462 potue·

90 2469 212 2525 Domino
241 2471 436 2520 consecratum
466 2469 519 2530 cst,
554 2465 588 2519 ad
619 2465 761 2519 humanos
783 2481 851 2519 usus
875 2465 937 2535 jem

88 2556 235 2612 transferri
253 2570 311 2608 non
327 2558 429 2624 potest.
457 2553 503 2607 llit
518 2553 594 2607 enirn
622 2554 684 2606 lex:
701 2553 730 2607 Si
753 2553 819 2624 quis
843 2557 936 2607 muta-

87 2645 170 2712 verit,
186 2647 215 2698 et
226 2643 302 2714 quod
319 2647 422 2707 mutat,
442 2646 470 2696 et
486 2642 564 2712 quod
590 2644 731 2695 mutatum
760 2646 811 2709 est,
832 2642 935 2695 sancti·

88 2733 222 2789 licebitur
235 2732 367 2787 Domino.

279 2821 343 2876 Cae.
361 2819 494 2875 CLXXIV.
509 2849 544 2859 —
558 2822 595 2873 lie
604 2819 696 2873 eodem
709 2834 748 2873 re.

992 2483 1051 2538 rint
1064 2485 1280 2554 prosequentes.

992 2588 1058 2644 Cae.
1075 2587 1233 2642 CLXXVIII.
1251 2615 1286 2625 -
1303 2587 1337 2640 Ut
1350 2585 1502 2655 presbyteri
1516 2600 1573 2639 rem
1592 2585 1718 2640 Ecclesia
1732 2584 1840 2640 vendas

1292 2672 1346 2711 mou
1358 2660 1537 2727 presumant.

1028 2748 1089 2818 (En
1119 2747 1213 2800 concil.
1239 2744 1382 2812 Curtium,
1403 2759 1463 2813 cop.
1493 2742 1550 2814 33.)
1577 2744 1649 2798 Item
1681 2742 1790 2815 placuit
1810 2748 1841 2798 ut

992 2834 1151 2909 presbyteri
1166 2850 1226 2889 non
1239 2832 1364 2889 vendant
1384 2847 1444 2886 rem
1461 2831 1602 2898 Ecclesia,
1625 2831 1672 2886 ubi
1690 2837 1758 2886 sunt
1776 2849 1840 2886 con·

64 2894 67 2898 ι
125 2910 288 2983 (Hiemem
311 2923 371 2977 cop.
401 2910 440 2976 3·)
457 2909 596 2977 [nimium
620 2906 736 2962 iidem?
759 2906 972 2976 elimpiufflsss
992 2923 1095 2994 stituti,
1129 2921 1323 2978 nescientibus
1359 2919 1501 2992 episcopis
1529 2920 1609 2974 suis:
1638 2920 1786 2991 quomodo
1814 2924 1841 2974 et

90 3006 121 3055 ut
141 2998 283 3068 mancipia
297 3012 363 3067 ques
379 2995 479 3050 fideles
494 2995 547 3049 viri
570 3012 620 3049 seu
641 2994 757 3050 leminae
772 3011 826 3065 pro
840 3011 937 3049 reme-

89 3089 138 3145 dio
160 3088 264 3143 animae
284 3101 343 3139 suae
372 3085 429 3138 Deo
458 3090 486 3138 et
509 3085 614 3137 sanctis
637 3085 698 3153 ejus
725 3087 935 3137 consecrarunt.

90 3178 285 3249 cujuscunque
302 3173 429 3227 muneris
443 3173 536 3241 pretio
550 3173 595 3226 vel
610 3170 842 3226 commutationis
860 3188 937 3226 cons·

91 3265 206 3330 mercia,
222 3264 326 3316 iterum
342 3260 372 3314 in
389 3261 546 3314 secularem
570 3260 735 3314 servitutem
759 3259 936 3330 redigantur,

90 3370 157 3409 cuns
182 3350 318 3406 canonica
343 3349 498 3403 auctoritas
526 3364 622 3402 servos
649 3346 784 3418 fugitivos
810 3352 937 3402 tantum·

91 3442 177 3497 modo
207 3437 327 3495 distrahi
353 3436 513 3509 permittat,
540 3449 569 3490 et
588 3436 654 3490 ideo
687 3451 787 3490 omnes
814 3440 939 3490 rectores

91 3528 278 3584 Ecclesiarum
303 3541 486 3596 summopere
509 3528 635 3592 careant,
658 3539 694 3578 ne
718 3524 803 3578 unius
818 3524 940 3578 eleemo-

91 3633 161 3688 syna
186 3615 304 3671 alterius
329 3620 479 3686 peccatum
515 3614 575 3669 liet.
604 3614 640 3668 Et
663 3616 706 3668 est
725 3613 881 3667 absurdum
908 3617 940 3667 ut

91 3705 285 3762 Ecclesiastica
322 3703 463 3776 dignitate
492 3719 591 3758 servus
622 3702 771 3764 decedens,
804 3701 939 3755 humauae

89 3795 232 3852 obnoxius
246 3794 283 3848 sit
297 3793 441 3849 servituti.

91 3903 155 3960 Ger.
176 3902 295 3959 CLXXV.
325 3931 360 3943 -
385 3903 424 3956 De
447 3899 585 4024 aegptibus
608 3898 750 3968 preceptis
776 3911 857 3967 super
874 3911 937 3966 pre-

477 3984 574 4024 sarm.

127 4061 187 4133 (Ea
212 4061 306 4116 concil.
321 4059 359 4114 ud
374 4059 402 4114 S.
429 4056 601 4124 liettardum,
626 4071 685 4124 cop.
714 4058 769 4121 ll.)
795 4055 940 4124 Praecepta

91 4150 200 4221 regalia
224 4164 311 4219 snper
330 4145 468 4219 precariis
493 4143 694 4200 Ecclesiasticis
712 4143 775 4198 fieri
791 4158 843 4198 nec
864 4142 938 4198 ratio

90 4239 169 4307 sinit,
187 4254 239 4293 nec
259 4236 414 4291 auctoritas
439 4233 567 4304 quolibet
595 4232 682 4287 modo
697 4231 846 4303 permittit.
862 4232 939 4296 Quo-

90 4326 168 4382 niam
201 4327 345 4396 praecepta
368 4323 399 4376 in
419 4322 486 4392 jure
505 4318 693 4374 ecclesiastico
721 4320 836 4375 firmare
863 4321 939 4375 indi-

91 4430 182 4486 gnum
201 4413 357 4485 judicetur,
373 4426 488 4465 necesse
516 4413 559 4464 est
579 4414 611 4464 ut
630 4408 765 4480 majestas
784 4409 862 4480 regia
882 4424 940 4464 non

91 4503 148 4557 nisi
171 4501 207 4557 ab
237 4499 428 4557 ecclesiastico
453 4502 563 4553 rectore
585 4501 710 4568 petatur.
739 4498 817 4553 ldem
843 4502 941 4553 autem

91 4597 184 4645 custos
212 4588 343 4644 Ecclesia
371 4586 556 4641 solertissime
585 4590 694 4652 caveat,
711 4601 747 4639 ne
771 4584 816 4639 sni
831 4583 940 4640 ordinis

90 4685 119 4736 et
134 4677 335 4734 Ecclesiasticus
345 4675 556 4732 communionis
575 4675 648 4730 forte
663 4674 826 4740 immemor,
840 4677 941 4729 eontra

91 4770 289 4825 auctoritatem
311 4772 489 4837 praeceptum
504 4764 617 4836 regium
632 4779 684 4834 pro
703 4777 875 4833 quecunque
895 4778 939 4816 as-

90 4859 251 4915 sentatione
270 4855 333 4910 lieri
351 4859 438 4925 petat.
455 4853 509 4918 Qui
526 4852 579 4907 etsi
594 4849 702 4919 lecerit,
716 4867 772 4905 non
794 4849 940 4905 audiatur-

90 4949 118 5004 Si
148 4952 243 5001 autem
272 4949 300 4998 et
328 4943 495 5009 obtinuerit,
526 4940 605 5012 regia
634 4939 816 5006 discretione,
842 4938 941 5010 stepi-

90 5035 198 5105 scopali
221 5033 330 5105 judicio
355 5031 432 5085 idem
461 5028 648 5090 rescindatur,
673 5033 702 5082 et
731 5026 837 5098 petitor
863 5025 939 5096 inju-

91 5114 151 5177 stus
165 5140 215 5194 pro
239 5120 379 5193 principis
407 5120 514 5191 injusta
539 5118 723 5189 suggestione
748 5118 835 5188 digne
854 5115 941 5171 corri-

90 5212 196 5283 piatur.
303 5197 310 5214 '

91 5318 156 5374 Cae.
174 5316 305 5372 CLXXVI.
330 5346 365 5356 —
388 5317 425 5369 De
443 5317 566 5384 episcopo
588 5315 638 5384 qui
660 5313 828 5381 mancipium
846 5310 939 5367 Eccle-

326 5389 374 5442 siae
383 5388 541 5442 manumitti
557 5383 706 5440 desiderat.

126 5475 184 5547 (Er
211 5475 306 5530 coum.
333 5474 453 5530 Toletum.
481 5488 509 5542 v,
539 5487 600 5544 cap.
628 5469 688 5542 68.)
718 5470 876 5543 Episcopus
888 5469 940 5542 qui

992 3012 1131 3085 episcopis
1145 3027 1204 3067 non
1223 3010 1307 3066 liceat
1328 3010 1450 3065 vendere
1468 3008 1578 3080 praedia
1599 3009 1743 3076 Ecclesiae,
1768 3010 1840 3081 igno

992 3107 1074 3156 rante
1096 3099 1217 3156 concilio
1252 3099 1295 3154 vel
1332 3098 1507 3171 presbyteris
1540 3098 1609 3153 suis.
1639 3100 1702 3154 Non
1728 3097 1840 3153 habenti

992 3206 1060 3262 ergo
1080 3188 1288 3254 necessitatem,
1302 3191 1361 3242 *nec
1385 3187 1518 3259 episcopo
1543 3186 1627 3242 liceat
1646 3186 1773 3242 matricis
1796 3187 1839 3241 Eo-

992 3279 1095 3347 clcsiae,
1110 3294 1163 3333 nec
1177 3277 1343 3349 presbytero
1359 3292 1419 3330 rem
1436 3275 1514 3330 titali
1527 3274 1572 3329 sui
1591 3291 1744 3347 usurpare.

992 3385 1057 3441 Cae.
1076 3385 1206 3442 CLXXIX.
1227 3413 1262 3423 -
1289 3385 1324 3439 Ut
1350 3383 1441 3437 uultus
1466 3380 1610 3436 ordinatus
1630 3381 1663 3436 de
1685 3382 1837 3437 minutum

1148 3455 1278 3510 Ecclesia
1289 3453 1400 3522 aliquid
1413 3452 1526 3507 condem
1539 3457 1701 3523 presentat.

1028 3565 1083 3631 (Ec
1097 3563 1190 3617 concii
1213 3563 1362 3628 braggar„
1391 3573 1452 3628 cap.
1477 3560 1531 3626 30.)
1553 3558 1582 3613 Si
1606 3557 1672 3629 quis
1696 3556 1837 3630 presbyter

993 3655 1043 3705 aut
1057 3650 1194 3705 diaconus
1207 3649 1340 3703 inventus
1363 3646 1452 3701 luerit
1479 3646 1514 3701 de
1539 3646 1731 3717 eleemosynis
1749 3645 1837 3701 Eccle-

993 3740 1044 3795 siae
1064 3737 1174 3809 aliquid
1197 3737 1385 3802 venundasse,
1401 3735 1470 3806 quia
1485 3735 1669 3807 sacrilegium
1689 3734 1835 3797 commisit,

993 3827 1102 3899 placuit
1120 3843 1187 3882 eum
1202 3826 1231 3881 in
1252 3824 1435 3880 ordinatione
1453 3824 1582 3879 Ecclesiae
1601 3840 1660 3878 non
1676 3823 1786 3879 haberi.
1807 3825 1835 3878 ln

992 3915 1101 3988 judicio
1113 3920 1209 3970 tamen
1224 3913 1351 3985 episcopi
1364 3913 1580 3980 dimittendum,
1600 3912 1659 3967 sive
1672 3912 1776 3984 dignus
1793 3911 1833 3977 sit,

994 4005 1053 4060 sive
1064 4004 1201 4075 indignus
1216 4003 1247 4058 in
1260 4019 1312 4056 suo
1325 4001 1414 4072 recipi
1429 4001 1530 4072 gradu.

995 4111 1059 4168 cir.
1085 4111 1203 4167 CLXXX.
1219 4139 1254 4149 -
1272 4111 1309 4165 ne
1329 4108 1493 4179 presbyteris
1516 4106 1612 4177 quide
1627 4107 1694 4177 iure
1713 4107 1785 4162 tituli
1797 4107 1835 4161 sui

1271 4179 1380 4249 aliquid
1393 4177 1561 4234 (iuuabunt.

1031 4288 1090 4356 (Ee
1112 4287 1212 4354 eodem,
1234 4301 1295 4355 cup.
1310 4288 1367 4354 et.)
1379 4285 1550 4357 Quicunque
1574 4284 1727 4356 presbyter
1735 4284 1769 4340 de
1776 4286 1834 4355 jura

994 4375 1071 4431 tituli
1084 4374 1128 4430 sui
1143 4374 1273 4447 quolibet
1293 4374 1378 4428 modo
1393 4387 1507 4439 aurum,
1523 4375 1688 4443 argentum,
1704 4373 1749 4427 vel
1762 4386 1834 4444 genu

994 4480 1066 4531 mas,
1089 4468 1181 4518 vestes
1198 4476 1323 4535 quoque,
1339 4461 1364 4516 si
1377 4465 1454 4528 sunt,
1467 4460 1512 4516 vel
1524 4459 1549 4514 si
1565 4459 1735 4515 accesserint
1748 4461 1835 4532 aliqua

995 4552 1112 4608 mobilia
1125 4553 1161 4608 ad
1177 4555 1347 4607 ornamenta
1366 4549 1473 4618 divina,
1499 4549 1607 4621 aliquid
1622 4549 1835 4621 inperpetuum

995 4641 1118 4697 alienare
1144 4639 1306 4708 tentaverit,
1329 4639 1463 4708 donator,
1485 4639 1628 4694 alienator
1641 4655 1675 4693 ac
1701 4638 1834 4704 venditor,

994 4729 1112 4785 honoris
1127 4729 1171 4784 sui
1184 4728 1337 4783 amissione
1350 4728 1511 4782 mulctetur.

1182 4834 1247 4889 Cir.
1265 4832 1396 4888 CLXXXI.
1412 4863 1447 4872 —
1461 4834 1498 4887 De
1509 4831 1603 4886 eadem
1616 4846 1655 4886 rc.

1030 4944 1082 5012 (En
1096 4940 1196 5008 codem,
1222 4955 1282 5009 cup.
1312 4939 1370 5010 ³2.)
1385 4938 1415 4994 Si
1439 4938 1504 5010 quis
1528 4937 1681 5009 episcopus
1709 4936 1838 4992 nulliac-

994 5030 1158 5086 clesiasticre
1187 5028 1308 5084 rationis
1333 5026 1502 5082 necessitate
1528 5027 1705 5096 compulsus,
1735 5026 1766 5081 in
1791 5040 1838 5080 sno

993 5120 1081 5185 clero,
1098 5122 1147 5172 aut
1161 5117 1211 5173 ubi
1234 5119 1306 5173 torte
1321 5132 1380 5171 non
1405 5119 1447 5169 est
1465 5114 1623 5186 presbyter,
1639 5113 1676 5168 de
1699 5114 1786 5169 rebus
1797 5129 1840 5169 ec·

994 5202 1158 5258 clesiasticis
1181 5201 1290 5272 aliquid
1306 5200 1524 5272 praesumpserit
1539 5198 1670 5262 vendere,
1691 5214 1739 5253 res
1757 5198 1841 5270 ipsas,

995 5289 1125 5345 Ecclesia
1152 5289 1277 5361 propriae
1304 5293 1465 5343 restaurare
1494 5290 1624 5357 cogatur,
1639 5290 1670 5341 et
1694 5285 1843 5357 injudicio

994 5380 1194 5449 episcoporum
1213 5376 1364 5449 dejiciatur
1378 5376 1504 5446 audibis,
1514 5378 1694 5448 ettanquam
1712 5374 1785 5432 iurti
1796 5376 1845 5431 eut

992 5467 1135 5523 latrocinii
1146 5483 1212 5523 rous
1224 5482 1276 5523 suo
1290 5466 1421 5539 privetur
1434 5465 1556 5524 honere.
