3894 6120
152 246 205 308 toa
653 241 859 302 ruaueuaru
879 224 1101 299 caussarum
1120 235 1410 294 arcnasuauiuus.
1857 234 1905 288 soi

153 373 184 428 iu
200 367 394 444 pretatoloco
418 367 472 423 rite
494 364 670 438 procuravit,
687 368 768 423 nullo
788 365 932 421 obviante.
953 364 1007 420 De·
1022 364 1046 418 Α
1064 361 1237 417 velationem
1282 360 1369 416 simul
1412 363 1540 432 agerent,
1582 362 1756 415 ceterarum
1800 372 1907 429 quaque

154 461 246 516 cimus
259 464 324 531 post
339 453 717 516 Thietuardumffldomnus
731 453 859 512 Otvviuus
878 452 1008 527 praefuit.
1063 451 1189 507 domnus
1217 450 1346 521 osdagus
1370 449 1447 503 solus
1473 447 1665 519 prospicerel;
1682 446 1848 516 tactumque
1870 448 1909 499 est

55 562 60 568 ·
155 550 205 606 llic
219 550 356 604 domnam
381 548 557 616 Gerhurgam
579 544 772 600 ¹⁰sccuudam
797 541 819 579 ⁸¹
835 543 864 597 ia
879 542 1010 614 regimen
1063 538 1213 595 insolitum
1241 554 1293 594 nec
1320 542 1429 592 autea
1463 537 1545 591 nohis
1577 535 1682 603 visum,
1712 539 1747 588 ut
1771 533 1828 588 duo
1853 533 1909 605 epi·

89 620 93 625 ’
155 636 302 694 constituit
317 633 542 700 etcousecravit,
566 632 707 688 otomuia
725 629 899 702 episcopalia
922 629 1011 685 fideli·
1064 627 1143 698 scopi
1158 643 1191 681 ex
1215 628 1301 681 latera
1316 625 1414 680 altaris
1432 624 1541 696 pariter
1565 624 1709 689 sederent,
1743 621 1911 693 pontificali·

155 731 199 782 ter
214 723 350 796 providit,
379 722 486 777 domno
513 721 694 776 willehelmo
718 717 744 756 ⁸¹
772 719 870 790 magni
899 717 1011 774 Ottonis
1064 718 1119 773 bus
1139 717 1314 786 paramentis
1330 715 1426 770 festive
1452 713 1576 767 infulati.
1598 713 1723 767 Ventum
1752 716 1797 768 est
1822 711 1911 782 itaque

155 815 216 870 filio
254 813 283 867 in
314 811 396 866 nullo
432 810 474 865 illi
501 810 680 865 adversante.
712 807 851 863 Similiter
877 808 958 862 llatto
984 811 1012 862 ct
1065 807 1101 862 ad
1123 805 1293 859 ancillarum
1320 801 1641 871 Deicousecrationem,
1664 816 1732 855 cum
1754 799 1911 871 episcopm,
1939 796 1946 820 ·’

157 902 316 959 Radbertus
348 899 378 954 iu
413 899 492 953 nullo
518 898 561 954 illi
592 897 778 952 adversantes
805 895 1011 951 amicissimum
1065 893 1116 967 qai
1126 897 1209 948 antea
1225 891 1409 964 apontiticali
1421 893 1487 962 jure
1497 890 1652 946 timebatur
1666 889 1807 960 dejectus,
1823 887 1911 942 subito

158 991 331 1047 hahuerunt.
357 987 519 1058 willegisus
537 984 562 1020 ⁸⁸
591 1001 709 1058 quoque
736 983 779 1038 illi
800 982 826 1019 ⁸⁸
847 985 1010 1052 succedens,
1065 982 1222 1055 Deigratia
1236 988 1355 1043 erectus,
1377 979 1617 1035 intermissurum
1636 975 1812 1048 sollempnia
1827 976 1912 1046 primo

157 1078 264 1134 veritus
286 1076 358 1132 tanti
391 1074 446 1130 viri
461 1079 636 1130 senectutem
652 1079 682 1129 et
701 1087 816 1127 morum
830 1073 1011 1144 gravitatem,
1065 1072 1206 1127 domnum
1230 1086 1339 1141 regem.
1355 1068 1380 1125 si
1406 1069 1437 1122 iu
1460 1066 1630 1122 velationem
1646 1081 1706 1120 suas
1730 1063 1840 1119 sororis
1852 1080 1911 1119 coa-

158 1167 272 1240 puhlice
283 1166 366 1220 illurn
378 1163 529 1235 percoluit,
545 1164 655 1218 occulte
671 1177 739 1216 vero
751 1165 838 1231 paulo
850 1161 1012 1218 mordacius
1065 1159 1195 1224 sentiret,
1212 1159 1361 1214 humiliter
1388 1155 1548 1229 requisivit,
1574 1154 1680 1211 deindo
1695 1158 1822 1208 ceream
1836 1168 1909 1208 mun·

158 1255 283 1327 quadani
298 1251 390 1307 animi
409 1251 609 1322 indignatione
624 1251 668 1305 illi
683 1248 883 1318 adbellicabat,
903 1251 944 1305 nil
957 1255 1012 1306 ta·
1065 1248 1214 1304 diburdos.
1235 1247 1525 1312 Quibusconsensum
1546 1242 1712 1308 fatentibus,
1725 1241 1910 1314 primodom·

158 1360 225 1398 men
255 1342 286 1396 ia
313 1340 455 1410 regimine
483 1339 594 1410 praetati
621 1337 748 1392 coenobii
785 1353 931 1407 asperum,
959 1355 1013 1394 uec
1065 1353 1134 1392 num
1171 1334 1320 1406 Sophiam,
1350 1335 1375 1389 ei
1400 1334 1436 1389 ad
1467 1331 1788 1390 hildenesheimensem
1824 1329 1910 1386 sedem

157 1431 252 1487 verbis
275 1445 328 1485 nec
341 1431 364 1466 ⁸⁸
379 1427 461 1482 tactis
487 1427 622 1482 ostendit.
638 1429 702 1482 lime
725 1424 823 1496 itaque
848 1426 914 1482 ideo
942 1443 1013 1498 pro-
1065 1425 1121 1480 sibi
1135 1424 1252 1496 suisque
1267 1421 1479 1478 successorihus
1501 1420 1711 1492 subjectionem
1727 1425 1758 1474 et
1772 1418 1912 1475 oboedieu·

159 1518 297 1592 posui,ut
326 1513 648 1586 eaactiintettigaattt,
666 1519 774 1586 quauta
794 1515 908 1570 levitate
923 1531 955 1570 ac
970 1521 1012 1570 te·
1067 1513 1136 1568 tiam
1160 1514 1353 1584 profiteretur,
1382 1510 1579 1582 interrogavit,
1600 1508 1706 1564 deiude
1726 1507 1801 1562 alias
1824 1507 1912 1563 velm-

159 1607 293 1664 meritate
305 1604 342 1659 sit
354 1604 504 1669 violatum,
521 1605 599 1675 quad
613 1604 673 1658 lere
697 1619 749 1675 per
771 1604 909 1658 ducentos
922 1620 1013 1658 annos
1028 1648 1048 1702 Β
1066 1603 1126 1657 das.
1143 1601 1212 1667 Qum
1233 1601 1365 1656 auamiui
1384 1615 1522 1655 consensu
1550 1598 1722 1669 religionem
1751 1600 1783 1651 et
1810 1595 1912 1667 sabjec-

161 1699 221 1750 tam
235 1692 479 1747 ⁸'uenerabilium
512 1697 626 1763 patrum
653 1691 803 1764 utriusque
827 1692 884 1748 loci
898 1693 1011 1748 autisti—
1067 1691 1175 1746 tionem
1202 1690 1337 1745 confesse
1370 1694 1447 1756 sunt,
1474 1687 1646 1759 publiceque
1667 1688 1691 1723 ⁸⁸
1714 1685 1913 1741 denunciatum

160 1787 223 1837 tum
239 1779 394 1835 concordia
407 1780 586 1843 robaratum,
601 1779 681 1834 omui
695 1780 833 1835 canonica
845 1780 1013 1836 auctoritate
1067 1783 1110 1834 est
1138 1778 1219 1833 omni
1243 1779 1320 1832 clero
1342 1785 1372 1832 et
1399 1776 1517 1848 populo,
1533 1773 1788 1846 archiepiscopum
1803 1772 1914 1844 nitjaris

161 1869 252 1926 lixum
267 1872 353 1939 atque
367 1873 465 1923 ratum
480 1867 603 1922 duravit.
1068 1866 1122 1922 sibi
1141 1867 1172 1922 iu
1194 1866 1244 1921 illa
1265 1864 1394 1921 aecclesia
1412 1864 1561 1919 vendicare
1575 1861 1601 1900 ⁸⁸
1623 1865 1733 1934 praeter
1744 1877 1911 1917 consensum

198 1963 240 2014 l3.
259 1956 312 2012 Sed
323 1957 444 2012 secundi
468 1955 650 2027 imperatoris
666 1955 778 2011 Ottonis
793 1955 862 2024 tilia,
878 1956 968 2012 tornes
982 1963 1014 2013 ut
1068 1961 1097 2011 et
1111 1955 1284 2027 permissum
1310 1952 1598 2009 liildeaesheimensis
1626 1950 1772 2023 episcopi.
1784 1950 1914 2007 Omnibus

160 2045 371 2119 paceomnium
387 2044 481 2099 dicam
505 2044 670 2114 hujusmodi
697 2043 895 2114 dissensionis,
912 2046 1014 2102 duma
1068 2059 1184 2114 quoque
1198 2042 1253 2098 rite
1274 2041 1406 2113 peractis,
1433 2055 1546 2095 summa
1558 2054 1628 2109 pace
1652 2040 1682 2095 ct
1696 2037 1852 2093 concordia
1864 2037 1913 2093 dis

161 2149 214 2189 suo
240 2132 388 2203 episcopo,
405 2131 513 2186 domno
530 2130 793 2202 videlicetOsdago,
811 2147 924 2187 sacrum
940 2133 1013 2187 vela·
1068 2147 1179 2187 cessum
1220 2133 1277 2197 est;
1311 2129 1448 2201 stetitque
1488 2126 1663 2183 unanimitas
1705 2126 1763 2182 sub
1817 2126 1912 2182 domno

160 2237 227 2276 men
241 2219 372 2291 accipere
388 2220 507 2291 spernit,
523 2219 701 2290 willegisum
726 2220 847 2292 appetit,
861 2221 1014 2292 indiguum
1068 2220 1180 2292 Osdago
1196 2223 1224 2274 et
1239 2217 1379 2290 Gerdago,
1409 2220 1437 2274 et
1458 2217 1568 2289 aliquot
1589 2216 1672 2272 annis
1701 2214 1726 2252 ⁸⁷
1741 2215 1912 2272 domuchr·

161 2309 305 2365 estimans
334 2307 422 2362 uisia
444 2308 585 2379 palligero
609 2309 777 2364 consecrari.
802 2309 882 2374 Quod
905 2310 969 2381 ipss
983 2311 1015 2365 li·
1065 2308 1187 2376 numdi,
1215 2306 1287 2362 adeo
1311 2310 1343 2362 ut
1367 2305 1507 2362 aecclesias
1528 2305 1638 2377 aliquas
1656 2307 1808 2377 praesente
1830 2302 1911 2359 arcii·

162 2399 233 2455 bens
259 2395 374 2462 anuuit,
409 2396 479 2451 haut
518 2396 702 2451 considerans
727 2401 867 2468 quantum
896 2399 1015 2471 antiqua
1069 2397 1204 2468 episcopo
1227 2396 1335 2452 ibidem
1359 2399 1546 2463 consecraret,
1574 2393 1719 2465 synodum
1743 2392 1834 2449 etiam
1860 2408 1909 2447 ma-

161 2501 305 2542 canonum
320 2489 428 2540 statuta
446 2482 471 2519 ⁸⁸
492 2484 651 2540 temeravit.
682 2486 739 2540 Nec
755 2484 882 2541 fraterna
896 2487 1014 2542 caritate
1068 2500 1155 2557 guam
1169 2484 1289 2540 haberet
1302 2489 1445 2556 praesente
1459 2484 1563 2539 domno
1577 2497 1645 2553 rege
1669 2481 1763 2537 tercio
1778 2481 1877 2538 tlttoae
1892 2475 1911 2516 ¹⁸

163 2575 273 2632 aditum
285 2573 429 2646 quaesivit,
441 2589 443 2591 '
454 2573 505 2628 sed
515 2573 595 2627 tratri
608 2577 636 2627 et
650 2574 817 2645 coepiscopo
831 2575 909 2629 diem
918 2575 1015 2647 impe·
1069 2573 1211 2629 assidente
1239 2573 1446 2629 nichilominus
1474 2571 1591 2642 praelato
1611 2569 1843 2642 archiepiscopo,
1855 2582 1909 2624 cure

161 2664 245 2729 ravit,
260 2668 292 2718 ut
306 2662 342 2718 ad
367 2661 542 2716 velationem
557 2662 726 2718 ancillarum
747 2663 798 2717 Dei
816 2663 847 2718 in
861 2663 1014 2719 testivitate
1068 2667 1166 2717 tamea
1191 2661 1233 2717 nil
1255 2678 1306 2716 sua
1326 2661 1495 2716 auctoritate
1519 2659 1698 2727 decerneret,
1719 2655 1908 2730 praeterquod
1944 2661 1947 2709 t

163 2749 253 2805 scach
270 2749 354 2804 Lucae
383 2747 565 2819 evangeliste
584 2747 626 2802 illi
651 2754 822 2803 occurreret.
848 2749 1016 2805 Nactusita·
1070 2765 1220 2806 assensum
1246 2766 1328 2821 reque
1352 2754 1385 2804 ut
1411 2749 1461 2804 alii
1483 2749 1583 2803 tratres
1609 2747 1721 2802 domno
1742 2745 1908 2812 bernvardo,
1943 2745 1947 2815 l

164 2853 221 2910 que
248 2842 449 2909 opportunum
472 2841 585 2903 tempus
610 2837 732 2891 domnus
757 2836 895 2909 Osdagas,
922 2838 1015 2894 archi·
1070 2840 1120 2912 qui
1134 2839 1244 2911 synodo
1272 2839 1456 2910 praesidebat,
1480 2837 1612 2909 prebuit.
1641 2836 1844 2894 iuterfuerunt
1855 2835 1908 2891 isle

157 2925 332 2997 episcopum
347 2924 486 2980 secretius
510 2940 567 2995 qua
579 2925 747 2980 auctoritate
761 2924 791 2980 id
801 2929 900 2996 ageret
915 2926 1014 2998 requi·
1031 2923 1052 2979 C
1071 2926 1163 2985 rius⁴⁹
1189 2929 1441 3001 llagdaburgcnsis
1466 2926 1709 2997 archiepiscopus,
1731 2925 1874 2982 Liudoltus
1887 2921 1906 2959 ¹

165 3013 245 3081 sirit3
271 3028 338 3068 cum
371 3011 420 3067 ille
447 3010 554 3065 minaci
584 3011 665 3066 vultu
694 3012 856 3068 mordacius
882 3014 917 3069 ad
934 3030 1016 3070 suam
1071 3016 1251 3072 'treverensis
1276 3016 1516 3087 archiepiscopus,
1545 3014 1610 3070 llilu
1638 3013 1797 3071 ldindeneis
1816 3015 1907 3086 cpisco-
1944 3009 1947 3065 Ι

166 3100 347 3173 parrochiam
370 3099 515 3170 pertinere
545 3098 703 3170 respondit,
735 3104 763 3154 et
789 3104 896 3156 statuta
925 3100 971 3157 die
987 3119 1017 3158 se
1072 3121 1135 3177 pus,
1164 3104 1349 3161 llildebaldus
1369 3104 1588 3160 wormaciensis
1610 3101 1632 3140 ³¹
1659 3103 1826 3176 episcopua,
1840 3104 1907 3174 llugo
1945 3087 1947 3092 ’

165 3187 283 3242 ancillas
298 3186 351 3243 ilci
369 3187 541 3254 velaturum,
558 3202 732 3259 omnemque
753 3186 944 3259 episcopalem
965 3206 1017 3261 po·
1072 3191 1220 3251 citicensis
1243 3192 1402 3262 episcopas.
1433 3190 1493 3246 Non
1526 3195 1622 3244 tamen
1660 3195 1723 3245 rata
1764 3187 1907 3263 permansit

166 3279 296 3330 testatem
312 3274 343 3329 in
358 3273 493 3330 illo-loco
509 3290 540 3330 se
560 3273 764 3346 adempturum
789 3276 929 3346 promisit.
946 3277 1017 3333 Cum
1072 3278 1238 3351 hujusmodi
1275 3279 1437 3348 concordia,
1472 3279 1540 3349 quia
1565 3277 1595 3332 in
1623 3278 1755 3334 medium
1790 3277 1906 3352 quedsn
1946 3321 1947 3335 .

166 3363 263 3436 itaque
275 3364 312 3419 ed
326 3361 404 3418 diem
419 3367 538 3418 ventum
554 3367 607 3428 est,
634 3363 738 3419 restitit
752 3363 795 3419 illi
817 3366 903 3435 plena
918 3370 1018 3420 aucto·
1073 3371 1263 3437 emerserunt,
1306 3383 1371 3439 ques
1413 3366 1553 3422 orientem
1599 3366 1752 3422 caritatem
1794 3364 1907 3424 falsitatis
1945 3427 1947 3433 ¹

167 3452 250 3507 ritate
265 3453 389 3507 domnus
404 3451 543 3522 Osdagus,
559 3455 703 3522 praesente
727 3467 795 3523 rege
811 3452 917 3509 domno
930 3454 1018 3509 tercio
1073 3457 1142 3512 lolia
1155 3454 1181 3492 ⁸¹
1192 3459 1388 3527 peremerunt.
1945 3510 1947 3528 2

167 3540 280 3606 Ottoue,
304 3554 370 3595 cum
385 3543 476 3594 matre
492 3538 675 3610 imperatrice
700 3538 845 3596 domna³⁹
866 3542 1019 3614 Theupha-
1112 3546 1154 3600 it.
1170 3544 1307 3601 Odiosum
1328 3545 1437 3617 quippe
1465 3549 1508 3600 est
1527 3548 1624 3601 nostro
1653 3543 1907 3617 temperaratius

168 3644 208 3684 na
232 3626 265 3699 ⁴⁰,
294 3626 486 3682 assidentibus
513 3643 629 3700 quoque
654 3627 804 3699 episcopis,
834 3629 971 3686 Rethario
997 3629 1018 3667 ⁴¹
1075 3633 1201 3705 aliquem
1217 3638 1329 3700 notare,
1344 3635 1418 3688 sicut
1437 3649 1452 3688 a
1468 3633 1592 3705 quodam
1606 3632 1718 3688 dictum
1740 3638 1799 3688 est:
1816 3635 1908 3692 retu

169 3714 591 3788 Patherbrunaensiepiscopo,
607 3716 711 3772 ltilone
726 3717 1018 3789 llindaneiepiscopo,
1075 3723 1168 3777 odium
1191 3724 1279 3792 perit,
1306 3722 1355 3777 sed
1384 3721 1575 3777 scribentibus
1601 3722 1696 3794 gravis
1714 3721 1803 3794 culpe
1823 3719 1907 3778 estvel

169 3806 338 3862 Hildehaldo
363 3803 389 3844 ⁸¹
413 3806 618 3860 wormaciensi
646 3811 668 3843 ⁴⁸
693 3807 838 3879 episcopo,
863 3824 929 3864 cum
956 3809 1021 3864 aliis
1075 3811 1147 3866 talea
1167 3809 1260 3864 dicere
1282 3815 1333 3865 aut
1354 3826 1421 3866 vera
1437 3809 1636 3866 intermittere.
1655 3810 1737 3866 Unde
1756 3824 1907 3883 pacecuuc·

168 3894 359 3966 principibus,
375 3894 425 3964 qui
449 3896 483 3949 ad
499 3895 743 3966 sollempnitatem
763 3896 949 3952 velandarum
963 3899 1019 3953 vir·
1076 3903 1188 3954 ctorum
1220 3897 1306 3953 liceat
1342 3898 1408 3967 dici,
1437 3899 1515 3971 quod
1555 3899 1645 3970 scelus
1672 3902 1717 3954 est
1746 3899 1844 3955 celari.
1869 3898 1908 3953 ltu

169 3982 270 4053 maram
278 3989 484 4037 convenerant.
497 3983 569 4037 Cum
581 3998 650 4053 ergo
660 3983 747 4054 longa
754 3982 923 4055 disceptatio
936 3991 1019 4054 esset,
1076 3987 1183 4058 quippe
1195 3987 1334 4057 proeclara
1348 3986 1516 4043 ancillarum
1532 3987 1581 4041 hei
1603 3987 1794 4060 congregatio
1808 3985 1832 4025 ⁸¹
1846 3989 1907 4043 aaa

169 4070 294 4125 domnus
309 4068 448 4138 Osdagus,
465 4069 605 4140 simplicis
621 4071 710 4128 animi
724 4070 778 4140 sir,
798 4071 895 4126 divino
907 4073 1021 4129 monitu
1076 4076 1171 4131 studio
1192 4080 1222 4130 et
1241 4074 1389 4131 devotione
1414 4075 1596 4131 dominorum
1612 4080 1782 4132 nostrorum
1810 4080 1907 4149 petru!

169 4158 305 4213 incitatus
321 4157 514 4228 episcopalem
536 4158 703 4213 cathedram
725 4157 760 4214 ad
775 4158 902 4215 absidem
923 4161 1021 4216 altaris
1037 4204 1058 4258 D
1077 4165 1187 4236 patriae,
1217 4164 1322 4219 ducum
1346 4180 1378 4219 ac
1404 4180 1515 4235 regum,
1539 4180 1591 4236 per
1616 4163 1775 4220 altfridum
1805 4166 1908 4237 ejunus

170 4246 240 4316 poni
252 4244 399 4317 praecepit,
424 4245 477 4299 hac
505 4245 629 4300 tuitione
644 4246 738 4301 locum
766 4262 799 4302 ac
814 4247 944 4319 regimen
966 4249 1021 4304 sihi
1077 4267 1253 4308 successores
1280 4251 1409 4307 institute
1434 4256 1487 4321 est,
1507 4251 1589 4308 utin
1616 4251 1763 4324 principia
1790 4251 1908 4309 omnibns

169 4331 337 4398 delendens,
352 4330 585 4387 laventibus'illi
601 4332 817 4401 lereomnihus,
847 4336 915 4407 qaia
929 4337 1023 4392 archi·
1075 4337 1228 4394 imitabiles
1256 4340 1401 4411 exemplar
1425 4338 1593 4395 humilitatis
1616 4354 1649 4394 ac
1678 4339 1810 4396 caritatis
1838 4340 1907 4396 uere
1933 4406 1936 4411 Ι

170 4418 300 4492 episcopi
323 4418 500 4488 animositas,
527 4418 580 4475 etsi
604 4423 683 4476 melu
706 4421 785 4477 illius
798 4421 1021 4492 dissimularent,
1077 4431 1149 4494 rent,
1175 4425 1343 4497 episcopum
1366 4443 1450 4482 suum
1476 4444 1492 4482 a
1528 4427 1584 4482 heo
1604 4425 1629 4464 ⁸⁴
1655 4426 1712 4482 sibi
1735 4427 1908 4500 praepositae

119 4540 122 4544 ·
171 4508 282 4562 cunctis
312 4505 491 4577 displicebat.
521 4506 681 4564 Destitutus
705 4509 804 4582 itaque
832 4510 1022 4582 archiepisco·
1076 4513 1158 4584 quasi
1188 4513 1238 4569 hei
1251 4515 1390 4569 nunciam
1406 4531 1439 4570 ac
1463 4520 1573 4593 patrem
1596 4514 1743 4582 audirent,
1757 4514 1909 4572 colereatet

152 4612 227 4669 pus
249 4595 441 4652 multitudinis
467 4596 573 4663 lavore,
594 4596 645 4668 qui
659 4597 738 4670 prius
764 4614 816 4653 suo
837 4598 897 4670 juri
926 4599 1023 4657 omnia
1075 4605 1215 4667 amarent,
1234 4618 1335 4658 omnes
1363 4604 1558 4669 adventantes,
1584 4606 1671 4675 prout
1695 4604 1804 4677 cuique
1828 4617 1909 4677 perso

170 4683 316 4757 promisit,
345 4683 390 4738 vix
412 4683 517 4740 domna
543 4684 724 4756 Theuphauu
741 4689 770 4742 et
792 4686 933 4759 episcopis
952 4688 1023 4744 obti·
1075 4705 1121 4745 nse
1138 4690 1327 4762 competebat,
1354 4682 1499 4763 praecipua
1526 4690 1704 4763 benignitate
1733 4691 1907 4764 susciperent

151 4811 154 4815 -
171 4773 315 4842 uentibus,
332 4773 395 4845 ipso
419 4789 535 4845 quoque
563 4774 639 4829 ultra
658 4791 746 4846 quam
759 4775 837 4830 credi
852 4781 947 4848 potest
960 4792 1024 4850 sup
1076 4778 1193 4833 llicillis
1207 4794 1285 4848 usus,
1298 4779 1354 4835 hoc
1380 4780 1505 4835 studium
1528 4778 1597 4848 tait;
1611 4779 1667 4835 hoc
1685 4784 1787 4836 sancto
1801 4776 1909 4835 locotr-

170 4862 307 4935 plicante,
320 4861 457 4929 obtinuit,
487 4866 521 4917 ut
542 4861 579 4917 ad
603 4863 763 4934 principale
778 4865 867 4919 altare
894 4865 1023 4921 misteria
1075 4866 1232 4921 verentiam
1251 4872 1282 4923 et
1306 4867 1363 4922 illis
1384 4869 1460 4940 apud
1483 4884 1582 4924 omues
1604 4867 1730 4940 gratiam
1757 4864 1910 4928 exhibchtll
1941 4856 1944 4861 ¹

170 4950 234 5024 ipsa
258 4949 304 5007 die
325 4954 434 5022 ageret,
457 4950 497 5004 ita
522 4950 654 5007 videlicet
672 4956 705 5006 ut
728 4953 841 5008 domnae
860 4953 976 5023 Sophiae
999 4957 1023 4991 ⁴⁴
1075 4953 1130 5009 hoc
1148 4954 1318 5010 humilitatis
1333 4955 1493 5028 privilegia,
1519 4972 1583 5011 cum
1604 4972 1656 5028 pro
1677 4956 1774 5011 causis
1791 4950 1912 5011 aecclesie

882 5076 999 5132 VARIAE
1015 5076 1216 5133 tucrlouuS.

207 5184 232 5221 ⁸⁹
254 5187 450 5268 thiethardum
476 5191 502 5242 2.
527 5186 553 5222 ⁸⁰
575 5188 746 5259 gerbergam
772 5191 802 5245 2.
829 5192 850 5227 ⁸¹
877 5205 962 5245 mauu
986 5191 1108 5246 ‚emunda
1136 5195 1162 5245 2.
1185 5189 1210 5226 ⁵¹
1238 5193 1418 5248 uuillihslmo
1443 5197 1470 5249 2.
1502 5193 1526 5229 ⁸⁸
1554 5194 1711 5265 Willigisus
1744 5197 1772 5250 2.
1796 5199 1913 5251 coactae·

174 5262 223 5312 ter.
257 5258 351 5311 “illis
379 5262 407 5313 2.
441 5255 526 5312 ⁸⁵uel
556 5261 583 5313 2.
613 5261 636 5295 ⁸⁰
667 5259 765 5314 intelle
786 5265 836 5314 aut
863 5263 889 5316 2.
923 5258 947 5296 ⁸⁷
979 5263 1021 5316 tot
1044 5263 1071 5316 2.
1105 5259 1130 5298 ⁸⁸
1152 5261 1284 5317 instituta
1313 5267 1341 5318 2.
1372 5262 1397 5301 ⁸⁹
1425 5265 1498 5320 deest
1529 5267 1556 5320 2.
1591 5262 1774 5321 ⁶⁰theotanu
1802 5269 1831 5321 2.
1859 5279 1916 5320 coa·

171 5331 285 5382 stanter.
309 5328 330 5364 ⁸¹
356 5328 512 5383 haethario'
533 5331 561 5384 2.
588 5325 618 5366 ⁴¹
642 5275 800 5384 hildibaldo
833 5333 860 5385 2.
889 5335 911 5368 ⁴⁸
936 5332 1121 5386 wormacensi
1148 5334 1175 5386 2.
1214 5337 1237 5370 “
1264 5334 1382 5405 sophyae
1419 5339 1446 5391 2.
1479 5349 1558 5404 supe.
1597 5336 1619 5372 ⁴⁸
1655 5333 1774 5390 Publice
1812 5347 1917 5408 quoque

171 5399 198 5451 2.
227 5394 252 5479 j‘
279 5397 352 5452 deest
379 5401 406 5454 t.
444 5393 466 5435 ⁴⁷
491 5414 582 5454 anuos
606 5403 632 5454 2.
662 5396 686 5436 ⁴⁸
713 5398 741 5455 d.
765 5399 797 5457 0.
822 5399 843 5454 1.
880 5415 907 5455 r.
939 5404 966 5455 2.
992 5397 1016 5439 ⁴⁹
1040 5400 1144 5457 talarus
1166 5405 1193 5458 2.
1219 5400 1243 5440 ⁸⁰
1268 5403 1408 5460 liudutlus
1434 5407 1462 5461 2.
1489 5401 1512 5443 ⁸¹
1539 5403 1642 5460 hildib.
1671 5404 1876 5462 vormacensis
1902 5405 1918 5457 2

171 5459 197 5501 ⁸²
220 5471 262 5521 stu
272 5469 297 5521 l.
313 5465 340 5521 2.
352 5461 375 5504 ⁸⁸
389 5468 419 5522 ta
433 5481 522 5534 uterq.
539 5467 738 5525 Gandashetm.
755 5469 778 5507 ¹⁴
792 5484 824 5524 ac
840 5469 874 5525 de
890 5484 924 5526 eo
939 5471 965 5526 2.
1573 5502 1575 5505 .
1817 5504 1827 5510 .-
