3894 6120
620 277 1083 336 actuaris.suuuuott1eu1
1105 276 1257 334 nutans.
1282 276 1431 334 trouscn.

151 425 334 436 μ’-
1650 419 1905 430 αο--ι-.

432 608 530 716 DE
584 604 1117 715 DIVERSITATE
1176 602 1610 714 TEMPORUM

896 829 1023 896 LIBRI
1051 828 1158 896 buu.

753 1168 957 1243 INCIPIT
994 1168 1301 1243 PROLOGUS.

187 1464 287 1518 Frater
302 1463 394 1516 Immo
408 1462 464 1531 (26)
489 1478 573 1516 causa
594 1462 701 1517 amoris
725 1463 760 1518 ed
782 1478 828 1517 me
840 1462 932 1519 veuit:
950 1467 999 1518 tue
1018 1465 1170 1536 Acollegq
1187 1482 1223 1521 ne
1247 1464 1394 1521 verbosior
1409 1482 1496 1538 quam
1513 1466 1661 1523 debuerim
1682 1467 1812 1523 viderer.
1834 1469 1866 1523 Et
1880 1475 1907 1522 et

149 1557 248 1606 sancta
272 1549 377 1616 studia,
401 1552 563 1605 venerande
583 1552 688 1623 preesul
705 1551 877 1618 burcharde,
900 1551 1000 1621 iidem,
1056 1561 1174 1625 propter
1200 1559 1264 1610 tues
1299 1554 1502 1626 occupationes
1537 1556 1730 1611 sanctissimas
1762 1556 1906 1613 fastidium

148 1643 330 1695 sanctitatem
345 1643 374 1693 et
388 1639 567 1694 honestatem
585 1655 697 1694 morum
720 1640 828 1706 retulit,
843 1645 878 1710 'et
894 1645 1001 1711 quanta
1056 1639 1186 1706 vitarem,
1215 1637 1346 1693 brevitati
1368 1637 1499 1693 animum
1520 1638 1550 1693 in
1573 1639 1710 1695 omnibus
1729 1640 1812 1696 dedi.
1833 1643 1867 1696 bt
1886 1643 1907 1696 si

150 1727 320 1784 auctoritate
339 1732 519 1781 construeres
541 1731 570 1782 et
594 1742 708 1799 regeres
736 1728 884 1781 eeclesiam
912 1728 1000 1783 tibia
1056 1726 1178 1781 emulus
1191 1725 1257 1797 quis
1284 1725 1357 1781 torte
1383 1741 1417 1779 ex
1442 1725 1561 1782 adverso
1588 1728 1750 1796 emerserit,
1782 1730 1906 1784 etlirIdo

150 1813 416 1884 Dcocommissam,
433 1816 564 1870 ostendit.
583 1817 648 1887 Ejus
676 1816 871 1883 relationibus,
898 1816 999 1884 fateor,
1056 1817 1140 1871 oculo
1163 1814 1208 1869 bis
1227 1813 1361 1885 inspectis
1385 1813 1422 1869 ob
1450 1814 1586 1871 iuvidIam
1606 1832 1708 1887 rugam
1725 1819 1906 1883 contraxerit,

150 1905 306 1961 admodum
323 1919 381 1958 non
404 1904 496 1959 solum
511 1905 738 1977 congaudebam,
764 1905 813 1960 sed
831 1906 917 1960 etiam
930 1921 999 1960 con·
1056 1909 1085 1959 et
1101 1904 1130 1959 in
1147 1903 1203 1958 boc
1217 1919 1264 1958 me
1287 1902 1499 1974 reprehendere
1523 1905 1706 1975 temptaverit
1723 1905 1757 1973 ⁸⁶,
1775 1906 1855 1978 quod
1869 1923 1908 1961 su·

150 1993 240 2065 digna
266 1990 468 2059 admiratione,
492 1992 597 2065 grallas
621 1993 679 2048 lieo
702 1996 763 2049 toto
788 1995 873 2049 corde
897 2010 999 2066 repen·
1054 1989 1165 2063 perflue
1180 2006 1254 2046 nora
1276 1995 1304 2045 et
1323 1989 1510 2060 impudenter
1536 1992 1656 2062 inpolito
1683 2008 1824 2048 sermone
1851 1994 1906 2049 edi·

150 2081 231 2147 dens,
266 2079 439 2135 exultabam.
464 2079 594 2153 Cumque
622 2082 716 2137 adhuc
741 2082 776 2137 de
799 2086 849 2137 tua
871 2083 1000 2138 booltate
1055 2079 1207 2146 dertm,eo
1233 2079 1308 2151 quod
1337 2078 1481 2134 sufficiant
1507 2080 1572 2135 libri
1590 2097 1663 2152 quos
1686 2081 1813 2137 studIosi
1840 2083 1905 2137 reei-

150 2171 281 2244 pluriora
304 2170 375 2226 scire
405 2171 609 2239 desiderarem,
630 2178 737 2244 quanta
760 2172 945 2229 meditatione
969 2173 1000 2227 in
1055 2169 1146 2242 pient,
1172 2169 1281 2224 nedum
1304 2168 1391 2223 etiam
1419 2167 1482 2224 istis
1512 2169 1652 2240 imperItis
1675 2171 1805 2242 seriptis,
1830 2175 1904 2244 quasi

151 2261 257 2315 sanetis
276 2258 440 2331 Scripturis‚
467 2260 565 2314 labore
584 2260 763 2332 jejuniorum
781 2264 811 2317 et
824 2261 998 2333 vigiliarum,
1055 2255 1249 2321 Inutilifasce,
1272 2260 1438 2322 merentur,
1465 2262 1494 2313 et
1507 2272 1541 2312 ea
1554 2272 1637 2312 cauea
1659 2258 1798 2315 libellum
1825 2275 1902 2331 repu-

151 2353 180 2404 et
194 2347 226 2402 in
240 2347 348 2403 caeteds
363 2347 468 2403 CbrIsti
484 2347 620 2419 operibus
634 2366 709 2404 esses
724 2354 886 2422 occupatus,
911 2365 1001 2420 expo·
1055 2344 1140 2400 lecit:
1156 2345 1180 2399 is
1195 2345 1277 2410 sciat,
1292 2361 1359 2400 eum
1380 2349 1438 2400 tue
1461 2340 1617 2418 cognitioni
1639 2348 1829 2403 solummodo
1847 2365 1903 2403 esse

151 2437 218 2493 suit.
235 2435 364 2506 lieanue
380 2440 488 2508 quanto
514 2437 640 2508 ampIIus
663 2438 705 2492 tui
729 2439 907 2493 menti0nem
923 2437 1000 2510 opud
1056 2433 1185 2497 missum,
1200 2438 1232 2488 ul
1245 2437 1296 2488 luo
1316 2433 1425 2504 judicio
1447 2441 1498 2491 aut
1520 2436 1675 2503 aboleatur,
1692 2440 1745 2491 eut
1772 2438 1902 2508 legendus

151 2525 460 2595 nosegerut³‘,tanlo
483 2526 637 2599 gratiorem
654 2526 737 2582 uobis
759 2527 836 2583 diem
860 2527 996 2598 etjacun-
1055 2527 1193 2578 serretur.
1220 2523 1291 2577 Num
1318 2538 1367 2593 spe
1395 2523 1495 2594 gratie
1533 2530 1589 2578 ture
1616 2523 1755 2592 confisus,
1786 2525 1823 2580 ab
1856 2526 1901 2580 bas

151 2614 263 2670 diorem
279 2612 420 2671 effecerat.
436 2614 470 2670 Et
483 2615 550 2686 quia
565 2615 596 2669 in
610 2619 668 2670 tam
695 2615 834 2672 laudabili
849 2617 906 2672 vita
918 2617 1000 2690 agni·
1055 2609 1216 2666 intentione
1231 2610 1337 2665 monus
1352 2626 1423 2666 mee
1440 2612 1593 2667 nonnette
1609 2613 1768 2684 quisquam
1784 2617 1901 2668 retraxe-

149 2707 197 2758 tus
212 2719 253 2770 es,
278 2708 498 2775 quemquamst
516 2709 581 2759 ante
601 2704 733 2776 plurimis
747 2710 775 2761 et
798 2706 1000 2777 prestsnnhus
1056 2698 1103 2767 rit,
1117 2698 1188 2771 quin
1212 2698 1349 2770 quicquid
1365 2700 1511 2754 sentencia
1533 2704 1581 2755 tue
1602 2701 1783 2773 probaverit,
1799 2700 1900 2773 absque

149 2790 218 2845 viris
242 2791 434 2847 referentibus
454 2790 546 2845 multa
570 2791 708 2863 praeclara
731 2797 760 2847 et
781 2793 904 2849 illustria
919 2793 954 2849 de
973 2798 1001 2849 te
1056 2787 1243 2860 ambiguitate
1259 2787 1289 2843 id
1304 2787 1427 2842 aliorum
1452 2789 1538 2844 etiam
1561 2789 1776 2845 exemInatione
1799 2791 1837 2845 sit
1849 2796 1900 2845 sta·

149 2879 208 2935 sint
220 2879 329 2950 audita,
354 2880 511 2936 seeundum
540 2880 614 2935 dieta
639 2881 795 2936 salvatoris
817 2882 909 2937 nostri
924 2881 1001 2937 unici
1054 2874 1226 2931 bibendum·
1239 2875 1272 2930 EI
1285 2875 1310 2929 si
1325 2876 1443 2931 demum
1463 2877 1525 2933 hoec
1543 2877 1717 2950 objicIcutur
1740 2885 1771 2933 et
1789 2895 1900 2950 arguar,

150 2965 214 3020 Filii
228 2965 297 3020 Del:
312 2987 323 3015 ι
339 2967 401 3022 Non
412 2970 505 3037 potest
518 2962 543 2998 ³³
559 2963 658 3020 civitas
665 2965 801 3021 abscondi
814 2982 902 3038 super
915 2982 1001 3021 mon·
1055 2965 1132 3036 quod
1148 2963 1283 3019 omuibus
1297 2964 1413 3036 cognita
1437 2966 1609 3038 serIpserim‚
1634 2971 1685 3021 tuo
1705 2969 1830 3023 consilio
1841 2984 1901 3038 per·

149 3060 208 3109 tem
223 3054 326 3124 posite,
344 3069 438 3126 neque
455 3054 571 3108 lucerna
587 3069 675 3125 supra
693 3054 899 3110 candelabrum
915 3055 1001 3110 missa
1054 3054 1191 3125 pendent,
1201 3068 1247 3107 me
1260 3054 1313 3107 hae
1329 3054 1516 3125 responsione
1538 3055 1598 3110 uti:
1615 3059 1684 3111 nota
1698 3056 1901 3112 delectabiliter

83 3176 86 3183 ·
150 3142 241 3214 (llutt.
255 3158 283 3209 v,
299 3142 342 3208 tl,
361 3142 424 3210 ¹5);
442 3160 457 3193 u
482 3145 580 3195 temen
605 3141 727 3197 interior
749 3149 798 3197 tua
822 3142 999 3199 conversatio
1054 3143 1159 3214 saeptus
1172 3140 1276 3209 audiri,
1293 3146 1324 3196 ut
1337 3143 1410 3198 solet
1423 3141 1486 3198 lieri
1501 3142 1531 3198 in
1544 3143 1705 3210 cantilenis,
1721 3145 1815 3216 quod,
1833 3151 1901 3200 rete·

148 3229 278 3301 apertius
299 3229 491 3295 manifestato,
510 3229 680 3285 memoriam
697 3231 750 3299 tui,
766 3231 860 3304 sIgillo
875 3231 1001 3287 caritatis
1053 3229 1133 3284 ribus
1154 3245 1187 3284 ea
1215 3228 1383 3286 assiduitate
1406 3230 1549 3298 fastidius,
1569 3247 1648 3286 noste
1672 3231 1857 3304 frequentina
1872 3232 1899 3286 iu

149 3318 255 3374 ChrIsti
288 3317 400 3390 pectori
428 3332 493 3373 meo
519 3317 612 3373 arcius
645 3317 825 3390 impressam,
859 3325 1000 3393 perpetua
1052 3317 1114 3374 dies
1137 3317 1278 3390 repetitae,
1311 3319 1507 3375 delectabilius
1535 3320 1700 3376 audiuntur.
1731 3321 1811 3377 Inter
1844 3323 1900 3378 beo

148 3406 410 3480 conglutinatione,
439 3405 463 3460 si
488 3422 632 3478 presumo
657 3408 796 3478 confiteri,
820 3409 1000 3480 mibicopu·
1052 3407 1377 3479 noverittuadignitas,
1404 3408 1810 3480 quodetiamederitandam
1831 3411 1901 3466 ocio

148 3495 227 3552 labit.
239 3495 275 3551 Et
290 3496 313 3551 si
332 3494 466 3567 augustia
480 3495 630 3550 familiaris
656 3497 699 3552 rei
716 3497 746 3553 In
762 3497 999 3554 administrandis
1052 3495 1165 3550 sitalem
1192 3498 1220 3549 et
1249 3495 1388 3550 desidiam
1426 3497 1521 3552 cordis
1553 3512 1598 3552 res
1637 3495 1705 3551 istas
1735 3498 1900 3554 scribendas

148 3583 293 3656 obsequiis
306 3583 420 3654 copiam
443 3583 514 3639 mihi
538 3585 665 3656 negabit,
689 3590 787 3642 tamen
811 3586 869 3659 pise.
895 3586 1000 3642 mentis
1052 3581 1247 3654 susceperim
1275 3584 1394 3656 etquis
1415 3584 1539 3657 adopus
1568 3584 1617 3640 uei
1643 3584 1703 3641 sive
1719 3586 1757 3641 ad
1783 3588 1900 3658 alicujus

148 3673 265 3728 allectus
274 3672 305 3728 iu
323 3671 506 3746 Christoitibi
519 3689 634 3745 semper
656 3674 757 3743 ederit,
780 3675 896 3731 fulcitus
919 3675 998 3730 testi·
1051 3671 1164 3726 virtutis
1185 3672 1330 3743 protectus
1344 3672 1466 3729 idoneus
1489 3690 1548 3730 non
1574 3689 1647 3741 sum,
1664 3673 1695 3728 iu
1725 3675 1783 3729 hoc
1808 3675 1899 3735 saltim

147 3763 246 3818 monio
259 3761 425 3834 Scripturas,
449 3761 587 3817 dicentis:
606 3783 620 3814 «
635 3760 769 3818 Voluntas
793 3763 868 3818 bona
895 3763 1000 3818 suttlcit
1053 3761 1189 3831 opusculo
1207 3760 1346 3817 miserum
1361 3761 1491 3817 animum
1506 3763 1542 3819 ab
1557 3762 1635 3818 Inani
1650 3762 1821 3819 curiositate
1832 3763 1901 3820 cobi-

147 3849 255 3906 omnia.
279 3870 294 3901 u
320 3850 464 3907 Caeterum
492 3850 604 3906 nomini
631 3854 681 3905 tuo
720 3850 809 3906 istum
836 3849 998 3905 consecravi
1051 3848 1160 3904 berem.
1176 3848 1256 3914 Quod
1281 3849 1368 3905 etiam
1383 3850 1522 3907 ideosine
1547 3851 1662 3906 nomine
1687 3853 1816 3907 auctoris
1829 3853 1902 3926 posi·

147 3936 278 3995 libellum
305 3938 340 3994 de
358 3942 521 3994 nostrorum
540 3938 653 3993 dierum
667 3938 832 3994 bominibus
856 3937 997 4010 composi·
1051 3941 1180 4005 tumeat,
1196 3943 1240 4007 ut,
1256 3937 1281 3992 si
1294 3938 1436 4010 dispIIcet,
1453 3939 1526 3995 sicut
1548 3938 1669 4012 predixi
1683 3940 1833 4013 superius,
1857 3958 1900 3997 ra·

146 4032 220 4094 tum,
235 4027 280 4083 oui
296 4042 403 4083 nomeu
423 4030 466 4081 est
490 4027 529 4081 De
557 4025 721 4081 diversitate
734 4030 910 4098 temporum,
928 4027 997 4098 quia
1013 4037 1034 4095 c
1052 4042 1141 4094 seces,
1171 4025 1228 4081 sire
1252 4026 1328 4082 fossa
1360 4027 1433 4083 tacta
1475 4028 1565 4084 humo
1598 4026 1705 4100 operiri
1733 4030 1857 4100 jubeam
1880 4031 1900 4084 si

146 4116 177 4171 iu
192 4133 226 4171 eo
241 4117 354 4172 diversa
377 4115 494 4170 collecta
518 4113 660 4170 videntur.
685 4114 747 4169 Nou
767 4114 844 4170 enIm
874 4115 997 4188 pleniter
1048 4132 1116 4170 sero
1128 4115 1232 4187 placet,
1247 4115 1380 4187 adposito
1395 4116 1512 4174 nomine
1532 4133 1615 4173 eausa
1633 4116 1770 4173 exercicii
1784 4119 1902 4175 feliciter

145 4204 242 4260 omnia
273 4219 338 4275 quae
366 4203 401 4258 ds
426 4202 573 4274 proposita
595 4203 715 4257 materie
745 4203 895 4259 scribenda
914 4209 996 4259 eraut
1049 4205 1136 4271 legas.

492 4326 495 4331 '
599 4323 727 4379 INCIPIT
743 4324 910 4381 EPISTOLA
930 4324 1038 4380 nonni
1060 4323 1267 4381 BURGIIARIII
1286 4324 1453 4382 EPISCOPI.

184 4430 381 4495 Buaeusunus,
407 4431 512 4482 sanctae
531 4427 748 4483 wormaciensis
771 4429 905 4484 eecclesiae
926 4444 995 4501 pro·
1050 4426 1132 4498 guito
1146 4426 1259 4495 misisti,
1289 4427 1420 4484 hilariter
1440 4429 1546 4502 accepi,
1573 4446 1644 4501 quas
1669 4432 1830 4506 etiamper
1843 4435 1902 4492 dili-

146 4516 223 4573 risor
234 4515 414 4572 humillimus
438 4519 575 4586 Aueanru,
596 4515 713 4586 speciali
739 4533 802 4585 suo,
827 4518 928 4589 gratioe
948 4516 995 4572 in·
1050 4516 1175 4571 ctionem
1189 4517 1355 4588 pariterque
1379 4522 1456 4573 tuam
1472 4519 1644 4589 peticionem
1658 4523 1688 4574 et
1710 4519 1775 4592 ipse
1792 4523 1860 4597 legi,
1876 4530 1901 4578 et

145 4604 307 4677 tegritatem
322 4610 351 4661 et
361 4604 516 4675 plurimam
533 4605 665 4660 salutem.
1049 4620 1146 4660 coram
1160 4620 1207 4659 me
1234 4605 1329 4677 legere
1354 4606 1478 4678 praecepi
1494 4625 1502 4674 ;
1520 4605 1551 4661 in
1579 4606 1685 4679 quibus
1713 4610 1806 4666 studii
1821 4608 1858 4683 ⁸²,
1872 4629 1901 4667 ac

183 4694 291 4751 Literes
305 4699 379 4764 tuas,
394 4710 466 4766 quas
481 4694 600 4750 nomiae
621 4709 687 4750 meo
701 4693 755 4750 tibi
770 4692 893 4749 multum
916 4694 993 4749 ineo·
1049 4693 1205 4749 voluntatis
1222 4698 1280 4749 tue
1303 4693 1483 4751 devotionem
1498 4693 1566 4750 satia
1594 4711 1740 4769 superque
1767 4700 1900 4772 cognovi.

849 4818 974 4873 VARLAE
994 4817 1191 4875 buculcus-38.

181 4922 206 4957 ⁸⁴
220 4919 311 4992 egerit
338 4923 367 4976 l.
386 4921 524 4990 egeratt.
563 4915 666 4990 ⁸Ipote
688 4921 712 4972 t.
748 4915 1017 4989 ³⁰taemptareritc.
1055 4913 1079 4952 ⁸¹
1108 4916 1251 4972 studuit.

966 5041 1079 5099 NOTAE.

177 5145 233 5216 (tt)
247 5144 417 5208 immonem,
434 5141 568 5196 abbatem
591 5140 782 5207 Gorzieusem,
797 5141 996 5197 prumiensem
1051 5145 1142 5196 testem
1154 5140 1236 5210 liujus
1248 5142 1322 5209 siqui
1335 5139 1432 5195 bebere
1446 5143 1533 5211 cupis,
1548 5144 1667 5210 tratrem
1694 5147 1784 5209 tuum,
1805 5161 1844 5201 oo
1864 5150 1905 5201 itu

145 5221 175 5272 et
189 5215 394 5286 tuguiensem,
412 5213 530 5268 tratrem
546 5211 654 5284 alperti
665 5212 751 5267 tuisse
766 5213 928 5294 suspicatur
943 5212 997 5266 Ee·
1050 5225 1130 5266 seres
1140 5212 1250 5278 babeat,
1261 5211 1452 5278 interrogabis,
1467 5214 1516 5280 qui
1530 5213 1609 5281 bunc,
1624 5214 1724 5267 morito
1741 5228 1792 5270 suo
1807 5219 1839 5272 in
1857 5218 1905 5272 illo

143 5287 264 5353 eardus;
282 5286 332 5340 sed
347 5286 437 5339 Immo
457 5282 595 5338 diaconus
619 5282 836 5338 wormatiensis
856 5282 997 5339 luisserI·
1050 5282 1204 5338 miserabili
1232 5282 1303 5337 cede
1323 5284 1473 5337 Frumrum
1498 5285 1650 5351 interfecto,
1675 5285 1759 5339 eund
1776 5301 1904 5343 uxorem

143 5356 239 5424 detur,
268 5356 303 5410 ad
329 5370 414 5426 quem
438 5354 595 5409 monachus
617 5353 754 5409 Tietensis
783 5353 934 5409 cistulam
960 5353 995 5407 de
1050 5352 1141 5416 Quem
1155 5357 1254 5408 mmsn
1268 5356 1304 5408 ab
1320 5353 1448 5424 alperto,
1463 5352 1566 5409 clerieo
1580 5359 1612 5409 ut
1621 5353 1743 5422 ridetur,
1754 5355 1904 5414 disemum

143 5425 291 5484 miraculis
303 5425 332 5481 S.
355 5425 523 5496 Watburgis
545 5424 667 5497 scripsit.
688 5427 749 5480 Aet.
811 5464 818 5479 .
846 5425 926 5482 Febr.
944 5423 993 5489 Ill,
1048 5421 1212 5479 habuerim.

142 5515 172 5570 p.
205 5498 269 5571 548.
294 5495 382 5551 etiem
408 5496 445 5551 de
469 5495 608 5552 Immonis
631 5495 719 5551 tratre
742 5511 836 5552 sermo
868 5501 935 5552 est:
964 5495 995 5549 Si
