<?xml version="1.0" encoding="UTF-8"?>
<!DOCTYPE html PUBLIC "-//W3C//DTD XHTML 1.0 Transitional//EN"
    "http://www.w3.org/TR/xhtml1/DTD/xhtml1-transitional.dtd">
<html xmlns="http://www.w3.org/1999/xhtml" xml:lang="en" lang="en">
 <head>
  <title>
</title>
<meta http-equiv="Content-Type" content="text/html;charset=utf-8" />
  <meta name='ocr-system' content='tesseract 3.04.00' />
  <meta name='ocr-capabilities' content='ocr_page ocr_carea ocr_par ocr_line ocrx_word'/>
</head>
<body>
  <div class='ocr_page' id='page_1' title='image "./patrologiaecurs17unkngoog/patrologiaecurs17unkngoog_0168.png"; bbox 0 0 3878 6112; ppageno 0'>
   <div class='ocr_carea' id='block_1_1' title="bbox 140 253 1891 338">
    <p class='ocr_par' dir='ltr' id='par_1_1' title="bbox 140 253 1891 338">
     <span class='ocr_line' id='line_1_1' title="bbox 140 253 1891 338; baseline -0.002 -2"><span class='ocrx_word' id='word_1_1' title='bbox 140 281 192 336; x_wconf 79' lang='lat' dir='ltr'><strong>sir</strong></span> <span class='ocrx_word' id='word_1_2' title='bbox 283 335 284 338; x_wconf 33' lang='lat'><strong>,</strong></span> <span class='ocrx_word' id='word_1_3' title='bbox 346 253 350 257; x_wconf 81' lang='grc'><strong>’</strong></span> <span class='ocrx_word' id='word_1_4' title='bbox 790 277 818 333; x_wconf 93' lang='lat' dir='ltr'><strong>s.</strong></span> <span class='ocrx_word' id='word_1_5' title='bbox 843 274 985 334; x_wconf 80' lang='lat' dir='ltr'><strong>saunier</strong></span> <span class='ocrx_word' id='word_1_6' title='bbox 1004 274 1238 333; x_wconf 80' lang='lat' dir='ltr'><strong>rurnuiroais</strong></span> <span class='ocrx_word' id='word_1_7' title='bbox 1841 280 1891 332; x_wconf 79' lang='lat' dir='ltr'><strong>sss</strong></span> 
     </span>
    </p>
   </div>
   <div class='ocr_carea' id='block_1_2' title="bbox 136 396 1897 2588">
    <p class='ocr_par' dir='ltr' id='par_1_2' title="bbox 136 396 1897 2588">
     <span class='ocr_line' id='line_1_2' title="bbox 138 396 1892 473; baseline -0.003 -14"><span class='ocrx_word' id='word_1_8' title='bbox 138 402 289 468; x_wconf 71' lang='lat' dir='ltr'><strong>reditibus,</strong></span> <span class='ocrx_word' id='word_1_9' title='bbox 304 399 432 472; x_wconf 75' lang='lat' dir='ltr'><strong>quaesitis</strong></span> <span class='ocrx_word' id='word_1_10' title='bbox 446 405 474 455; x_wconf 84' lang='lat' dir='ltr'><strong>et</strong></span> <span class='ocrx_word' id='word_1_11' title='bbox 490 399 679 473; x_wconf 82' lang='lat' dir='ltr'>inquirendis,</span> <span class='ocrx_word' id='word_1_12' title='bbox 694 401 863 473; x_wconf 74' lang='lat' dir='ltr'><strong>ceterisque</strong></span> <span class='ocrx_word' id='word_1_13' title='bbox 887 400 982 455; x_wconf 91' lang='lat' dir='ltr'><strong>omni·</strong></span> <span class='ocrx_word' id='word_1_14' title='bbox 998 405 1023 457; x_wconf 75' lang='grc' dir='ltr'>Α</span> <span class='ocrx_word' id='word_1_15' title='bbox 1041 399 1159 470; x_wconf 85' lang='lat' dir='ltr'><strong>cientes,</strong></span> <span class='ocrx_word' id='word_1_16' title='bbox 1175 403 1204 453; x_wconf 90' lang='lat' dir='ltr'><strong>et</strong></span> <span class='ocrx_word' id='word_1_17' title='bbox 1218 399 1277 453; x_wconf 92' lang='lat' dir='ltr'><strong>ullo</strong></span> <span class='ocrx_word' id='word_1_18' title='bbox 1295 396 1353 471; x_wconf 86' lang='lat' dir='ltr'><strong>[sic]</strong></span> <span class='ocrx_word' id='word_1_19' title='bbox 1371 397 1455 453; x_wconf 88' lang='lat' dir='ltr'><strong>modo</strong></span> <span class='ocrx_word' id='word_1_20' title='bbox 1463 413 1568 470; x_wconf 89' lang='lat' dir='ltr'><strong>negare</strong></span> <span class='ocrx_word' id='word_1_21' title='bbox 1578 398 1708 454; x_wconf 88' lang='lat' dir='ltr'><strong>volentes</strong></span> <span class='ocrx_word' id='word_1_22' title='bbox 1722 399 1892 470; x_wconf 89' lang='lat' dir='ltr'><strong>ipsiuspre·</strong></span> 
     </span>
     <span class='ocr_line' id='line_1_3' title="bbox 139 466 1893 562; baseline -0.004 -13"><span class='ocrx_word' id='word_1_23' title='bbox 139 494 205 559; x_wconf 89' lang='lat' dir='ltr'><strong>bus,</strong></span> <span class='ocrx_word' id='word_1_24' title='bbox 221 506 285 562; x_wconf 87' lang='lat' dir='ltr'><strong>quae</strong></span> <span class='ocrx_word' id='word_1_25' title='bbox 299 490 429 560; x_wconf 86' lang='lat' dir='ltr'><strong>quolibet</strong></span> <span class='ocrx_word' id='word_1_26' title='bbox 437 489 521 545; x_wconf 93' lang='lat' dir='ltr'><strong>modo</strong></span> <span class='ocrx_word' id='word_1_27' title='bbox 538 489 680 544; x_wconf 86' lang='lat' dir='ltr'><strong>nominari</strong></span> <span class='ocrx_word' id='word_1_28' title='bbox 704 494 835 561; x_wconf 76' lang='lat' dir='ltr'><strong>possunt,</strong></span> <span class='ocrx_word' id='word_1_29' title='bbox 852 488 986 544; x_wconf 85' lang='lat' dir='ltr'><strong>utilitati·</strong></span> <span class='ocrx_word' id='word_1_30' title='bbox 1041 466 1466 558; x_wconf 82' lang='lat' dir='ltr'><strong>cibuslibenteracquievimus.</strong></span> <span class='ocrx_word' id='word_1_31' title='bbox 1478 486 1672 541; x_wconf 71' lang='lat' dir='ltr'>concedentes</span> <span class='ocrx_word' id='word_1_32' title='bbox 1683 493 1772 558; x_wconf 89' lang='lat' dir='ltr'><strong>atque</strong></span> <span class='ocrx_word' id='word_1_33' title='bbox 1786 489 1893 542; x_wconf 89' lang='lat' dir='ltr'><strong>contir-</strong></span> 
     </span>
     <span class='ocr_line' id='line_1_4' title="bbox 139 575 1894 651; baseline -0.004 -15"><span class='ocrx_word' id='word_1_34' title='bbox 139 578 396 651; x_wconf 80' lang='lat' dir='ltr'><strong>busSwarzinvelt</strong></span> <span class='ocrx_word' id='word_1_35' title='bbox 432 577 641 648; x_wconf 89' lang='lat' dir='ltr'><strong>pertinentibus</strong></span> <span class='ocrx_word' id='word_1_36' title='bbox 664 593 716 648; x_wconf 91' lang='lat' dir='ltr'><strong>per</strong></span> <span class='ocrx_word' id='word_1_37' title='bbox 742 577 815 631; x_wconf 88' lang='lat' dir='ltr'><strong>hane</strong></span> <span class='ocrx_word' id='word_1_38' title='bbox 859 583 987 631; x_wconf 88' lang='lat' dir='ltr'><strong>nostram</strong></span> <span class='ocrx_word' id='word_1_39' title='bbox 1041 582 1154 631; x_wconf 92' lang='lat' dir='ltr'><strong>mantes</strong></span> <span class='ocrx_word' id='word_1_40' title='bbox 1167 577 1260 630; x_wconf 89' lang='lat' dir='ltr'><strong>eidein</strong></span> <span class='ocrx_word' id='word_1_41' title='bbox 1275 576 1403 630; x_wconf 81' lang='lat' dir='ltr'><strong>Cumano</strong></span> <span class='ocrx_word' id='word_1_42' title='bbox 1416 575 1572 629; x_wconf 85' lang='lat' dir='ltr'><strong>venerabili</strong></span> <span class='ocrx_word' id='word_1_43' title='bbox 1583 580 1612 628; x_wconf 91' lang='lat' dir='ltr'><strong>et</strong></span> <span class='ocrx_word' id='word_1_44' title='bbox 1625 575 1730 629; x_wconf 89' lang='lat' dir='ltr'><strong>dilecto</strong></span> <span class='ocrx_word' id='word_1_45' title='bbox 1745 575 1894 646; x_wconf 85' lang='lat' dir='ltr'><strong>episcopo,</strong></span> 
     </span>
     <span class='ocr_line' id='line_1_5' title="bbox 139 652 1893 738; baseline -0.004 -14"><span class='ocrx_word' id='word_1_46' title='bbox 139 666 322 738; x_wconf 78' lang='lat' dir='ltr'>imperialem</span> <span class='ocrx_word' id='word_1_47' title='bbox 342 665 478 736; x_wconf 92' lang='lat' dir='ltr'><strong>paginam</strong></span> <span class='ocrx_word' id='word_1_48' title='bbox 506 667 689 720; x_wconf 84' lang='lat' dir='ltr'><strong>concedimus</strong></span> <span class='ocrx_word' id='word_1_49' title='bbox 727 672 814 737; x_wconf 91' lang='lat' dir='ltr'><strong>atque</strong></span> <span class='ocrx_word' id='word_1_50' title='bbox 838 665 987 737; x_wconf 87' lang='lat' dir='ltr'><strong>largimur,</strong></span> <span class='ocrx_word' id='word_1_51' title='bbox 1042 652 1233 736; x_wconf 86' lang='lat' dir='ltr'><strong>omnibusque</strong></span> <span class='ocrx_word' id='word_1_52' title='bbox 1253 663 1312 719; x_wconf 89' lang='lat' dir='ltr'><strong>suis</strong></span> <span class='ocrx_word' id='word_1_53' title='bbox 1333 663 1544 717; x_wconf 89' lang='lat' dir='ltr'><strong>successoribus</strong></span> <span class='ocrx_word' id='word_1_54' title='bbox 1568 663 1765 734; x_wconf 84' lang='lat' dir='ltr'><strong>supradictam</strong></span> <span class='ocrx_word' id='word_1_55' title='bbox 1781 670 1893 717; x_wconf 83' lang='lat' dir='ltr'><strong>ciirtem</strong></span> 
     </span>
     <span class='ocr_line' id='line_1_6' title="bbox 141 751 1894 825; baseline -0.003 -14"><span class='ocrx_word' id='word_1_56' title='bbox 141 760 170 812; x_wconf 88' lang='lat' dir='ltr'><strong>et</strong></span> <span class='ocrx_word' id='word_1_57' title='bbox 188 756 223 810; x_wconf 90' lang='lat' dir='ltr'><strong>de</strong></span> <span class='ocrx_word' id='word_1_58' title='bbox 238 759 334 808; x_wconf 88' lang='lat' dir='ltr'><strong>nostro</strong></span> <span class='ocrx_word' id='word_1_59' title='bbox 341 754 406 823; x_wconf 88' lang='lat' dir='ltr'><strong>jure</strong></span> <span class='ocrx_word' id='word_1_60' title='bbox 421 769 454 807; x_wconf 88' lang='lat' dir='ltr'><strong>ac</strong></span> <span class='ocrx_word' id='word_1_61' title='bbox 467 754 595 807; x_wconf 90' lang='lat' dir='ltr'><strong>dominio</strong></span> <span class='ocrx_word' id='word_1_62' title='bbox 614 754 644 807; x_wconf 92' lang='lat' dir='ltr'><strong>in</strong></span> <span class='ocrx_word' id='word_1_63' title='bbox 659 754 774 824; x_wconf 77' lang='lat' dir='ltr'><strong>eJusjus</strong></span> <span class='ocrx_word' id='word_1_64' title='bbox 794 759 879 825; x_wconf 88' lang='lat' dir='ltr'><strong>atque</strong></span> <span class='ocrx_word' id='word_1_65' title='bbox 894 754 987 808; x_wconf 89' lang='lat' dir='ltr'><strong>domi·</strong></span> <span class='ocrx_word' id='word_1_66' title='bbox 1043 754 1236 807; x_wconf 89' lang='lat' dir='ltr'><strong>Berzanorum</strong></span> <span class='ocrx_word' id='word_1_67' title='bbox 1251 753 1441 815; x_wconf 75' lang='lat' dir='ltr'><strong>nominatam,</strong></span> <span class='ocrx_word' id='word_1_68' title='bbox 1459 767 1523 805; x_wconf 91' lang='lat' dir='ltr'><strong>cum</strong></span> <span class='ocrx_word' id='word_1_69' title='bbox 1539 752 1674 806; x_wconf 86' lang='lat' dir='ltr'><strong>omuibus</strong></span> <span class='ocrx_word' id='word_1_70' title='bbox 1693 751 1762 804; x_wconf 82' lang='lat' dir='ltr'><strong>suis</strong></span> <span class='ocrx_word' id='word_1_71' title='bbox 1783 767 1894 822; x_wconf 86' lang='lat' dir='ltr'><strong>appen-</strong></span> 
     </span>
     <span class='ocr_line' id='line_1_7' title="bbox 139 840 1894 916; baseline -0.005 -15"><span class='ocrx_word' id='word_1_72' title='bbox 139 845 223 901; x_wconf 90' lang='lat' dir='ltr'><strong>nium</strong></span> <span class='ocrx_word' id='word_1_73' title='bbox 245 842 493 916; x_wconf 68' lang='lat' dir='ltr'><strong>transfundimus:</strong></span> <span class='ocrx_word' id='word_1_74' title='bbox 515 859 549 896; x_wconf 92' lang='lat' dir='ltr'><strong>ea</strong></span> <span class='ocrx_word' id='word_1_75' title='bbox 581 843 711 897; x_wconf 88' lang='lat' dir='ltr'><strong>videlicet</strong></span> <span class='ocrx_word' id='word_1_76' title='bbox 731 843 847 897; x_wconf 88' lang='lat' dir='ltr'><strong>racione</strong></span> <span class='ocrx_word' id='word_1_77' title='bbox 864 848 895 897; x_wconf 89' lang='lat' dir='ltr'><strong>ut</strong></span> <span class='ocrx_word' id='word_1_78' title='bbox 909 843 987 896; x_wconf 89' lang='lat' dir='ltr'><strong>idem</strong></span> <span class='ocrx_word' id='word_1_79' title='bbox 1043 841 1134 907; x_wconf 85' lang='lat' dir='ltr'><strong>dialis,</strong></span> <span class='ocrx_word' id='word_1_80' title='bbox 1147 857 1212 895; x_wconf 89' lang='lat' dir='ltr'><strong>cum</strong></span> <span class='ocrx_word' id='word_1_81' title='bbox 1229 840 1363 894; x_wconf 90' lang='lat' dir='ltr'><strong>omnibus</strong></span> <span class='ocrx_word' id='word_1_82' title='bbox 1377 840 1537 894; x_wconf 83' lang='lat' dir='ltr'><strong>redditibus</strong></span> <span class='ocrx_word' id='word_1_83' title='bbox 1561 848 1590 895; x_wconf 89' lang='lat' dir='ltr'><strong>et</strong></span> <span class='ocrx_word' id='word_1_84' title='bbox 1611 840 1852 906; x_wconf 75' lang='lat' dir='ltr'><strong>exhibitionibus,</strong></span> <span class='ocrx_word' id='word_1_85' title='bbox 1867 845 1894 895; x_wconf 85' lang='lat' dir='ltr'><strong>et</strong></span> 
     </span>
     <span class='ocr_line' id='line_1_8' title="bbox 136 927 1893 1003; baseline -0.002 -18"><span class='ocrx_word' id='word_1_86' title='bbox 136 930 301 1002; x_wconf 88' lang='lat' dir='ltr'><strong>jamdictus</strong></span> <span class='ocrx_word' id='word_1_87' title='bbox 316 931 496 985; x_wconf 84' lang='lat' dir='ltr'><strong>Eberhardus</strong></span> <span class='ocrx_word' id='word_1_88' title='bbox 513 931 664 1003; x_wconf 89' lang='lat' dir='ltr'><strong>episcopus</strong></span> <span class='ocrx_word' id='word_1_89' title='bbox 686 931 788 1002; x_wconf 90' lang='lat' dir='ltr'><strong>suique</strong></span> <span class='ocrx_word' id='word_1_90' title='bbox 810 947 987 985; x_wconf 78' lang='lat' dir='ltr'><strong>successures</strong></span> <span class='ocrx_word' id='word_1_91' title='bbox 1042 929 1282 1000; x_wconf 85' lang='lat' dir='ltr'><strong>impensionibus,</strong></span> <span class='ocrx_word' id='word_1_92' title='bbox 1302 932 1331 982; x_wconf 89' lang='lat' dir='ltr'><strong>et</strong></span> <span class='ocrx_word' id='word_1_93' title='bbox 1358 927 1564 994; x_wconf 89' lang='lat' dir='ltr'><strong>functionibus,</strong></span> <span class='ocrx_word' id='word_1_94' title='bbox 1595 944 1661 983; x_wconf 89' lang='lat' dir='ltr'><strong>cum</strong></span> <span class='ocrx_word' id='word_1_95' title='bbox 1690 929 1779 982; x_wconf 88' lang='lat' dir='ltr'><strong>servis</strong></span> <span class='ocrx_word' id='word_1_96' title='bbox 1799 934 1829 983; x_wconf 88' lang='lat' dir='ltr'><strong>et</strong></span> <span class='ocrx_word' id='word_1_97' title='bbox 1843 945 1893 982; x_wconf 88' lang='lat' dir='ltr'><strong>an·</strong></span> 
     </span>
     <span class='ocr_line' id='line_1_9' title="bbox 138 1016 1893 1089; baseline -0.002 -16"><span class='ocrx_word' id='word_1_98' title='bbox 138 1019 261 1073; x_wconf 88' lang='lat' dir='ltr'><strong>liberam</strong></span> <span class='ocrx_word' id='word_1_99' title='bbox 288 1018 391 1073; x_wconf 89' lang='lat' dir='ltr'><strong>debinc</strong></span> <span class='ocrx_word' id='word_1_100' title='bbox 420 1019 545 1073; x_wconf 86' lang='lat' dir='ltr'><strong>habeant</strong></span> <span class='ocrx_word' id='word_1_101' title='bbox 564 1025 746 1089; x_wconf 90' lang='lat' dir='ltr'><strong>potestatem,</strong></span> <span class='ocrx_word' id='word_1_102' title='bbox 773 1019 808 1074; x_wconf 92' lang='lat' dir='ltr'><strong>ad</strong></span> <span class='ocrx_word' id='word_1_103' title='bbox 830 1035 915 1074; x_wconf 91' lang='lat' dir='ltr'><strong>usum</strong></span> <span class='ocrx_word' id='word_1_104' title='bbox 944 1034 988 1073; x_wconf 89' lang='lat' dir='ltr'><strong>ec·</strong></span> <span class='ocrx_word' id='word_1_105' title='bbox 1042 1017 1124 1082; x_wconf 87' lang='lat' dir='ltr'><strong>cittis,</strong></span> <span class='ocrx_word' id='word_1_106' title='bbox 1141 1017 1223 1071; x_wconf 88' lang='lat' dir='ltr'><strong>aldiis</strong></span> <span class='ocrx_word' id='word_1_107' title='bbox 1236 1023 1265 1071; x_wconf 92' lang='lat' dir='ltr'><strong>et</strong></span> <span class='ocrx_word' id='word_1_108' title='bbox 1278 1016 1409 1071; x_wconf 89' lang='lat' dir='ltr'><strong>aldiabus</strong></span> <span class='ocrx_word' id='word_1_109' title='bbox 1423 1024 1483 1071; x_wconf 90' lang='lat' dir='ltr'><strong>tam</strong></span> <span class='ocrx_word' id='word_1_110' title='bbox 1501 1018 1532 1072; x_wconf 90' lang='lat' dir='ltr'><strong>in</strong></span> <span class='ocrx_word' id='word_1_111' title='bbox 1548 1017 1694 1073; x_wconf 91' lang='lat' dir='ltr'><strong>montibus</strong></span> <span class='ocrx_word' id='word_1_112' title='bbox 1724 1033 1893 1088; x_wconf 75' lang='lat' dir='ltr'><strong>quamque</strong></span> 
     </span>
     <span class='ocr_line' id='line_1_10' title="bbox 141 1105 1892 1177; baseline -0.002 -17"><span class='ocrx_word' id='word_1_113' title='bbox 141 1107 234 1160; x_wconf 76' lang='lat' dir='ltr'><strong>etesiae</strong></span> <span class='ocrx_word' id='word_1_114' title='bbox 271 1107 439 1174; x_wconf 76' lang='lat' dir='ltr'><strong>babinpere,</strong></span> <span class='ocrx_word' id='word_1_115' title='bbox 461 1107 598 1177; x_wconf 85' lang='lat' dir='ltr'><strong>quicquid</strong></span> <span class='ocrx_word' id='word_1_116' title='bbox 640 1107 682 1160; x_wconf 90' lang='lat' dir='ltr'><strong>eis</strong></span> <span class='ocrx_word' id='word_1_117' title='bbox 711 1106 829 1161; x_wconf 87' lang='lat' dir='ltr'><strong>libuerit</strong></span> <span class='ocrx_word' id='word_1_118' title='bbox 853 1105 986 1173; x_wconf 89' lang='lat' dir='ltr'><strong>faciendi,</strong></span> <span class='ocrx_word' id='word_1_119' title='bbox 1041 1105 1072 1159; x_wconf 93' lang='lat' dir='ltr'><strong>in</strong></span> <span class='ocrx_word' id='word_1_120' title='bbox 1092 1105 1218 1174; x_wconf 87' lang='lat' dir='ltr'><strong>planitie,</strong></span> <span class='ocrx_word' id='word_1_121' title='bbox 1233 1105 1317 1158; x_wconf 88' lang='lat' dir='ltr'><strong>terris</strong></span> <span class='ocrx_word' id='word_1_122' title='bbox 1345 1105 1430 1159; x_wconf 91' lang='lat' dir='ltr'><strong>cultis</strong></span> <span class='ocrx_word' id='word_1_123' title='bbox 1443 1111 1472 1159; x_wconf 88' lang='lat' dir='ltr'><strong>et</strong></span> <span class='ocrx_word' id='word_1_124' title='bbox 1498 1105 1624 1173; x_wconf 83' lang='lat' dir='ltr'><strong>incultis,</strong></span> <span class='ocrx_word' id='word_1_125' title='bbox 1653 1105 1755 1173; x_wconf 86' lang='lat' dir='ltr'><strong>vineis,</strong></span> <span class='ocrx_word' id='word_1_126' title='bbox 1772 1105 1892 1176; x_wconf 88' lang='lat' dir='ltr'><strong>campis,</strong></span> 
     </span>
     <span class='ocr_line' id='line_1_11' title="bbox 142 1192 1893 1265; baseline -0.001 -17"><span class='ocrx_word' id='word_1_127' title='bbox 142 1193 273 1248; x_wconf 92' lang='lat' dir='ltr'><strong>omnium</strong></span> <span class='ocrx_word' id='word_1_128' title='bbox 297 1194 448 1249; x_wconf 91' lang='lat' dir='ltr'><strong>bominum</strong></span> <span class='ocrx_word' id='word_1_129' title='bbox 470 1195 552 1265; x_wconf 90' lang='lat' dir='ltr'><strong>regni</strong></span> <span class='ocrx_word' id='word_1_130' title='bbox 576 1195 666 1249; x_wconf 87' lang='lat' dir='ltr'><strong>nostri</strong></span> <span class='ocrx_word' id='word_1_131' title='bbox 692 1195 916 1249; x_wconf 80' lang='lat' dir='ltr'><strong>contradictione</strong></span> <span class='ocrx_word' id='word_1_132' title='bbox 942 1210 988 1248; x_wconf 91' lang='lat' dir='ltr'><strong>re·</strong></span> <span class='ocrx_word' id='word_1_133' title='bbox 1042 1192 1165 1264; x_wconf 86' lang='lat' dir='ltr'><strong>pascuis,</strong></span> <span class='ocrx_word' id='word_1_134' title='bbox 1180 1193 1269 1258; x_wconf 90' lang='lat' dir='ltr'><strong>silvis,</strong></span> <span class='ocrx_word' id='word_1_135' title='bbox 1285 1193 1404 1255; x_wconf 82' lang='lat' dir='ltr'><strong>mansis,</strong></span> <span class='ocrx_word' id='word_1_136' title='bbox 1431 1193 1610 1259; x_wconf 80' lang='lat' dir='ltr'><strong>massaritiis,</strong></span> <span class='ocrx_word' id='word_1_137' title='bbox 1639 1193 1732 1265; x_wconf 82' lang='lat' dir='ltr'><strong>aqiiis,</strong></span> <span class='ocrx_word' id='word_1_138' title='bbox 1750 1209 1893 1265; x_wconf 86' lang='lat' dir='ltr'><strong>aquarum</strong></span> 
     </span>
     <span class='ocr_line' id='line_1_12' title="bbox 141 1282 1889 1353; baseline 0.001 -17"><span class='ocrx_word' id='word_1_139' title='bbox 141 1290 227 1336; x_wconf 91' lang='lat' dir='ltr'><strong>muta.</strong></span> <span class='ocrx_word' id='word_1_140' title='bbox 244 1283 286 1349; x_wconf 80' lang='lat' dir='ltr'><strong>lit,</strong></span> <span class='ocrx_word' id='word_1_141' title='bbox 303 1289 333 1336; x_wconf 93' lang='lat' dir='ltr'><strong>ut</strong></span> <span class='ocrx_word' id='word_1_142' title='bbox 360 1282 420 1337; x_wconf 77' lang='lat' dir='ltr'><strong>brec</strong></span> <span class='ocrx_word' id='word_1_143' title='bbox 445 1287 549 1338; x_wconf 82' lang='lat' dir='ltr'><strong>nostrae</strong></span> <span class='ocrx_word' id='word_1_144' title='bbox 575 1283 737 1338; x_wconf 86' lang='lat' dir='ltr'><strong>traditionis</strong></span> <span class='ocrx_word' id='word_1_145' title='bbox 751 1284 904 1337; x_wconf 90' lang='lat' dir='ltr'><strong>auctoritas</strong></span> <span class='ocrx_word' id='word_1_146' title='bbox 936 1300 989 1353; x_wconf 86' lang='lat' dir='ltr'><strong>per</strong></span> <span class='ocrx_word' id='word_1_147' title='bbox 1041 1282 1217 1347; x_wconf 88' lang='lat' dir='ltr'><strong>decursibus,</strong></span> <span class='ocrx_word' id='word_1_148' title='bbox 1235 1282 1418 1350; x_wconf 85' lang='lat' dir='ltr'><strong>molendinis,</strong></span> <span class='ocrx_word' id='word_1_149' title='bbox 1434 1282 1516 1353; x_wconf 85' lang='lat' dir='ltr'><strong>casis,</strong></span> <span class='ocrx_word' id='word_1_150' title='bbox 1532 1284 1618 1338; x_wconf 86' lang='lat' dir='ltr'><strong>rebus</strong></span> <span class='ocrx_word' id='word_1_151' title='bbox 1648 1283 1788 1338; x_wconf 92' lang='lat' dir='ltr'><strong>omuibus</strong></span> <span class='ocrx_word' id='word_1_152' title='bbox 1800 1283 1889 1337; x_wconf 91' lang='lat' dir='ltr'><strong>mobi-</strong></span> 
     </span>
     <span class='ocr_line' id='line_1_13' title="bbox 139 1368 1894 1442; baseline -0.001 -17"><span class='ocrx_word' id='word_1_153' title='bbox 139 1370 630 1440; x_wconf 87' lang='lat' dir='ltr'><strong>futurassuccessionestemporum</strong></span> <span class='ocrx_word' id='word_1_154' title='bbox 653 1371 763 1424; x_wconf 84' lang='lat' dir='ltr'><strong>stabilis</strong></span> <span class='ocrx_word' id='word_1_155' title='bbox 783 1369 989 1424; x_wconf 88' lang='lat' dir='ltr'><strong>etincunvulsa</strong></span> <span class='ocrx_word' id='word_1_156' title='bbox 1043 1369 1118 1423; x_wconf 90' lang='lat' dir='ltr'><strong>libus</strong></span> <span class='ocrx_word' id='word_1_157' title='bbox 1129 1376 1158 1423; x_wconf 90' lang='lat' dir='ltr'><strong>et</strong></span> <span class='ocrx_word' id='word_1_158' title='bbox 1172 1368 1380 1438; x_wconf 87' lang='lat' dir='ltr'><strong>immobilibus,</strong></span> <span class='ocrx_word' id='word_1_159' title='bbox 1400 1376 1430 1424; x_wconf 91' lang='lat' dir='ltr'><strong>et</strong></span> <span class='ocrx_word' id='word_1_160' title='bbox 1446 1386 1512 1425; x_wconf 91' lang='lat' dir='ltr'><strong>cum</strong></span> <span class='ocrx_word' id='word_1_161' title='bbox 1533 1371 1678 1437; x_wconf 89' lang='lat' dir='ltr'><strong>omnibns,</strong></span> <span class='ocrx_word' id='word_1_162' title='bbox 1707 1386 1772 1442; x_wconf 73' lang='lat' dir='ltr'><strong>qum</strong></span> <span class='ocrx_word' id='word_1_163' title='bbox 1802 1372 1894 1425; x_wconf 65' lang='lat' dir='ltr'><strong>mbae</strong></span> 
     </span>
     <span class='ocr_line' id='line_1_14' title="bbox 139 1456 1892 1530; baseline -0.001 -16"><span class='ocrx_word' id='word_1_164' title='bbox 139 1464 319 1530; x_wconf 88' lang='lat' dir='ltr'><strong>permaneat,</strong></span> <span class='ocrx_word' id='word_1_165' title='bbox 358 1458 432 1511; x_wconf 90' lang='lat' dir='ltr'><strong>banc</strong></span> <span class='ocrx_word' id='word_1_166' title='bbox 455 1457 546 1510; x_wconf 89' lang='lat' dir='ltr'><strong>nostri</strong></span> <span class='ocrx_word' id='word_1_167' title='bbox 572 1456 707 1527; x_wconf 85' lang='lat' dir='ltr'><strong>praecepti</strong></span> <span class='ocrx_word' id='word_1_168' title='bbox 734 1457 871 1528; x_wconf 90' lang='lat' dir='ltr'><strong>paginam</strong></span> <span class='ocrx_word' id='word_1_169' title='bbox 901 1474 988 1513; x_wconf 89' lang='lat' dir='ltr'><strong>mann</strong></span> <span class='ocrx_word' id='word_1_170' title='bbox 1043 1457 1099 1511; x_wconf 91' lang='lat' dir='ltr'><strong>dici</strong></span> <span class='ocrx_word' id='word_1_171' title='bbox 1112 1457 1254 1511; x_wconf 89' lang='lat' dir='ltr'><strong>nominari</strong></span> <span class='ocrx_word' id='word_1_172' title='bbox 1279 1462 1410 1528; x_wconf 85' lang='lat' dir='ltr'><strong>possunt,</strong></span> <span class='ocrx_word' id='word_1_173' title='bbox 1437 1458 1473 1512; x_wconf 89' lang='lat' dir='ltr'><strong>ad</strong></span> <span class='ocrx_word' id='word_1_174' title='bbox 1504 1459 1636 1513; x_wconf 88' lang='lat' dir='ltr'><strong>eamdem</strong></span> <span class='ocrx_word' id='word_1_175' title='bbox 1660 1466 1773 1513; x_wconf 88' lang='lat' dir='ltr'><strong>curtem</strong></span> <span class='ocrx_word' id='word_1_176' title='bbox 1803 1460 1892 1529; x_wconf 89' lang='lat' dir='ltr'><strong>perti-</strong></span> 
     </span>
     <span class='ocr_line' id='line_1_15' title="bbox 140 1545 1894 1619; baseline -0.001 -18"><span class='ocrx_word' id='word_1_177' title='bbox 140 1547 256 1619; x_wconf 87' lang='lat' dir='ltr'><strong>propria</strong></span> <span class='ocrx_word' id='word_1_178' title='bbox 285 1546 512 1611; x_wconf 86' lang='lat' dir='ltr'><strong>corroborantes,</strong></span> <span class='ocrx_word' id='word_1_179' title='bbox 553 1545 640 1615; x_wconf 80' lang='lat' dir='ltr'><strong>sigilli</strong></span> <span class='ocrx_word' id='word_1_180' title='bbox 680 1545 771 1599; x_wconf 88' lang='lat' dir='ltr'><strong>nostri</strong></span> <span class='ocrx_word' id='word_1_181' title='bbox 797 1545 988 1617; x_wconf 87' lang='lat' dir='ltr'><strong>impressione</strong></span> <span class='ocrx_word' id='word_1_182' title='bbox 1042 1546 1188 1611; x_wconf 87' lang='lat' dir='ltr'><strong>uentibus,</strong></span> <span class='ocrx_word' id='word_1_183' title='bbox 1200 1551 1284 1616; x_wconf 89' lang='lat' dir='ltr'><strong>atque</strong></span> <span class='ocrx_word' id='word_1_184' title='bbox 1299 1545 1419 1600; x_wconf 91' lang='lat' dir='ltr'><strong>omnino</strong></span> <span class='ocrx_word' id='word_1_185' title='bbox 1440 1545 1471 1600; x_wconf 90' lang='lat' dir='ltr'><strong>in</strong></span> <span class='ocrx_word' id='word_1_186' title='bbox 1494 1546 1641 1617; x_wconf 83' lang='lat' dir='ltr'><strong>integrum</strong></span> <span class='ocrx_word' id='word_1_187' title='bbox 1665 1548 1820 1617; x_wconf 87' lang='lat' dir='ltr'><strong>largimur,</strong></span> <span class='ocrx_word' id='word_1_188' title='bbox 1837 1554 1894 1602; x_wconf 82' lang='lat' dir='ltr'><strong>eta</strong></span> 
     </span>
     <span class='ocr_line' id='line_1_16' title="bbox 137 1631 1895 1706; baseline 0 -17"><span class='ocrx_word' id='word_1_189' title='bbox 137 1636 275 1706; x_wconf 86' lang='lat' dir='ltr'><strong>jussimus</strong></span> <span class='ocrx_word' id='word_1_190' title='bbox 289 1633 432 1705; x_wconf 89' lang='lat' dir='ltr'><strong>insigniri.</strong></span> <span class='ocrx_word' id='word_1_191' title='bbox 1043 1632 1225 1702; x_wconf 88' lang='lat' dir='ltr'><strong>nostrojure,</strong></span> <span class='ocrx_word' id='word_1_192' title='bbox 1240 1641 1269 1687; x_wconf 89' lang='lat' dir='ltr'><strong>et</strong></span> <span class='ocrx_word' id='word_1_193' title='bbox 1279 1631 1417 1699; x_wconf 86' lang='lat' dir='ltr'><strong>dominio,</strong></span> <span class='ocrx_word' id='word_1_194' title='bbox 1434 1633 1519 1703; x_wconf 74' lang='lat' dir='ltr'><strong>iuius</strong></span> <span class='ocrx_word' id='word_1_195' title='bbox 1532 1641 1560 1687; x_wconf 87' lang='lat' dir='ltr'><strong>at</strong></span> <span class='ocrx_word' id='word_1_196' title='bbox 1587 1634 1762 1700; x_wconf 88' lang='lat' dir='ltr'><strong>dominium,</strong></span> <span class='ocrx_word' id='word_1_197' title='bbox 1783 1642 1815 1688; x_wconf 92' lang='lat' dir='ltr'><strong>et</strong></span> <span class='ocrx_word' id='word_1_198' title='bbox 1829 1651 1895 1706; x_wconf 87' lang='lat' dir='ltr'><strong>pro·</strong></span> 
     </span>
     <span class='ocr_line' id='line_1_17' title="bbox 176 1721 1896 1792; baseline 0 -14"><span class='ocrx_word' id='word_1_199' title='bbox 176 1723 395 1792; x_wconf 82' lang='lat' dir='ltr'><strong>Sipuumdomui</strong></span> <span class='ocrx_word' id='word_1_200' title='bbox 415 1724 538 1775; x_wconf 84' lang='lat' dir='ltr'><strong>Heinrici</strong></span> <span class='ocrx_word' id='word_1_201' title='bbox 564 1723 731 1775; x_wconf 68' lang='lat' dir='ltr'><strong>inanissimi</strong></span> <span class='ocrx_word' id='word_1_202' title='bbox 755 1726 837 1792; x_wconf 80' lang='lat' dir='ltr'><strong>atque</strong></span> <span class='ocrx_word' id='word_1_203' title='bbox 861 1724 987 1778; x_wconf 78' lang='lat' dir='ltr'><strong>inuictis·</strong></span> <span class='ocrx_word' id='word_1_204' title='bbox 1043 1722 1197 1792; x_wconf 85' lang='lat' dir='ltr'><strong>prietatem</strong></span> <span class='ocrx_word' id='word_1_205' title='bbox 1213 1721 1357 1791; x_wconf 73' lang='lat' dir='ltr'><strong>praedictae</strong></span> <span class='ocrx_word' id='word_1_206' title='bbox 1380 1728 1483 1776; x_wconf 84' lang='lat' dir='ltr'><strong>sanctae</strong></span> <span class='ocrx_word' id='word_1_207' title='bbox 1512 1723 1638 1776; x_wconf 82' lang='lat' dir='ltr'><strong>eeclesiae</strong></span> <span class='ocrx_word' id='word_1_208' title='bbox 1664 1723 1896 1778; x_wconf 84' lang='lat' dir='ltr'><strong>transfundimus</strong></span> 
     </span>
     <span class='ocr_line' id='line_1_18' title="bbox 140 1809 1896 1882; baseline -0.001 -15"><span class='ocrx_word' id='word_1_209' title='bbox 140 1814 204 1867; x_wconf 84' lang='lat' dir='ltr'><strong>simi</strong></span> <span class='ocrx_word' id='word_1_210' title='bbox 219 1813 587 1879; x_wconf 81' lang='lat' dir='ltr'><strong>Romanorumimperutoris</strong></span> <span class='ocrx_word' id='word_1_211' title='bbox 605 1813 735 1876; x_wconf 73' lang='lat' dir='ltr'><strong>Aunesis.</strong></span> <span class='ocrx_word' id='word_1_212' title='bbox 754 1813 988 1881; x_wconf 84' lang='lat' dir='ltr'><strong>(lfouoprummu)</strong></span> <span class='ocrx_word' id='word_1_213' title='bbox 1044 1817 1073 1864; x_wconf 90' lang='lat' dir='ltr'><strong>et</strong></span> <span class='ocrx_word' id='word_1_214' title='bbox 1101 1809 1288 1879; x_wconf 84' lang='lat' dir='ltr'><strong>delegamus:</strong></span> <span class='ocrx_word' id='word_1_215' title='bbox 1319 1809 1425 1880; x_wconf 90' lang='lat' dir='ltr'><strong>utqui</strong></span> <span class='ocrx_word' id='word_1_216' title='bbox 1458 1826 1535 1864; x_wconf 88' lang='lat' dir='ltr'><strong>nunc</strong></span> <span class='ocrx_word' id='word_1_217' title='bbox 1569 1826 1694 1880; x_wconf 82' lang='lat' dir='ltr'><strong>praesens</strong></span> <span class='ocrx_word' id='word_1_218' title='bbox 1731 1814 1896 1882; x_wconf 85' lang='lat' dir='ltr'><strong>episeopus,</strong></span> 
     </span>
     <span class='ocr_line' id='line_1_19' title="bbox 176 1891 1897 1970; baseline 0 -15"><span class='ocrx_word' id='word_1_219' title='bbox 176 1891 350 1956; x_wconf 86' lang='lat' dir='ltr'><strong>Guntherius</strong></span> <span class='ocrx_word' id='word_1_220' title='bbox 365 1898 481 1952; x_wconf 85' lang='lat' dir='ltr'><strong>cancell.</strong></span> <span class='ocrx_word' id='word_1_221' title='bbox 510 1899 544 1952; x_wconf 93' lang='lat' dir='ltr'><strong>ad</strong></span> <span class='ocrx_word' id='word_1_222' title='bbox 564 1899 655 1952; x_wconf 87' lang='lat' dir='ltr'><strong>viceru</strong></span> <span class='ocrx_word' id='word_1_223' title='bbox 677 1899 868 1954; x_wconf 84' lang='lat' dir='ltr'><strong>Ercbaubaldi</strong></span> <span class='ocrx_word' id='word_1_224' title='bbox 896 1900 989 1954; x_wconf 88' lang='lat' dir='ltr'><strong>arcbi·</strong></span> <span class='ocrx_word' id='word_1_225' title='bbox 1045 1914 1203 1969; x_wconf 87' lang='lat' dir='ltr'><strong>omnesque</strong></span> <span class='ocrx_word' id='word_1_226' title='bbox 1217 1899 1262 1951; x_wconf 90' lang='lat' dir='ltr'><strong>sni</strong></span> <span class='ocrx_word' id='word_1_227' title='bbox 1287 1914 1462 1952; x_wconf 88' lang='lat' dir='ltr'><strong>successures</strong></span> <span class='ocrx_word' id='word_1_228' title='bbox 1488 1903 1659 1968; x_wconf 86' lang='lat' dir='ltr'><strong>potestatem</strong></span> <span class='ocrx_word' id='word_1_229' title='bbox 1679 1900 1817 1961; x_wconf 77' lang='lat' dir='ltr'><strong>babeant</strong></span> <span class='ocrx_word' id='word_1_230' title='bbox 1836 1902 1897 1970; x_wconf 85' lang='lat' dir='ltr'><strong>jam</strong></span> 
     </span>
     <span class='ocr_line' id='line_1_20' title="bbox 141 1986 1895 2061; baseline 0.001 -20"><span class='ocrx_word' id='word_1_231' title='bbox 141 1987 280 2059; x_wconf 90' lang='lat' dir='ltr'><strong>capellani</strong></span> <span class='ocrx_word' id='word_1_232' title='bbox 295 1986 457 2056; x_wconf 82' lang='lat' dir='ltr'><strong>recognovi.</strong></span> <span class='ocrx_word' id='word_1_233' title='bbox 532 2053 538 2061; x_wconf 17' lang='lat' dir='ltr'><strong>V,</strong></span> <span class='ocrx_word' id='word_1_234' title='bbox 1043 1987 1149 2041; x_wconf 87' lang='lat' dir='ltr'><strong>dictam</strong></span> <span class='ocrx_word' id='word_1_235' title='bbox 1159 1992 1280 2052; x_wconf 91' lang='lat' dir='ltr'><strong>curtem,</strong></span> <span class='ocrx_word' id='word_1_236' title='bbox 1301 2002 1366 2040; x_wconf 90' lang='lat' dir='ltr'><strong>cum</strong></span> <span class='ocrx_word' id='word_1_237' title='bbox 1378 1987 1513 2041; x_wconf 91' lang='lat' dir='ltr'><strong>omnibus</strong></span> <span class='ocrx_word' id='word_1_238' title='bbox 1528 2003 1593 2057; x_wconf 82' lang='lat' dir='ltr'><strong>quie</strong></span> <span class='ocrx_word' id='word_1_239' title='bbox 1608 1988 1641 2042; x_wconf 87' lang='lat' dir='ltr'><strong>ad</strong></span> <span class='ocrx_word' id='word_1_240' title='bbox 1657 2004 1721 2042; x_wconf 86' lang='lat' dir='ltr'><strong>eam</strong></span> <span class='ocrx_word' id='word_1_241' title='bbox 1737 1989 1895 2059; x_wconf 73' lang='lat' dir='ltr'><strong>pertinent,</strong></span> 
     </span>
     <span class='ocr_line' id='line_1_21' title="bbox 176 2073 1895 2147; baseline 0.001 -18"><span class='ocrx_word' id='word_1_242' title='bbox 176 2075 246 2129; x_wconf 88' lang='lat' dir='ltr'><strong>Data</strong></span> <span class='ocrx_word' id='word_1_243' title='bbox 265 2090 300 2127; x_wconf 87' lang='lat' dir='ltr'><strong>xv</strong></span> <span class='ocrx_word' id='word_1_244' title='bbox 312 2075 371 2129; x_wconf 84' lang='lat' dir='ltr'><strong>liat.</strong></span> <span class='ocrx_word' id='word_1_245' title='bbox 402 2073 478 2142; x_wconf 85' lang='lat' dir='ltr'><strong>ltaii,</strong></span> <span class='ocrx_word' id='word_1_246' title='bbox 501 2088 577 2127; x_wconf 88' lang='lat' dir='ltr'><strong>anuo</strong></span> <span class='ocrx_word' id='word_1_247' title='bbox 598 2073 754 2128; x_wconf 84' lang='lat' dir='ltr'><strong>Dominicae</strong></span> <span class='ocrx_word' id='word_1_248' title='bbox 782 2074 989 2130; x_wconf 82' lang='lat' dir='ltr'><strong>incarnationis</strong></span> <span class='ocrx_word' id='word_1_249' title='bbox 1043 2079 1152 2141; x_wconf 86' lang='lat' dir='ltr'><strong>tenere,</strong></span> <span class='ocrx_word' id='word_1_250' title='bbox 1174 2075 1328 2145; x_wconf 89' lang='lat' dir='ltr'><strong>possidere,</strong></span> <span class='ocrx_word' id='word_1_251' title='bbox 1344 2081 1533 2141; x_wconf 88' lang='lat' dir='ltr'><strong>commutare,</strong></span> <span class='ocrx_word' id='word_1_252' title='bbox 1549 2075 1777 2130; x_wconf 88' lang='lat' dir='ltr'><strong>sicnthaetenus</strong></span> <span class='ocrx_word' id='word_1_253' title='bbox 1800 2076 1895 2147; x_wconf 75' lang='lat' dir='ltr'><strong>praeli·</strong></span> 
     </span>
     <span class='ocr_line' id='line_1_22' title="bbox 143 2161 1894 2235; baseline 0.001 -19"><span class='ocrx_word' id='word_1_254' title='bbox 143 2164 222 2228; x_wconf 80' lang='lat'><strong>1015,</strong></span> <span class='ocrx_word' id='word_1_255' title='bbox 237 2161 391 2216; x_wconf 90' lang='lat' dir='ltr'><strong>indictione</strong></span> <span class='ocrx_word' id='word_1_256' title='bbox 405 2178 460 2228; x_wconf 84' lang='lat' dir='ltr'><strong>xiv,</strong></span> <span class='ocrx_word' id='word_1_257' title='bbox 481 2178 556 2214; x_wconf 88' lang='lat' dir='ltr'><strong>anno</strong></span> <span class='ocrx_word' id='word_1_258' title='bbox 584 2178 650 2215; x_wconf 89' lang='lat' dir='ltr'><strong>vero</strong></span> <span class='ocrx_word' id='word_1_259' title='bbox 678 2161 778 2217; x_wconf 91' lang='lat' dir='ltr'><strong>domni</strong></span> <span class='ocrx_word' id='word_1_260' title='bbox 806 2163 989 2219; x_wconf 88' lang='lat' dir='ltr'><strong>Heinricise-</strong></span> <span class='ocrx_word' id='word_1_261' title='bbox 1045 2163 1117 2217; x_wconf 86' lang='lat' dir='ltr'><strong>batis</strong></span> <span class='ocrx_word' id='word_1_262' title='bbox 1134 2163 1257 2233; x_wconf 85' lang='lat' dir='ltr'><strong>perjuris</strong></span> <span class='ocrx_word' id='word_1_263' title='bbox 1270 2163 1330 2217; x_wconf 89' lang='lat' dir='ltr'><strong>visa</strong></span> <span class='ocrx_word' id='word_1_264' title='bbox 1344 2169 1411 2217; x_wconf 91' lang='lat' dir='ltr'><strong>sunt</strong></span> <span class='ocrx_word' id='word_1_265' title='bbox 1428 2163 1584 2233; x_wconf 85' lang='lat' dir='ltr'><strong>pertinere,</strong></span> <span class='ocrx_word' id='word_1_266' title='bbox 1600 2170 1630 2218; x_wconf 90' lang='lat' dir='ltr'><strong>et</strong></span> <span class='ocrx_word' id='word_1_267' title='bbox 1643 2164 1700 2235; x_wconf 87' lang='lat' dir='ltr'><strong>ipsi</strong></span> <span class='ocrx_word' id='word_1_268' title='bbox 1714 2164 1894 2218; x_wconf 79' lang='lat' dir='ltr'><strong>haereditates</strong></span> 
     </span>
     <span class='ocr_line' id='line_1_23' title="bbox 141 2249 1893 2323; baseline 0 -19"><span class='ocrx_word' id='word_1_269' title='bbox 141 2250 227 2305; x_wconf 91' lang='lat' dir='ltr'><strong>cundi</strong></span> <span class='ocrx_word' id='word_1_270' title='bbox 235 2251 381 2321; x_wconf 88' lang='lat' dir='ltr'><strong>regnantis</strong></span> <span class='ocrx_word' id='word_1_271' title='bbox 395 2266 450 2316; x_wconf 83' lang='lat' dir='ltr'><strong>riv,</strong></span> <span class='ocrx_word' id='word_1_272' title='bbox 467 2249 582 2320; x_wconf 87' lang='lat' dir='ltr'><strong>imperii</strong></span> <span class='ocrx_word' id='word_1_273' title='bbox 597 2257 694 2304; x_wconf 86' lang='lat' dir='ltr'><strong>anteiri</strong></span> <span class='ocrx_word' id='word_1_274' title='bbox 711 2251 802 2322; x_wconf 90' lang='lat' dir='ltr'><strong>ipsius</strong></span> <span class='ocrx_word' id='word_1_275' title='bbox 817 2269 845 2305; x_wconf 87' lang='lat' dir='ltr'><strong>lt.</strong></span> <span class='ocrx_word' id='word_1_276' title='bbox 1044 2253 1256 2323; x_wconf 84' lang='lat' dir='ltr'><strong>possederunt3</strong></span> <span class='ocrx_word' id='word_1_277' title='bbox 1276 2257 1304 2305; x_wconf 92' lang='lat' dir='ltr'><strong>et</strong></span> <span class='ocrx_word' id='word_1_278' title='bbox 1326 2251 1431 2305; x_wconf 87' lang='lat' dir='ltr'><strong>faciant</strong></span> <span class='ocrx_word' id='word_1_279' title='bbox 1457 2251 1543 2306; x_wconf 86' lang='lat' dir='ltr'><strong>iidem</strong></span> <span class='ocrx_word' id='word_1_280' title='bbox 1572 2251 1702 2323; x_wconf 87' lang='lat' dir='ltr'><strong>episcopi</strong></span> <span class='ocrx_word' id='word_1_281' title='bbox 1729 2253 1768 2307; x_wconf 91' lang='lat' dir='ltr'><strong>de</strong></span> <span class='ocrx_word' id='word_1_282' title='bbox 1797 2253 1893 2306; x_wconf 88' lang='lat' dir='ltr'><strong>eadem</strong></span> 
     </span>
     <span class='ocr_line' id='line_1_24' title="bbox 176 2338 1893 2410; baseline 0.001 -17"><span class='ocrx_word' id='word_1_283' title='bbox 176 2343 278 2394; x_wconf 80' lang='lat' dir='ltr'><strong>Actum</strong></span> <span class='ocrx_word' id='word_1_284' title='bbox 290 2339 454 2408; x_wconf 77' lang='lat' dir='ltr'><strong>Merseburg</strong></span> <span class='ocrx_word' id='word_1_285' title='bbox 466 2338 599 2392; x_wconf 80' lang='lat' dir='ltr'><strong>feliciter.</strong></span> <span class='ocrx_word' id='word_1_286' title='bbox 1044 2347 1134 2405; x_wconf 91' lang='lat' dir='ltr'><strong>curte,</strong></span> <span class='ocrx_word' id='word_1_287' title='bbox 1151 2345 1179 2393; x_wconf 90' lang='lat' dir='ltr'><strong>et</strong></span> <span class='ocrx_word' id='word_1_288' title='bbox 1191 2340 1327 2394; x_wconf 90' lang='lat' dir='ltr'><strong>omnibus</strong></span> <span class='ocrx_word' id='word_1_289' title='bbox 1353 2354 1418 2410; x_wconf 76' lang='lat' dir='ltr'><strong>quie</strong></span> <span class='ocrx_word' id='word_1_290' title='bbox 1442 2338 1545 2394; x_wconf 89' lang='lat' dir='ltr'><strong>deinde</strong></span> <span class='ocrx_word' id='word_1_291' title='bbox 1564 2340 1636 2394; x_wconf 84' lang='lat' dir='ltr'><strong>solvi</strong></span> <span class='ocrx_word' id='word_1_292' title='bbox 1656 2346 1791 2410; x_wconf 89' lang='lat' dir='ltr'><strong>possunt,</strong></span> <span class='ocrx_word' id='word_1_293' title='bbox 1813 2339 1893 2410; x_wconf 88' lang='lat' dir='ltr'><strong>quid·</strong></span> 
     </span>
     <span class='ocr_line' id='line_1_25' title="bbox 177 2426 1893 2498; baseline 0 -17"><span class='ocrx_word' id='word_1_294' title='bbox 177 2429 248 2482; x_wconf 86' lang='lat' dir='ltr'><strong>Cum</strong></span> <span class='ocrx_word' id='word_1_295' title='bbox 261 2428 351 2495; x_wconf 74' lang='lat' dir='ltr'><strong>sigillo</strong></span> <span class='ocrx_word' id='word_1_296' title='bbox 365 2427 473 2496; x_wconf 81' lang='lat' dir='ltr'><strong>majest.</strong></span> <span class='ocrx_word' id='word_1_297' title='bbox 1044 2427 1179 2498; x_wconf 88' lang='lat' dir='ltr'><strong>quidsibi</strong></span> <span class='ocrx_word' id='word_1_298' title='bbox 1202 2427 1344 2498; x_wconf 87' lang='lat' dir='ltr'><strong>placuerit</strong></span> <span class='ocrx_word' id='word_1_299' title='bbox 1376 2426 1410 2481; x_wconf 92' lang='lat' dir='ltr'><strong>ad</strong></span> <span class='ocrx_word' id='word_1_300' title='bbox 1434 2426 1547 2482; x_wconf 87' lang='lat' dir='ltr'><strong>laudem</strong></span> <span class='ocrx_word' id='word_1_301' title='bbox 1569 2433 1599 2482; x_wconf 89' lang='lat' dir='ltr'><strong>et</strong></span> <span class='ocrx_word' id='word_1_302' title='bbox 1617 2427 1761 2483; x_wconf 81' lang='lat' dir='ltr'><strong>bonorem</strong></span> <span class='ocrx_word' id='word_1_303' title='bbox 1793 2429 1843 2482; x_wconf 82' lang='lat' dir='ltr'><strong>uei</strong></span> <span class='ocrx_word' id='word_1_304' title='bbox 1867 2433 1893 2481; x_wconf 86' lang='lat' dir='ltr'><strong>et</strong></span> 
     </span>
     <span class='ocr_line' id='line_1_26' title="bbox 531 2516 1891 2588; baseline -0.012 -2"><span class='ocrx_word' id='word_1_305' title='bbox 531 2532 597 2586; x_wconf 82' lang='lat' dir='ltr'><strong>xci.</strong></span> <span class='ocrx_word' id='word_1_306' title='bbox 1043 2516 1071 2572; x_wconf 88' lang='lat' dir='ltr'><strong>S.</strong></span> <span class='ocrx_word' id='word_1_307' title='bbox 1089 2517 1183 2572; x_wconf 81' lang='lat' dir='ltr'><strong>uarie</strong></span> <span class='ocrx_word' id='word_1_308' title='bbox 1199 2533 1234 2570; x_wconf 83' lang='lat' dir='ltr'><strong>er</strong></span> <span class='ocrx_word' id='word_1_309' title='bbox 1248 2523 1347 2571; x_wconf 90' lang='lat' dir='ltr'><strong>nostra</strong></span> <span class='ocrx_word' id='word_1_310' title='bbox 1368 2516 1535 2588; x_wconf 86' lang='lat' dir='ltr'><strong>plenissima</strong></span> <span class='ocrx_word' id='word_1_311' title='bbox 1559 2517 1740 2571; x_wconf 89' lang='lat' dir='ltr'><strong>auctoritate.</strong></span> <span class='ocrx_word' id='word_1_312' title='bbox 1759 2517 1891 2571; x_wconf 82' lang='lat' dir='ltr'><strong>iubentus</strong></span> 
     </span>
    </p>
   </div>
   <div class='ocr_carea' id='block_1_3' title="bbox 140 2604 1891 2777">
    <p class='ocr_par' dir='ltr' id='par_1_3' title="bbox 140 2604 1891 2777">
     <span class='ocr_line' id='line_1_27' title="bbox 140 2604 1891 2706; baseline 0.002 -51"><span class='ocrx_word' id='word_1_313' title='bbox 140 2639 169 2694; x_wconf 37' lang='lat' dir='ltr'><strong>S·</strong></span> <span class='ocrx_word' id='word_1_314' title='bbox 200 2641 257 2694; x_wconf 62' lang='lat' dir='ltr'><strong>Hm</strong></span> <span class='ocrx_word' id='word_1_315' title='bbox 258 2641 331 2693; x_wconf 79' lang='lat' dir='ltr'><strong>ricus</strong></span> <span class='ocrx_word' id='word_1_316' title='bbox 354 2637 482 2691; x_wconf 57' lang='lat' dir='ltr'><em>Amen-w</em></span> <span class='ocrx_word' id='word_1_317' title='bbox 523 2640 645 2706; x_wconf 55' lang='lat' dir='ltr'><strong>episeopo</strong></span> <span class='ocrx_word' id='word_1_318' title='bbox 670 2639 791 2693; x_wconf 57' lang='lat' dir='ltr'><strong><em>commi</em></strong></span> <span class='ocrx_word' id='word_1_319' title='bbox 813 2643 916 2693; x_wconf 54' lang='lat' dir='ltr'><strong><em>omem</em></strong></span> <span class='ocrx_word' id='word_1_320' title='bbox 943 2654 990 2692; x_wconf 60' lang='lat' dir='ltr'><strong>sm</strong></span> <span class='ocrx_word' id='word_1_321' title='bbox 1043 2621 1113 2675; x_wconf 89' lang='lat' dir='ltr'><strong>ergo</strong></span> <span class='ocrx_word' id='word_1_322' title='bbox 1144 2604 1288 2659; x_wconf 85' lang='lat' dir='ltr'><strong>sancimus</strong></span> <span class='ocrx_word' id='word_1_323' title='bbox 1325 2610 1357 2658; x_wconf 87' lang='lat' dir='ltr'><strong>ut</strong></span> <span class='ocrx_word' id='word_1_324' title='bbox 1381 2605 1485 2658; x_wconf 88' lang='lat' dir='ltr'><strong>uostris</strong></span> <span class='ocrx_word' id='word_1_325' title='bbox 1514 2606 1557 2659; x_wconf 88' lang='lat' dir='ltr'><strong>vel</strong></span> <span class='ocrx_word' id='word_1_326' title='bbox 1584 2605 1688 2660; x_wconf 91' lang='lat' dir='ltr'><strong>futuris</strong></span> <span class='ocrx_word' id='word_1_327' title='bbox 1716 2604 1891 2676; x_wconf 87' lang='lat' dir='ltr'><strong>temporibus</strong></span> 
     </span>
     <span class='ocr_line' id='line_1_28' title="bbox 175 2692 1890 2777; baseline 0.002 -15"><span class='ocrx_word' id='word_1_328' title='bbox 175 2712 271 2764; x_wconf 87' lang='lat' dir='ltr'><strong>uittam</strong></span> <span class='ocrx_word' id='word_1_329' title='bbox 309 2708 508 2767; x_wconf 78' lang='lat' dir='ltr'><strong>Barcanorum.</strong></span> <span class='ocrx_word' id='word_1_330' title='bbox 535 2710 599 2762; x_wconf 86' lang='lat' dir='ltr'><strong>otim</strong></span> <span class='ocrx_word' id='word_1_331' title='bbox 627 2709 787 2775; x_wconf 71' lang='lat' dir='ltr'><strong>Becnpcrrii</strong></span> <span class='ocrx_word' id='word_1_332' title='bbox 826 2715 851 2763; x_wconf 87' lang='lat' dir='ltr'><strong>et</strong></span> <span class='ocrx_word' id='word_1_333' title='bbox 877 2710 987 2777; x_wconf 76' lang='lat' dir='ltr'><strong>Upouis,</strong></span> <span class='ocrx_word' id='word_1_334' title='bbox 1044 2695 1141 2747; x_wconf 66' lang='lat' dir='ltr'><strong>nullus</strong></span> <span class='ocrx_word' id='word_1_335' title='bbox 1163 2693 1230 2760; x_wconf 66' lang='lat'><strong>⁶¹¹¹·</strong></span> <span class='ocrx_word' id='word_1_336' title='bbox 1258 2692 1396 2760; x_wconf 59' lang='lat' dir='ltr'><strong>mssmhm,</strong></span> <span class='ocrx_word' id='word_1_337' title='bbox 1425 2709 1531 2759; x_wconf 84' lang='lat' dir='ltr'><strong>eomes,</strong></span> <span class='ocrx_word' id='word_1_338' title='bbox 1560 2693 1728 2761; x_wconf 63' lang='lat' dir='ltr'><strong>Vicefflfflefli</strong></span> <span class='ocrx_word' id='word_1_339' title='bbox 1760 2696 1890 2765; x_wconf 73' lang='lat' dir='ltr'><strong>⁰⁰¹¹⁸q¹¹⁰</strong></span> 
     </span>
    </p>
   </div>
   <div class='ocr_carea' id='block_1_4' title="bbox 136 2779 1929 5587">
    <p class='ocr_par' dir='ltr' id='par_1_4' title="bbox 136 2779 1929 5587">
     <span class='ocr_line' id='line_1_29' title="bbox 176 2779 1929 2861; baseline 0.001 -27"><span class='ocrx_word' id='word_1_340' title='bbox 176 2779 312 2847; x_wconf 69' lang='lat' dir='ltr'><strong>sigifredi</strong></span> <span class='ocrx_word' id='word_1_341' title='bbox 347 2781 452 2861; x_wconf 72' lang='lat' dir='ltr'><strong>cernitis</strong></span> <span class='ocrx_word' id='word_1_342' title='bbox 477 2779 606 2847; x_wconf 69' lang='lat' dir='ltr'><strong>fitiorum,</strong></span> <span class='ocrx_word' id='word_1_343' title='bbox 635 2783 660 2832; x_wconf 87' lang='lat' dir='ltr'><strong>et</strong></span> <span class='ocrx_word' id='word_1_344' title='bbox 689 2781 821 2834; x_wconf 76' lang='lat' dir='ltr'><strong>Cesarea</strong></span> <span class='ocrx_word' id='word_1_345' title='bbox 848 2782 990 2848; x_wconf 81' lang='lat' dir='ltr'><strong>uiujestots&#39;</strong></span> <span class='ocrx_word' id='word_1_346' title='bbox 1044 2782 1208 2852; x_wconf 80' lang='lat' dir='ltr'><strong>magnevol</strong></span> <span class='ocrx_word' id='word_1_347' title='bbox 1228 2797 1314 2852; x_wconf 89' lang='lat' dir='ltr'><strong>parva</strong></span> <span class='ocrx_word' id='word_1_348' title='bbox 1341 2797 1475 2852; x_wconf 87' lang='lat' dir='ltr'><strong>persona,</strong></span> <span class='ocrx_word' id='word_1_349' title='bbox 1497 2781 1637 2853; x_wconf 84' lang='lat' dir='ltr'><strong>cujusque</strong></span> <span class='ocrx_word' id='word_1_350' title='bbox 1666 2781 1817 2853; x_wconf 89' lang='lat' dir='ltr'><strong>dignitatis</strong></span> <span class='ocrx_word' id='word_1_351' title='bbox 1844 2789 1891 2839; x_wconf 86' lang='lat' dir='ltr'><strong>aut</strong></span> <span class='ocrx_word' id='word_1_352' title='bbox 1927 2800 1929 2807; x_wconf 93' lang='lat'>·</span> 
     </span>
     <span class='ocr_line' id='line_1_30' title="bbox 174 2849 1890 2943; baseline 0.007 -29"><span class='ocrx_word' id='word_1_353' title='bbox 174 2849 456 2915; x_wconf 64' lang='lat' dir='ltr'><strong>rebelliumlssrtiifflf·</strong></span> <span class='ocrx_word' id='word_1_354' title='bbox 1044 2870 1162 2936; x_wconf 90' lang='lat' dir='ltr'><strong>ordinis,</strong></span> <span class='ocrx_word' id='word_1_355' title='bbox 1189 2885 1277 2938; x_wconf 85' lang='lat' dir='ltr'><strong>supra</strong></span> <span class='ocrx_word' id='word_1_356' title='bbox 1303 2878 1497 2924; x_wconf 89' lang='lat' dir='ltr'><strong>memoratum</strong></span> <span class='ocrx_word' id='word_1_357' title='bbox 1534 2871 1699 2926; x_wconf 71' lang='lat' dir='ltr'><strong>albericum</strong></span> <span class='ocrx_word' id='word_1_358' title='bbox 1727 2871 1890 2943; x_wconf 90' lang='lat' dir='ltr'><strong>episcopum</strong></span> 
     </span>
     <span class='ocr_line' id='line_1_31' title="bbox 454 2935 1889 3036; baseline 0.006 -31"><span class='ocrx_word' id='word_1_359' title='bbox 454 2935 560 3036; x_wconf 53' lang='lat' dir='ltr'><strong>finni}</strong></span> <span class='ocrx_word' id='word_1_360' title='bbox 577 2936 668 3001; x_wconf 75' lang='grc'><strong>1015·)</strong></span> <span class='ocrx_word' id='word_1_361' title='bbox 1005 2956 1168 3031; x_wconf 86' lang='lat' dir='ltr'><strong>Csuosque</strong></span> <span class='ocrx_word' id='word_1_362' title='bbox 1187 2974 1364 3014; x_wconf 87' lang='lat' dir='ltr'><strong>successores</strong></span> <span class='ocrx_word' id='word_1_363' title='bbox 1392 2960 1427 3014; x_wconf 91' lang='lat' dir='ltr'><strong>de</strong></span> <span class='ocrx_word' id='word_1_364' title='bbox 1450 2959 1587 3029; x_wconf 76' lang='lat' dir='ltr'><strong>praedicta</strong></span> <span class='ocrx_word' id='word_1_365' title='bbox 1610 2965 1702 3026; x_wconf 90' lang='lat' dir='ltr'><strong>curte,</strong></span> <span class='ocrx_word' id='word_1_366' title='bbox 1725 2974 1792 3015; x_wconf 90' lang='lat' dir='ltr'><strong>eum</strong></span> <span class='ocrx_word' id='word_1_367' title='bbox 1815 2960 1889 3015; x_wconf 88' lang='lat' dir='ltr'><strong>omni</strong></span> 
     </span>
     <span class='ocr_line' id='line_1_32' title="bbox 338 3020 1888 3119; baseline 0.003 -20"><span class='ocrx_word' id='word_1_368' title='bbox 338 3020 792 3094; x_wconf 57' lang='lat' dir='ltr'><strong>[Usshenbmhasacrav2²⁸²i</strong></span> <span class='ocrx_word' id='word_1_369' title='bbox 1043 3064 1094 3101; x_wconf 92' lang='lat' dir='ltr'><strong>sua</strong></span> <span class='ocrx_word' id='word_1_370' title='bbox 1122 3047 1306 3119; x_wconf 86' lang='lat' dir='ltr'><strong>pertinentia,</strong></span> <span class='ocrx_word' id='word_1_371' title='bbox 1341 3047 1501 3116; x_wconf 86' lang='lat' dir='ltr'><strong>disvestire,</strong></span> <span class='ocrx_word' id='word_1_372' title='bbox 1532 3047 1706 3118; x_wconf 85' lang='lat' dir='ltr'><strong>inquietare,</strong></span> <span class='ocrx_word' id='word_1_373' title='bbox 1730 3049 1888 3113; x_wconf 81' lang='lat' dir='ltr'><strong>molestare,</strong></span> 
     </span>
     <span class='ocr_line' id='line_1_33' title="bbox 174 3128 1889 3205; baseline 0.002 -19"><span class='ocrx_word' id='word_1_374' title='bbox 174 3132 207 3186; x_wconf 91' lang='lat' dir='ltr'><strong>ln</strong></span> <span class='ocrx_word' id='word_1_375' title='bbox 221 3130 337 3185; x_wconf 90' lang='lat' dir='ltr'><strong>nomine</strong></span> <span class='ocrx_word' id='word_1_376' title='bbox 351 3128 468 3185; x_wconf 87' lang='lat' dir='ltr'><strong>Domini</strong></span> <span class='ocrx_word' id='word_1_377' title='bbox 493 3129 553 3194; x_wconf 86' lang='lat' dir='ltr'><strong>Dei,</strong></span> <span class='ocrx_word' id='word_1_378' title='bbox 569 3133 598 3184; x_wconf 90' lang='lat' dir='ltr'><strong>et</strong></span> <span class='ocrx_word' id='word_1_379' title='bbox 625 3128 778 3183; x_wconf 77' lang='lat' dir='ltr'><strong>salvatoris</strong></span> <span class='ocrx_word' id='word_1_380' title='bbox 808 3129 901 3182; x_wconf 87' lang='lat' dir='ltr'><strong>nostri</strong></span> <span class='ocrx_word' id='word_1_381' title='bbox 923 3130 990 3184; x_wconf 87' lang='lat' dir='ltr'><strong>lesu</strong></span> <span class='ocrx_word' id='word_1_382' title='bbox 1043 3135 1088 3189; x_wconf 93' lang='lat' dir='ltr'><strong>vel</strong></span> <span class='ocrx_word' id='word_1_383' title='bbox 1104 3135 1134 3189; x_wconf 94' lang='lat' dir='ltr'><strong>in</strong></span> <span class='ocrx_word' id='word_1_384' title='bbox 1162 3135 1259 3205; x_wconf 88' lang='lat' dir='ltr'><strong>aliquo</strong></span> <span class='ocrx_word' id='word_1_385' title='bbox 1279 3134 1425 3189; x_wconf 85' lang='lat' dir='ltr'><strong>minorare</strong></span> <span class='ocrx_word' id='word_1_386' title='bbox 1451 3143 1610 3205; x_wconf 77' lang='lat' dir='ltr'><strong>presumat</strong></span> <span class='ocrx_word' id='word_1_387' title='bbox 1626 3152 1634 3203; x_wconf 91' lang='lat'>;</span> <span class='ocrx_word' id='word_1_388' title='bbox 1651 3138 1700 3191; x_wconf 90' lang='lat' dir='ltr'><strong>sed</strong></span> <span class='ocrx_word' id='word_1_389' title='bbox 1727 3137 1813 3191; x_wconf 83' lang='lat' dir='ltr'><strong>liceat</strong></span> <span class='ocrx_word' id='word_1_390' title='bbox 1838 3136 1889 3191; x_wconf 90' lang='lat' dir='ltr'><strong>itlis</strong></span> 
     </span>
     <span class='ocr_line' id='line_1_34' title="bbox 139 3215 1888 3297; baseline 0.004 -23"><span class='ocrx_word' id='word_1_391' title='bbox 139 3218 254 3285; x_wconf 86' lang='lat' dir='ltr'><strong>Christi,</strong></span> <span class='ocrx_word' id='word_1_392' title='bbox 283 3216 420 3270; x_wconf 73' lang='lat' dir='ltr'><strong>Hernicus</strong></span> <span class='ocrx_word' id='word_1_393' title='bbox 446 3230 572 3285; x_wconf 89' lang='lat' dir='ltr'><strong>superna</strong></span> <span class='ocrx_word' id='word_1_394' title='bbox 606 3215 759 3270; x_wconf 91' lang='lat' dir='ltr'><strong>clementia</strong></span> <span class='ocrx_word' id='word_1_395' title='bbox 790 3215 989 3270; x_wconf 84' lang='lat' dir='ltr'><strong>Romanorum</strong></span> <span class='ocrx_word' id='word_1_396' title='bbox 1043 3225 1139 3294; x_wconf 74' lang='lat' dir='ltr'><strong>quiete</strong></span> <span class='ocrx_word' id='word_1_397' title='bbox 1154 3231 1183 3277; x_wconf 81' lang='lat' dir='ltr'><strong>et</strong></span> <span class='ocrx_word' id='word_1_398' title='bbox 1197 3224 1314 3294; x_wconf 79' lang='lat' dir='ltr'><strong>pacifice</strong></span> <span class='ocrx_word' id='word_1_399' title='bbox 1337 3229 1445 3285; x_wconf 86' lang='lat' dir='ltr'><strong>tenore,</strong></span> <span class='ocrx_word' id='word_1_400' title='bbox 1475 3223 1621 3294; x_wconf 88' lang='lat' dir='ltr'><strong>possidere</strong></span> <span class='ocrx_word' id='word_1_401' title='bbox 1637 3225 1819 3297; x_wconf 87' lang='lat' dir='ltr'><strong>firmiterque</strong></span> <span class='ocrx_word' id='word_1_402' title='bbox 1840 3226 1888 3280; x_wconf 80' lang='lat' dir='ltr'><strong>lsr-</strong></span> 
     </span>
     <span class='ocr_line' id='line_1_35' title="bbox 140 3307 1889 3385; baseline 0.003 -24"><span class='ocrx_word' id='word_1_403' title='bbox 140 3307 300 3378; x_wconf 88' lang='lat' dir='ltr'><strong>imperator</strong></span> <span class='ocrx_word' id='word_1_404' title='bbox 312 3307 469 3375; x_wconf 81' lang='lat' dir='ltr'><strong>Augustus.</strong></span> <span class='ocrx_word' id='word_1_405' title='bbox 1043 3312 1122 3380; x_wconf 87' lang='lat' dir='ltr'><strong>bere,</strong></span> <span class='ocrx_word' id='word_1_406' title='bbox 1138 3318 1248 3367; x_wconf 85' lang='lat' dir='ltr'><strong>remota</strong></span> <span class='ocrx_word' id='word_1_407' title='bbox 1262 3312 1341 3367; x_wconf 92' lang='lat' dir='ltr'><strong>omni</strong></span> <span class='ocrx_word' id='word_1_408' title='bbox 1353 3313 1589 3368; x_wconf 85' lang='lat' dir='ltr'><strong>contradictione.</strong></span> <span class='ocrx_word' id='word_1_409' title='bbox 1610 3312 1639 3368; x_wconf 89' lang='lat' dir='ltr'><strong>Si</strong></span> <span class='ocrx_word' id='word_1_410' title='bbox 1648 3330 1726 3378; x_wconf 79' lang='lat' dir='ltr'><strong>vero,</strong></span> <span class='ocrx_word' id='word_1_411' title='bbox 1741 3313 1819 3385; x_wconf 87' lang='lat' dir='ltr'><strong>quod</strong></span> <span class='ocrx_word' id='word_1_412' title='bbox 1838 3312 1889 3367; x_wconf 90' lang='lat' dir='ltr'><strong>mi-</strong></span> 
     </span>
     <span class='ocr_line' id='line_1_36' title="bbox 175 3391 1889 3472; baseline 0.004 -22"><span class='ocrx_word' id='word_1_413' title='bbox 175 3395 204 3450; x_wconf 87' lang='lat' dir='ltr'><strong>Si</strong></span> <span class='ocrx_word' id='word_1_414' title='bbox 214 3392 401 3466; x_wconf 91' lang='lat' dir='ltr'><strong>petitionibus</strong></span> <span class='ocrx_word' id='word_1_415' title='bbox 416 3397 578 3446; x_wconf 88' lang='lat' dir='ltr'><strong>nostrorum</strong></span> <span class='ocrx_word' id='word_1_416' title='bbox 593 3391 723 3447; x_wconf 88' lang='lat' dir='ltr'><strong>fidelium</strong></span> <span class='ocrx_word' id='word_1_417' title='bbox 738 3392 879 3464; x_wconf 84' lang='lat' dir='ltr'><strong>uobisque</strong></span> <span class='ocrx_word' id='word_1_418' title='bbox 896 3392 990 3447; x_wconf 91' lang='lat' dir='ltr'><strong>debite</strong></span> <span class='ocrx_word' id='word_1_419' title='bbox 1043 3400 1120 3455; x_wconf 79' lang='lat' dir='ltr'><strong>nime</strong></span> <span class='ocrx_word' id='word_1_420' title='bbox 1135 3401 1270 3468; x_wconf 81' lang='lat' dir='ltr'><strong>creditur,</strong></span> <span class='ocrx_word' id='word_1_421' title='bbox 1286 3406 1385 3454; x_wconf 83' lang='lat' dir='ltr'><strong>contra</strong></span> <span class='ocrx_word' id='word_1_422' title='bbox 1404 3401 1490 3471; x_wconf 88' lang='lat' dir='ltr'><strong>hujus</strong></span> <span class='ocrx_word' id='word_1_423' title='bbox 1512 3401 1604 3455; x_wconf 89' lang='lat' dir='ltr'><strong>nostri</strong></span> <span class='ocrx_word' id='word_1_424' title='bbox 1624 3403 1764 3472; x_wconf 73' lang='lat' dir='ltr'><strong>precepti</strong></span> <span class='ocrx_word' id='word_1_425' title='bbox 1791 3406 1889 3456; x_wconf 78' lang='lat' dir='ltr'><strong>statute</strong></span> 
     </span>
     <span class='ocr_line' id='line_1_37' title="bbox 140 3480 1889 3561; baseline 0.002 -24"><span class='ocrx_word' id='word_1_426' title='bbox 140 3483 340 3537; x_wconf 87' lang='lat' dir='ltr'><strong>famulantium</strong></span> <span class='ocrx_word' id='word_1_427' title='bbox 363 3497 446 3535; x_wconf 89' lang='lat' dir='ltr'><strong>aures</strong></span> <span class='ocrx_word' id='word_1_428' title='bbox 471 3486 578 3534; x_wconf 80' lang='lat' dir='ltr'><strong>nostrae</strong></span> <span class='ocrx_word' id='word_1_429' title='bbox 598 3480 715 3551; x_wconf 86' lang='lat' dir='ltr'><strong>pietatis</strong></span> <span class='ocrx_word' id='word_1_430' title='bbox 744 3481 988 3548; x_wconf 89' lang='lat' dir='ltr'><strong>inclinaverimus,</strong></span> <span class='ocrx_word' id='word_1_431' title='bbox 1043 3489 1283 3561; x_wconf 53' lang='lat' dir='ltr'><strong>atiquiiviulatur</strong></span> <span class='ocrx_word' id='word_1_432' title='bbox 1311 3488 1447 3558; x_wconf 78' lang='lat' dir='ltr'><strong>extiterit,</strong></span> <span class='ocrx_word' id='word_1_433' title='bbox 1480 3489 1551 3544; x_wconf 76' lang='lat' dir='ltr'><strong>sciat</strong></span> <span class='ocrx_word' id='word_1_434' title='bbox 1575 3505 1606 3544; x_wconf 82' lang='lat' dir='ltr'><strong>se</strong></span> <span class='ocrx_word' id='word_1_435' title='bbox 1634 3489 1796 3544; x_wconf 78' lang='lat' dir='ltr'><strong>certissime</strong></span> <span class='ocrx_word' id='word_1_436' title='bbox 1820 3504 1889 3545; x_wconf 82' lang='lat' dir='ltr'><strong>eom·</strong></span> 
     </span>
     <span class='ocr_line' id='line_1_38' title="bbox 139 3567 1887 3649; baseline 0.003 -26"><span class='ocrx_word' id='word_1_437' title='bbox 139 3567 457 3641; x_wconf 87' lang='lat' dir='ltr'><strong>promptioreseosfure</strong></span> <span class='ocrx_word' id='word_1_438' title='bbox 467 3567 498 3621; x_wconf 88' lang='lat' dir='ltr'><strong>in</strong></span> <span class='ocrx_word' id='word_1_439' title='bbox 508 3572 604 3621; x_wconf 87' lang='lat' dir='ltr'><strong>nostru</strong></span> <span class='ocrx_word' id='word_1_440' title='bbox 616 3567 731 3621; x_wconf 89' lang='lat' dir='ltr'><strong>servitio</strong></span> <span class='ocrx_word' id='word_1_441' title='bbox 742 3583 801 3621; x_wconf 92' lang='lat' dir='ltr'><strong>nou</strong></span> <span class='ocrx_word' id='word_1_442' title='bbox 813 3567 987 3623; x_wconf 88' lang='lat' dir='ltr'><strong>dubitamus.</strong></span> <span class='ocrx_word' id='word_1_443' title='bbox 1043 3577 1205 3648; x_wconf 75' lang='lat' dir='ltr'><strong>positurum</strong></span> <span class='ocrx_word' id='word_1_444' title='bbox 1222 3578 1284 3631; x_wconf 76' lang='lat' dir='ltr'><strong>auri</strong></span> <span class='ocrx_word' id='word_1_445' title='bbox 1296 3577 1382 3631; x_wconf 77' lang='lat' dir='ltr'><strong>libras</strong></span> <span class='ocrx_word' id='word_1_446' title='bbox 1399 3578 1490 3644; x_wconf 82' lang='lat' dir='ltr'><strong>mille,</strong></span> <span class='ocrx_word' id='word_1_447' title='bbox 1517 3594 1606 3632; x_wconf 81' lang='lat' dir='ltr'><strong>unum</strong></span> <span class='ocrx_word' id='word_1_448' title='bbox 1631 3583 1744 3649; x_wconf 81' lang='lat' dir='ltr'><strong>partem</strong></span> <span class='ocrx_word' id='word_1_449' title='bbox 1772 3593 1887 3633; x_wconf 73' lang='lat' dir='ltr'><strong>camere</strong></span> 
     </span>
     <span class='ocr_line' id='line_1_39' title="bbox 141 3655 1888 3738; baseline 0.005 -26"><span class='ocrx_word' id='word_1_450' title='bbox 141 3656 358 3712; x_wconf 83' lang='lat' dir='ltr'><strong>Universitatem</strong></span> <span class='ocrx_word' id='word_1_451' title='bbox 382 3655 471 3726; x_wconf 88' lang='lat' dir='ltr'><strong>igitur</strong></span> <span class='ocrx_word' id='word_1_452' title='bbox 489 3656 620 3709; x_wconf 91' lang='lat' dir='ltr'><strong>omnium</strong></span> <span class='ocrx_word' id='word_1_453' title='bbox 644 3655 727 3710; x_wconf 93' lang='lat' dir='ltr'><strong>uobis</strong></span> <span class='ocrx_word' id='word_1_454' title='bbox 754 3657 987 3727; x_wconf 83' lang='lat' dir='ltr'><strong>obsequentium,</strong></span> <span class='ocrx_word' id='word_1_455' title='bbox 1043 3671 1158 3733; x_wconf 71' lang='lat' dir='ltr'><strong>nostru,</strong></span> <span class='ocrx_word' id='word_1_456' title='bbox 1190 3665 1309 3719; x_wconf 83' lang='lat' dir='ltr'><strong>alteram</strong></span> <span class='ocrx_word' id='word_1_457' title='bbox 1333 3669 1493 3735; x_wconf 73' lang='lat' dir='ltr'><strong>praenotato</strong></span> <span class='ocrx_word' id='word_1_458' title='bbox 1519 3666 1663 3737; x_wconf 88' lang='lat' dir='ltr'><strong>episcopo,</strong></span> <span class='ocrx_word' id='word_1_459' title='bbox 1693 3667 1812 3738; x_wconf 86' lang='lat' dir='ltr'><strong>suisque</strong></span> <span class='ocrx_word' id='word_1_460' title='bbox 1831 3681 1888 3734; x_wconf 49' lang='lat' dir='ltr'><strong>,sne</strong></span> 
     </span>
     <span class='ocr_line' id='line_1_40' title="bbox 138 3743 1886 3828; baseline 0.001 -29"><span class='ocrx_word' id='word_1_461' title='bbox 138 3744 325 3819; x_wconf 75' lang='lat' dir='ltr'><strong>presentium</strong></span> <span class='ocrx_word' id='word_1_462' title='bbox 339 3743 445 3798; x_wconf 89' lang='lat' dir='ltr'><strong>scilicet</strong></span> <span class='ocrx_word' id='word_1_463' title='bbox 459 3749 488 3799; x_wconf 89' lang='lat' dir='ltr'><strong>et</strong></span> <span class='ocrx_word' id='word_1_464' title='bbox 509 3743 685 3811; x_wconf 89' lang='lat' dir='ltr'><strong>futurorum,</strong></span> <span class='ocrx_word' id='word_1_465' title='bbox 700 3761 884 3816; x_wconf 86' lang='lat' dir='ltr'><strong>nequaqnam</strong></span> <span class='ocrx_word' id='word_1_466' title='bbox 902 3746 989 3799; x_wconf 86' lang='lat' dir='ltr'><strong>latere</strong></span> <span class='ocrx_word' id='word_1_467' title='bbox 1043 3756 1214 3811; x_wconf 47' lang='lat' dir='ltr'><strong>cimicibus,</strong></span> <span class='ocrx_word' id='word_1_468' title='bbox 1233 3755 1268 3810; x_wconf 75' lang='lat' dir='ltr'><strong>Er</strong></span> <span class='ocrx_word' id='word_1_469' title='bbox 1284 3753 1379 3809; x_wconf 74' lang='lat' dir='ltr'><strong>uthoc</strong></span> <span class='ocrx_word' id='word_1_470' title='bbox 1398 3755 1494 3809; x_wconf 74' lang='lat' dir='ltr'><strong>verius</strong></span> <span class='ocrx_word' id='word_1_471' title='bbox 1507 3755 1650 3823; x_wconf 68' lang='lat' dir='ltr'><strong>creditur,</strong></span> <span class='ocrx_word' id='word_1_472' title='bbox 1676 3754 1846 3828; x_wconf 61' lang='lat' dir='ltr'><strong>firmiusqno</strong></span> <span class='ocrx_word' id='word_1_473' title='bbox 1860 3771 1886 3809; x_wconf 67' lang='lat' dir='ltr'><strong>ii</strong></span> 
     </span>
     <span class='ocr_line' id='line_1_41' title="bbox 139 3832 1886 3917; baseline 0.001 -29"><span class='ocrx_word' id='word_1_474' title='bbox 139 3835 272 3890; x_wconf 83' lang='lat' dir='ltr'><strong>volumus</strong></span> <span class='ocrx_word' id='word_1_475' title='bbox 285 3832 362 3905; x_wconf 84' lang='lat' dir='ltr'><strong>quod</strong></span> <span class='ocrx_word' id='word_1_476' title='bbox 372 3832 520 3887; x_wconf 75' lang='lat' dir='ltr'><strong>albericus</strong></span> <span class='ocrx_word' id='word_1_477' title='bbox 535 3832 563 3888; x_wconf 84' lang='lat' dir='ltr'><strong>S.</strong></span> <span class='ocrx_word' id='word_1_478' title='bbox 575 3832 712 3887; x_wconf 76' lang='lat' dir='ltr'><strong>Cumunae</strong></span> <span class='ocrx_word' id='word_1_479' title='bbox 724 3834 853 3887; x_wconf 70' lang='lat' dir='ltr'><strong>Ecclesiae</strong></span> <span class='ocrx_word' id='word_1_480' title='bbox 870 3850 988 3888; x_wconf 76' lang='lat' dir='ltr'><strong>t&#39;enet&#39;a-</strong></span> <span class='ocrx_word' id='word_1_481' title='bbox 1043 3844 1243 3898; x_wconf 79' lang='lat' dir='ltr'><strong>inconvulsum</strong></span> <span class='ocrx_word' id='word_1_482' title='bbox 1259 3842 1295 3896; x_wconf 83' lang='lat' dir='ltr'><strong>ab</strong></span> <span class='ocrx_word' id='word_1_483' title='bbox 1310 3842 1444 3898; x_wconf 86' lang='lat' dir='ltr'><strong>omnihus</strong></span> <span class='ocrx_word' id='word_1_484' title='bbox 1468 3843 1645 3912; x_wconf 71' lang='lat' dir='ltr'><strong>observetur,</strong></span> <span class='ocrx_word' id='word_1_485' title='bbox 1660 3860 1749 3898; x_wconf 79' lang='lat' dir='ltr'><strong>manu</strong></span> <span class='ocrx_word' id='word_1_486' title='bbox 1778 3843 1886 3917; x_wconf 68' lang='lat' dir='ltr'><strong>propris</strong></span> 
     </span>
     <span class='ocr_line' id='line_1_42' title="bbox 136 3921 1886 4003; baseline 0.002 -25"><span class='ocrx_word' id='word_1_487' title='bbox 136 3923 204 3978; x_wconf 92' lang='lat' dir='ltr'><strong>bilis</strong></span> <span class='ocrx_word' id='word_1_488' title='bbox 220 3927 248 3978; x_wconf 91' lang='lat' dir='ltr'><strong>et</strong></span> <span class='ocrx_word' id='word_1_489' title='bbox 262 3922 491 3977; x_wconf 87' lang='lat' dir='ltr'><strong>nosterdilectus</strong></span> <span class='ocrx_word' id='word_1_490' title='bbox 501 3921 768 3992; x_wconf 82' lang='lat' dir='ltr'><strong>episcopusnostrae</strong></span> <span class='ocrx_word' id='word_1_491' title='bbox 781 3921 896 3993; x_wconf 90' lang='lat' dir='ltr'><strong>pietatis</strong></span> <span class='ocrx_word' id='word_1_492' title='bbox 909 3921 991 3976; x_wconf 90' lang='lat' dir='ltr'><strong>celsi·</strong></span> <span class='ocrx_word' id='word_1_493' title='bbox 1043 3933 1247 3986; x_wconf 61' lang='lat' dir='ltr'><strong>mammantes</strong></span> <span class='ocrx_word' id='word_1_494' title='bbox 1262 3932 1353 3985; x_wconf 77' lang='lat' dir='ltr'><strong>nostri</strong></span> <span class='ocrx_word' id='word_1_495' title='bbox 1379 3931 1506 3986; x_wconf 81' lang='lat' dir='ltr'><strong>nominis</strong></span> <span class='ocrx_word' id='word_1_496' title='bbox 1524 3932 1663 4003; x_wconf 71' lang='lat' dir='ltr'><strong>inscripto</strong></span> <span class='ocrx_word' id='word_1_497' title='bbox 1692 3939 1837 3987; x_wconf 71' lang='lat' dir='ltr'><strong>caractere</strong></span> <span class='ocrx_word' id='word_1_498' title='bbox 1838 3971 1886 3988; x_wconf 79' lang='grc'><em>,,,,,</em></span> 
     </span>
     <span class='ocr_line' id='line_1_43' title="bbox 137 4008 1447 4091; baseline 0 -25"><span class='ocrx_word' id='word_1_499' title='bbox 137 4011 268 4067; x_wconf 86' lang='lat' dir='ltr'><strong>tudinem</strong></span> <span class='ocrx_word' id='word_1_500' title='bbox 298 4009 370 4064; x_wconf 88' lang='lat' dir='ltr'><strong>adiit</strong></span> <span class='ocrx_word' id='word_1_501' title='bbox 383 4008 552 4080; x_wconf 90' lang='lat' dir='ltr'><strong>suppliciter</strong></span> <span class='ocrx_word' id='word_1_502' title='bbox 558 4009 716 4080; x_wconf 91' lang='lat' dir='ltr'><strong>postulans,</strong></span> <span class='ocrx_word' id='word_1_503' title='bbox 724 4015 753 4062; x_wconf 90' lang='lat' dir='ltr'><strong>et</strong></span> <span class='ocrx_word' id='word_1_504' title='bbox 764 4009 812 4080; x_wconf 91' lang='lat' dir='ltr'><strong>pio</strong></span> <span class='ocrx_word' id='word_1_505' title='bbox 821 4010 989 4081; x_wconf 88' lang='lat' dir='ltr'><strong>sempiterni</strong></span> <span class='ocrx_word' id='word_1_506' title='bbox 1043 4021 1135 4075; x_wconf 66' lang='lat' dir='ltr'><strong>nostri</strong></span> <span class='ocrx_word' id='word_1_507' title='bbox 1147 4019 1233 4090; x_wconf 77' lang='lat' dir='ltr'><strong>sigini</strong></span> <span class='ocrx_word' id='word_1_508' title='bbox 1247 4018 1447 4091; x_wconf 68' lang='lat' dir='ltr'><strong>impressione,</strong></span> 
     </span>
     <span class='ocr_line' id='line_1_44' title="bbox 138 4097 1886 4181; baseline 0.001 -28"><span class='ocrx_word' id='word_1_509' title='bbox 138 4097 320 4154; x_wconf 89' lang='lat' dir='ltr'><strong>retributoris</strong></span> <span class='ocrx_word' id='word_1_510' title='bbox 335 4113 441 4158; x_wconf 85' lang='lat' dir='ltr'><strong>amore,</strong></span> <span class='ocrx_word' id='word_1_511' title='bbox 453 4103 482 4151; x_wconf 90' lang='lat' dir='ltr'><strong>et</strong></span> <span class='ocrx_word' id='word_1_512' title='bbox 496 4097 587 4151; x_wconf 91' lang='lat' dir='ltr'><strong>salute</strong></span> <span class='ocrx_word' id='word_1_513' title='bbox 603 4097 707 4152; x_wconf 83' lang='lat' dir='ltr'><strong>animae</strong></span> <span class='ocrx_word' id='word_1_514' title='bbox 736 4104 854 4166; x_wconf 81' lang='lat' dir='ltr'><strong>nostroe,</strong></span> <span class='ocrx_word' id='word_1_515' title='bbox 869 4098 988 4169; x_wconf 87' lang='lat' dir='ltr'><strong>ejusque</strong></span> <span class='ocrx_word' id='word_1_516' title='bbox 1078 4110 1193 4176; x_wconf 57' lang='lat' dir='ltr'><strong>signin,</strong></span> <span class='ocrx_word' id='word_1_517' title='bbox 1218 4109 1286 4163; x_wconf 63' lang='lat' dir='ltr'><strong>doni</strong></span> <span class='ocrx_word' id='word_1_518' title='bbox 1327 4110 1463 4178; x_wconf 58' lang='lat' dir='ltr'><strong>flmiicvs</strong></span> <span class='ocrx_word' id='word_1_519' title='bbox 1496 4110 1687 4177; x_wconf 67' lang='lat' dir='ltr'><strong>pioriosissimi</strong></span> <span class='ocrx_word' id='word_1_520' title='bbox 1719 4111 1886 4181; x_wconf 67' lang='lat' dir='ltr'><strong>impemtoeir</strong></span> 
     </span>
     <span class='ocr_line' id='line_1_45' title="bbox 139 4186 1290 4288; baseline -0.001 -45"><span class='ocrx_word' id='word_1_521' title='bbox 139 4189 241 4244; x_wconf 89' lang='lat' dir='ltr'><strong>collato</strong></span> <span class='ocrx_word' id='word_1_522' title='bbox 270 4192 299 4241; x_wconf 89' lang='lat' dir='ltr'><strong>et</strong></span> <span class='ocrx_word' id='word_1_523' title='bbox 323 4186 497 4241; x_wconf 87' lang='lat' dir='ltr'><strong>conferendo</strong></span> <span class='ocrx_word' id='word_1_524' title='bbox 520 4186 648 4255; x_wconf 90' lang='lat' dir='ltr'><strong>servitio,</strong></span> <span class='ocrx_word' id='word_1_525' title='bbox 677 4191 833 4258; x_wconf 90' lang='lat' dir='ltr'><strong>nostroque</strong></span> <span class='ocrx_word' id='word_1_526' title='bbox 866 4186 987 4260; x_wconf 90' lang='lat' dir='ltr'><strong>imperio</strong></span> <span class='ocrx_word' id='word_1_527' title='bbox 1003 4233 1025 4288; x_wconf 73' lang='lat' dir='ltr'>D</span> <span class='ocrx_word' id='word_1_528' title='bbox 1043 4212 1147 4266; x_wconf 64' lang='lat' dir='ltr'><strong>semper</strong></span> <span class='ocrx_word' id='word_1_529' title='bbox 1160 4198 1290 4265; x_wconf 63' lang='lat' dir='ltr'><strong>Augusti,</strong></span> 
     </span>
     <span class='ocr_line' id='line_1_46' title="bbox 139 4272 1886 4358; baseline 0.002 -30"><span class='ocrx_word' id='word_1_530' title='bbox 139 4274 333 4340; x_wconf 90' lang='lat' dir='ltr'><strong>sublimando,</strong></span> <span class='ocrx_word' id='word_1_531' title='bbox 349 4273 444 4327; x_wconf 92' lang='lat' dir='ltr'><strong>eidem</strong></span> <span class='ocrx_word' id='word_1_532' title='bbox 468 4272 497 4327; x_wconf 87' lang='lat' dir='ltr'><strong>S.</strong></span> <span class='ocrx_word' id='word_1_533' title='bbox 527 4273 640 4326; x_wconf 89' lang='lat' dir='ltr'><strong>matrici</strong></span> <span class='ocrx_word' id='word_1_534' title='bbox 656 4274 782 4328; x_wconf 80' lang='lat' dir='ltr'><strong>ecclesiae</strong></span> <span class='ocrx_word' id='word_1_535' title='bbox 797 4274 834 4329; x_wconf 87' lang='lat' dir='ltr'><strong>ad</strong></span> <span class='ocrx_word' id='word_1_536' title='bbox 848 4274 988 4330; x_wconf 89' lang='lat' dir='ltr'><strong>honorem</strong></span> <span class='ocrx_word' id='word_1_537' title='bbox 1080 4285 1230 4340; x_wconf 69' lang='lat' dir='ltr'><strong>Heinricus</strong></span> <span class='ocrx_word' id='word_1_538' title='bbox 1277 4285 1438 4340; x_wconf 65' lang='lat' dir='ltr'><strong>parmensis</strong></span> <span class='ocrx_word' id='word_1_539' title='bbox 1479 4285 1630 4358; x_wconf 63' lang='lat' dir='ltr'><strong>episeopus</strong></span> <span class='ocrx_word' id='word_1_540' title='bbox 1653 4291 1682 4340; x_wconf 66' lang='lat' dir='ltr'><strong>ei</strong></span> <span class='ocrx_word' id='word_1_541' title='bbox 1707 4285 1886 4341; x_wconf 65' lang='lat' dir='ltr'><strong>cancellarius</strong></span> 
     </span>
     <span class='ocr_line' id='line_1_47' title="bbox 140 4359 1887 4445; baseline 0.007 -28"><span class='ocrx_word' id='word_1_542' title='bbox 140 4362 192 4417; x_wconf 84' lang='lat' dir='ltr'><strong>Dei</strong></span> <span class='ocrx_word' id='word_1_543' title='bbox 225 4361 374 4418; x_wconf 88' lang='lat' dir='ltr'><strong>Genitricis</strong></span> <span class='ocrx_word' id='word_1_544' title='bbox 403 4367 438 4416; x_wconf 90' lang='lat' dir='ltr'><strong>et·</strong></span> <span class='ocrx_word' id='word_1_545' title='bbox 457 4359 581 4431; x_wconf 84' lang='lat' dir='ltr'><strong>Virginis</strong></span> <span class='ocrx_word' id='word_1_546' title='bbox 609 4362 702 4417; x_wconf 83' lang='lat' dir='ltr'><strong>itariae</strong></span> <span class='ocrx_word' id='word_1_547' title='bbox 720 4362 819 4416; x_wconf 81' lang='lat' dir='ltr'><strong>dicatae</strong></span> <span class='ocrx_word' id='word_1_548' title='bbox 844 4363 989 4435; x_wconf 89' lang='lat' dir='ltr'><strong>quandam</strong></span> <span class='ocrx_word' id='word_1_549' title='bbox 1044 4373 1105 4429; x_wconf 73' lang='lat' dir='ltr'><strong>vice</strong></span> <span class='ocrx_word' id='word_1_550' title='bbox 1137 4374 1271 4429; x_wconf 80' lang='lat' dir='ltr'><strong>Everardi</strong></span> <span class='ocrx_word' id='word_1_551' title='bbox 1314 4375 1442 4445; x_wconf 89' lang='lat' dir='ltr'><strong>episcopi</strong></span> <span class='ocrx_word' id='word_1_552' title='bbox 1481 4379 1510 4430; x_wconf 88' lang='lat' dir='ltr'><strong>et</strong></span> <span class='ocrx_word' id='word_1_553' title='bbox 1548 4374 1793 4431; x_wconf 84' lang='lat' dir='ltr'><strong>archicancellarii</strong></span> <span class='ocrx_word' id='word_1_554' title='bbox 1819 4389 1887 4430; x_wconf 76' lang='lat' dir='ltr'><strong>recu</strong></span> 
     </span>
     <span class='ocr_line' id='line_1_48' title="bbox 140 4449 1152 4535; baseline 0 -29"><span class='ocrx_word' id='word_1_555' title='bbox 140 4457 263 4517; x_wconf 89' lang='lat' dir='ltr'><strong>curtem,</strong></span> <span class='ocrx_word' id='word_1_556' title='bbox 278 4450 488 4505; x_wconf 89' lang='lat' dir='ltr'><strong>cumomnibus</strong></span> <span class='ocrx_word' id='word_1_557' title='bbox 515 4449 573 4503; x_wconf 89' lang='lat' dir='ltr'><strong>suis</strong></span> <span class='ocrx_word' id='word_1_558' title='bbox 588 4449 780 4520; x_wconf 89' lang='lat' dir='ltr'><strong>pertinentiis,</strong></span> <span class='ocrx_word' id='word_1_559' title='bbox 801 4468 865 4523; x_wconf 84' lang='lat' dir='ltr'><strong>quae</strong></span> <span class='ocrx_word' id='word_1_560' title='bbox 885 4452 990 4507; x_wconf 90' lang='lat' dir='ltr'><strong>dicitur</strong></span> <span class='ocrx_word' id='word_1_561' title='bbox 1044 4462 1152 4535; x_wconf 63' lang='grc' dir='ltr'>μονὴ,</span> 
     </span>
     <span class='ocr_line' id='line_1_49' title="bbox 140 4538 1887 4618; baseline 0.001 -24"><span class='ocrx_word' id='word_1_562' title='bbox 140 4541 207 4595; x_wconf 86' lang='lat' dir='ltr'><strong>villa</strong></span> <span class='ocrx_word' id='word_1_563' title='bbox 222 4541 446 4604; x_wconf 88' lang='lat' dir='ltr'><strong>Branzanorum,</strong></span> <span class='ocrx_word' id='word_1_564' title='bbox 463 4555 528 4609; x_wconf 83' lang='lat' dir='ltr'><strong>quae</strong></span> <span class='ocrx_word' id='word_1_565' title='bbox 542 4538 596 4594; x_wconf 89' lang='lat' dir='ltr'><strong>fuit</strong></span> <span class='ocrx_word' id='word_1_566' title='bbox 610 4538 763 4594; x_wconf 75' lang='lat' dir='ltr'><strong>hereditas</strong></span> <span class='ocrx_word' id='word_1_567' title='bbox 779 4544 806 4595; x_wconf 90' lang='lat' dir='ltr'><strong>et</strong></span> <span class='ocrx_word' id='word_1_568' title='bbox 829 4541 989 4611; x_wconf 86' lang='lat' dir='ltr'><strong>proprietas</strong></span> <span class='ocrx_word' id='word_1_569' title='bbox 1081 4552 1160 4605; x_wconf 67' lang='lat' dir='ltr'><strong>nati,</strong></span> <span class='ocrx_word' id='word_1_570' title='bbox 1177 4567 1203 4604; x_wconf 70' lang='lat' dir='ltr'><strong>vi</strong></span> <span class='ocrx_word' id='word_1_571' title='bbox 1219 4551 1290 4604; x_wconf 75' lang='lat' dir='ltr'><strong>Non,</strong></span> <span class='ocrx_word' id='word_1_572' title='bbox 1304 4550 1428 4618; x_wconf 56' lang='lat' dir='ltr'><strong>octobr„</strong></span> <span class='ocrx_word' id='word_1_573' title='bbox 1445 4567 1491 4605; x_wconf 74' lang='lat' dir='ltr'><strong>an,</strong></span> <span class='ocrx_word' id='word_1_574' title='bbox 1514 4550 1670 4605; x_wconf 69' lang='lat' dir='ltr'><strong>nominicae</strong></span> <span class='ocrx_word' id='word_1_575' title='bbox 1690 4549 1887 4607; x_wconf 63' lang='lat' dir='ltr'><strong>incarnationi,</strong></span> 
     </span>
     <span class='ocr_line' id='line_1_50' title="bbox 140 4627 1889 4712; baseline 0 -28"><span class='ocrx_word' id='word_1_576' title='bbox 140 4628 266 4685; x_wconf 75' lang='lat' dir='ltr'><strong>filfot&#39;tlm</strong></span> <span class='ocrx_word' id='word_1_577' title='bbox 281 4627 393 4683; x_wconf 72' lang='lat' dir='ltr'><strong>comilis</strong></span> <span class='ocrx_word' id='word_1_578' title='bbox 415 4627 561 4698; x_wconf 73' lang='lat' dir='ltr'><strong>Sigifl&#39;edf‚</strong></span> <span class='ocrx_word' id='word_1_579' title='bbox 589 4627 754 4699; x_wconf 73' lang='lat' dir='ltr'><strong>Berengttrfl</strong></span> <span class='ocrx_word' id='word_1_580' title='bbox 777 4629 894 4699; x_wconf 87' lang='lat' dir='ltr'><strong>Ugonis,</strong></span> <span class='ocrx_word' id='word_1_581' title='bbox 919 4645 988 4682; x_wconf 87' lang='lat' dir='ltr'><strong>eun-</strong></span> <span class='ocrx_word' id='word_1_582' title='bbox 1045 4639 1125 4706; x_wconf 65' lang='lat' dir='ltr'><strong>{Oi-²3,</strong></span> <span class='ocrx_word' id='word_1_583' title='bbox 1149 4637 1209 4693; x_wconf 74' lang='lat' dir='ltr'><strong>ind,</strong></span> <span class='ocrx_word' id='word_1_584' title='bbox 1242 4655 1302 4705; x_wconf 61' lang='lat'>1111,</span> <span class='ocrx_word' id='word_1_585' title='bbox 1327 4639 1486 4708; x_wconf 70' lang='lat' dir='ltr'><strong>regnivero</strong></span> <span class='ocrx_word' id='word_1_586' title='bbox 1508 4639 1540 4694; x_wconf 70' lang='lat' dir='ltr'><strong>D,</strong></span> <span class='ocrx_word' id='word_1_587' title='bbox 1564 4639 1680 4694; x_wconf 72' lang='lat' dir='ltr'><strong>Hem-ici</strong></span> <span class='ocrx_word' id='word_1_588' title='bbox 1713 4637 1889 4712; x_wconf 66' lang='lat' dir='ltr'><strong>imperatoris</strong></span> 
     </span>
     <span class='ocr_line' id='line_1_51' title="bbox 138 4716 1591 4799; baseline 0.002 -27"><span class='ocrx_word' id='word_1_589' title='bbox 138 4718 238 4773; x_wconf 87' lang='lat' dir='ltr'><strong>cedere</strong></span> <span class='ocrx_word' id='word_1_590' title='bbox 249 4722 277 4773; x_wconf 90' lang='lat' dir='ltr'><strong>et</strong></span> <span class='ocrx_word' id='word_1_591' title='bbox 296 4717 405 4773; x_wconf 89' lang='lat' dir='ltr'><strong>donare</strong></span> <span class='ocrx_word' id='word_1_592' title='bbox 419 4716 623 4788; x_wconf 89' lang='lat' dir='ltr'><strong>dignaremur;</strong></span> <span class='ocrx_word' id='word_1_593' title='bbox 640 4734 775 4789; x_wconf 89' lang='lat' dir='ltr'><strong>quornm,</strong></span> <span class='ocrx_word' id='word_1_594' title='bbox 801 4716 937 4789; x_wconf 90' lang='lat' dir='ltr'><strong>quoniam</strong></span> <span class='ocrx_word' id='word_1_595' title='bbox 958 4717 989 4771; x_wconf 92' lang='lat' dir='ltr'><strong>iu</strong></span> <span class='ocrx_word' id='word_1_596' title='bbox 1044 4726 1164 4796; x_wconf 75' lang='lat' dir='ltr'><strong>Augusti</strong></span> <span class='ocrx_word' id='word_1_597' title='bbox 1178 4743 1232 4789; x_wconf 69' lang='lat' dir='ltr'><strong>xiv,</strong></span> <span class='ocrx_word' id='word_1_598' title='bbox 1249 4726 1475 4799; x_wconf 70' lang='lat' dir='ltr'><strong>imperitantem</strong></span> <span class='ocrx_word' id='word_1_599' title='bbox 1490 4728 1591 4798; x_wconf 74' lang='lat' dir='ltr'><strong>ejusn.</strong></span> 
     </span>
     <span class='ocr_line' id='line_1_52' title="bbox 138 4804 1608 4887; baseline -0.001 -25"><span class='ocrx_word' id='word_1_600' title='bbox 138 4823 191 4862; x_wconf 92' lang='lat' dir='ltr'><strong>nos</strong></span> <span class='ocrx_word' id='word_1_601' title='bbox 216 4805 302 4861; x_wconf 90' lang='lat' dir='ltr'><strong>nimis</strong></span> <span class='ocrx_word' id='word_1_602' title='bbox 335 4804 513 4860; x_wconf 77' lang='lat' dir='ltr'><strong>offendentes</strong></span> <span class='ocrx_word' id='word_1_603' title='bbox 552 4809 651 4860; x_wconf 87' lang='lat' dir='ltr'><strong>contra</strong></span> <span class='ocrx_word' id='word_1_604' title='bbox 679 4811 809 4860; x_wconf 89' lang='lat' dir='ltr'><strong>nostrum</strong></span> <span class='ocrx_word' id='word_1_605' title='bbox 835 4805 989 4875; x_wconf 89' lang='lat' dir='ltr'><strong>imperium</strong></span> <span class='ocrx_word' id='word_1_606' title='bbox 1079 4820 1180 4870; x_wconf 70' lang='lat' dir='ltr'><strong>Actum</strong></span> <span class='ocrx_word' id='word_1_607' title='bbox 1191 4816 1356 4887; x_wconf 64' lang='lat' dir='ltr'><strong>meresburg</strong></span> <span class='ocrx_word' id='word_1_608' title='bbox 1366 4816 1496 4871; x_wconf 67' lang='lat' dir='ltr'><strong>feliciter,</strong></span> <span class='ocrx_word' id='word_1_609' title='bbox 1508 4820 1608 4872; x_wconf 63' lang='lat' dir='ltr'><strong>Amin,</strong></span> 
     </span>
     <span class='ocr_line' id='line_1_53' title="bbox 139 4893 1514 4965; baseline -0.001 -16"><span class='ocrx_word' id='word_1_610' title='bbox 139 4896 214 4949; x_wconf 90' lang='lat' dir='ltr'><strong>male</strong></span> <span class='ocrx_word' id='word_1_611' title='bbox 226 4898 430 4959; x_wconf 86' lang='lat' dir='ltr'><strong>tractaverunt,</strong></span> <span class='ocrx_word' id='word_1_612' title='bbox 446 4898 474 4948; x_wconf 90' lang='lat' dir='ltr'><strong>et</strong></span> <span class='ocrx_word' id='word_1_613' title='bbox 502 4894 614 4965; x_wconf 89' lang='lat' dir='ltr'><strong>perjuri</strong></span> <span class='ocrx_word' id='word_1_614' title='bbox 633 4900 720 4965; x_wconf 88' lang='lat' dir='ltr'><strong>atque</strong></span> <span class='ocrx_word' id='word_1_615' title='bbox 744 4895 786 4950; x_wconf 89' lang='lat' dir='ltr'><strong>rei</strong></span> <span class='ocrx_word' id='word_1_616' title='bbox 810 4893 840 4947; x_wconf 94' lang='lat' dir='ltr'><strong>in</strong></span> <span class='ocrx_word' id='word_1_617' title='bbox 861 4897 989 4947; x_wconf 86' lang='lat' dir='ltr'><strong>nostram</strong></span> <span class='ocrx_word' id='word_1_618' title='bbox 1432 4905 1514 4960; x_wconf 68' lang='grc' dir='ltr'><strong>χρη,</strong></span> 
     </span>
     <span class='ocr_line' id='line_1_54' title="bbox 138 4981 1893 5066; baseline 0.007 -28"><span class='ocrx_word' id='word_1_619' title='bbox 138 4985 318 5054; x_wconf 86' lang='lat' dir='ltr'><strong>majestatem</strong></span> <span class='ocrx_word' id='word_1_620' title='bbox 334 4982 449 5054; x_wconf 85' lang='lat' dir='ltr'><strong>publice</strong></span> <span class='ocrx_word' id='word_1_621' title='bbox 469 4983 648 5049; x_wconf 85' lang='lat' dir='ltr'><strong>exstiterunt,</strong></span> <span class='ocrx_word' id='word_1_622' title='bbox 661 4983 727 5052; x_wconf 88' lang='lat' dir='ltr'><strong>jure</strong></span> <span class='ocrx_word' id='word_1_623' title='bbox 737 4999 770 5037; x_wconf 90' lang='lat' dir='ltr'><strong>ac</strong></span> <span class='ocrx_word' id='word_1_624' title='bbox 785 4981 918 5052; x_wconf 87' lang='lat' dir='ltr'><strong>legaliter</strong></span> <span class='ocrx_word' id='word_1_625' title='bbox 929 4998 989 5037; x_wconf 93' lang='lat' dir='ltr'><strong>non</strong></span> <span class='ocrx_word' id='word_1_626' title='bbox 1044 4991 1073 5047; x_wconf 81' lang='lat' dir='ltr'><strong>s,</strong></span> <span class='ocrx_word' id='word_1_627' title='bbox 1093 4993 1225 5047; x_wconf 77' lang='lat' dir='ltr'><strong>flenricus</strong></span> <span class='ocrx_word' id='word_1_628' title='bbox 1243 4992 1366 5048; x_wconf 74' lang='lat' dir='ltr'><strong>Ecclesia</strong></span> <span class='ocrx_word' id='word_1_629' title='bbox 1389 4994 1608 5050; x_wconf 81' lang='lat' dir='ltr'><strong>Puderbomeusi</strong></span> <span class='ocrx_word' id='word_1_630' title='bbox 1630 4993 1740 5064; x_wconf 80' lang='lat' dir='ltr'><strong>pradia</strong></span> <span class='ocrx_word' id='word_1_631' title='bbox 1768 4993 1893 5066; x_wconf 62' lang='lat' dir='ltr'><strong>gudan</strong></span> 
     </span>
     <span class='ocr_line' id='line_1_55' title="bbox 138 5070 1520 5143; baseline 0.001 -17"><span class='ocrx_word' id='word_1_632' title='bbox 138 5074 231 5126; x_wconf 90' lang='lat' dir='ltr'><strong>sotum</strong></span> <span class='ocrx_word' id='word_1_633' title='bbox 246 5072 318 5137; x_wconf 75' lang='lat' dir='ltr'><strong>hec,</strong></span> <span class='ocrx_word' id='word_1_634' title='bbox 340 5071 388 5127; x_wconf 89' lang='lat' dir='ltr'><strong>sed</strong></span> <span class='ocrx_word' id='word_1_635' title='bbox 412 5077 439 5125; x_wconf 93' lang='lat' dir='ltr'><strong>et</strong></span> <span class='ocrx_word' id='word_1_636' title='bbox 459 5070 558 5126; x_wconf 89' lang='lat' dir='ltr'><strong>omnia</strong></span> <span class='ocrx_word' id='word_1_637' title='bbox 586 5087 651 5143; x_wconf 83' lang='lat' dir='ltr'><strong>quae</strong></span> <span class='ocrx_word' id='word_1_638' title='bbox 680 5072 850 5136; x_wconf 87' lang='lat' dir='ltr'><strong>babuerunt,</strong></span> <span class='ocrx_word' id='word_1_639' title='bbox 876 5071 912 5125; x_wconf 93' lang='lat' dir='ltr'><strong>ad</strong></span> <span class='ocrx_word' id='word_1_640' title='bbox 936 5087 989 5125; x_wconf 93' lang='lat' dir='ltr'><strong>uo·</strong></span> <span class='ocrx_word' id='word_1_641' title='bbox 1426 5075 1520 5129; x_wconf 83' lang='lat' dir='ltr'><strong>donat.</strong></span> 
     </span>
     <span class='ocr_line' id='line_1_56' title="bbox 139 5159 1574 5232; baseline 0.003 -20"><span class='ocrx_word' id='word_1_642' title='bbox 139 5163 230 5214; x_wconf 81' lang='lat' dir='ltr'><strong>strum</strong></span> <span class='ocrx_word' id='word_1_643' title='bbox 245 5161 394 5230; x_wconf 91' lang='lat' dir='ltr'><strong>publicum</strong></span> <span class='ocrx_word' id='word_1_644' title='bbox 403 5161 592 5228; x_wconf 89' lang='lat' dir='ltr'><strong>devenerunt,</strong></span> <span class='ocrx_word' id='word_1_645' title='bbox 608 5159 684 5214; x_wconf 87' lang='lat' dir='ltr'><strong>unde</strong></span> <span class='ocrx_word' id='word_1_646' title='bbox 709 5177 760 5215; x_wconf 94' lang='lat' dir='ltr'><strong>sua</strong></span> <span class='ocrx_word' id='word_1_647' title='bbox 775 5160 872 5214; x_wconf 90' lang='lat' dir='ltr'><strong>omnia</strong></span> <span class='ocrx_word' id='word_1_648' title='bbox 884 5160 988 5214; x_wconf 90' lang='lat' dir='ltr'><strong>merito</strong></span> <span class='ocrx_word' id='word_1_649' title='bbox 1377 5164 1471 5232; x_wconf 80' lang='lat' dir='ltr'><strong>(Anno</strong></span> <span class='ocrx_word' id='word_1_650' title='bbox 1484 5165 1574 5231; x_wconf 84' lang='lat' dir='ltr'><strong>iota.)</strong></span> 
     </span>
     <span class='ocr_line' id='line_1_57' title="bbox 140 5247 1752 5322; baseline 0.004 -22"><span class='ocrx_word' id='word_1_651' title='bbox 140 5248 274 5318; x_wconf 87' lang='lat' dir='ltr'><strong>perdunt,</strong></span> <span class='ocrx_word' id='word_1_652' title='bbox 297 5248 347 5319; x_wconf 84' lang='lat' dir='ltr'><strong>qiii</strong></span> <span class='ocrx_word' id='word_1_653' title='bbox 362 5249 482 5320; x_wconf 89' lang='lat' dir='ltr'><strong>seipsos</strong></span> <span class='ocrx_word' id='word_1_654' title='bbox 505 5247 594 5320; x_wconf 89' lang='lat' dir='ltr'><strong>gratis</strong></span> <span class='ocrx_word' id='word_1_655' title='bbox 613 5247 809 5317; x_wconf 89' lang='lat' dir='ltr'><strong>perdiderunt,</strong></span> <span class='ocrx_word' id='word_1_656' title='bbox 825 5249 905 5313; x_wconf 77' lang='lat' dir='ltr'><strong>dirui,</strong></span> <span class='ocrx_word' id='word_1_657' title='bbox 920 5248 988 5303; x_wconf 88' lang='lat' dir='ltr'><strong>fidei</strong></span> <span class='ocrx_word' id='word_1_658' title='bbox 1187 5250 1267 5320; x_wconf 79' lang='lat' dir='ltr'><strong>[coo.</strong></span> <span class='ocrx_word' id='word_1_659' title='bbox 1289 5249 1402 5320; x_wconf 82' lang='lat' dir='ltr'><strong>diplom.</strong></span> <span class='ocrx_word' id='word_1_660' title='bbox 1427 5253 1496 5305; x_wconf 85' lang='lat' dir='ltr'><strong>llist.</strong></span> <span class='ocrx_word' id='word_1_661' title='bbox 1517 5251 1652 5320; x_wconf 64' lang='lat' dir='ltr'><strong>Wcstpb„</strong></span> <span class='ocrx_word' id='word_1_662' title='bbox 1667 5268 1696 5322; x_wconf 92' lang='lat' dir='ltr'><strong>p.</strong></span> <span class='ocrx_word' id='word_1_663' title='bbox 1712 5249 1752 5322; x_wconf 80' lang='lat'><strong>7]</strong></span> 
     </span>
     <span class='ocr_line' id='line_1_58' title="bbox 139 5335 1896 5407; baseline 0.002 -16"><span class='ocrx_word' id='word_1_664' title='bbox 139 5335 244 5391; x_wconf 82' lang='lat' dir='ltr'><strong>debitae</strong></span> <span class='ocrx_word' id='word_1_665' title='bbox 259 5336 467 5403; x_wconf 87' lang='lat' dir='ltr'><strong>obliviscentes,</strong></span> <span class='ocrx_word' id='word_1_666' title='bbox 481 5336 512 5391; x_wconf 96' lang='lat' dir='ltr'><strong>in</strong></span> <span class='ocrx_word' id='word_1_667' title='bbox 530 5341 628 5391; x_wconf 89' lang='lat' dir='ltr'><strong>nostra</strong></span> <span class='ocrx_word' id='word_1_668' title='bbox 650 5335 786 5392; x_wconf 86' lang='lat' dir='ltr'><strong>fidelitate</strong></span> <span class='ocrx_word' id='word_1_669' title='bbox 800 5337 987 5391; x_wconf 89' lang='lat' dir='ltr'><strong>minimedn·</strong></span> <span class='ocrx_word' id='word_1_670' title='bbox 1079 5340 1108 5394; x_wconf 81' lang='lat' dir='ltr'><strong>C.</strong></span> <span class='ocrx_word' id='word_1_671' title='bbox 1135 5339 1167 5392; x_wconf 91' lang='lat' dir='ltr'><strong>ln</strong></span> <span class='ocrx_word' id='word_1_672' title='bbox 1205 5339 1323 5393; x_wconf 87' lang='lat' dir='ltr'><strong>nomine</strong></span> <span class='ocrx_word' id='word_1_673' title='bbox 1357 5345 1463 5394; x_wconf 79' lang='lat' dir='ltr'><strong>sanctie</strong></span> <span class='ocrx_word' id='word_1_674' title='bbox 1495 5346 1525 5394; x_wconf 87' lang='lat' dir='ltr'><strong>et</strong></span> <span class='ocrx_word' id='word_1_675' title='bbox 1548 5339 1703 5395; x_wconf 72' lang='lat' dir='ltr'><strong>individuae</strong></span> <span class='ocrx_word' id='word_1_676' title='bbox 1737 5339 1896 5407; x_wconf 83' lang='lat' dir='ltr'><strong>Trinitatis,</strong></span> 
     </span>
     <span class='ocr_line' id='line_1_59' title="bbox 139 5424 1895 5500; baseline 0.001 -19"><span class='ocrx_word' id='word_1_677' title='bbox 139 5430 285 5492; x_wconf 78' lang='lat' dir='ltr'><strong>raserunt,</strong></span> <span class='ocrx_word' id='word_1_678' title='bbox 312 5431 341 5479; x_wconf 86' lang='lat' dir='ltr'><strong>et</strong></span> <span class='ocrx_word' id='word_1_679' title='bbox 367 5430 464 5479; x_wconf 89' lang='lat' dir='ltr'><strong>nostru</strong></span> <span class='ocrx_word' id='word_1_680' title='bbox 496 5425 614 5480; x_wconf 90' lang='lat' dir='ltr'><strong>inimico</strong></span> <span class='ocrx_word' id='word_1_681' title='bbox 636 5424 768 5495; x_wconf 89' lang='lat' dir='ltr'><strong>jurantes</strong></span> <span class='ocrx_word' id='word_1_682' title='bbox 793 5426 985 5480; x_wconf 71' lang='lat' dir='ltr'><strong>adhaeserunt.</strong></span> <span class='ocrx_word' id='word_1_683' title='bbox 1044 5426 1895 5500; x_wconf 76' lang='lat' dir='ltr'><strong>HarunrcusDeigratialiomanurnmimperatoritugustus.</strong></span> 
     </span>
     <span class='ocr_line' id='line_1_60' title="bbox 139 5512 1896 5587; baseline 0.001 -17"><span class='ocrx_word' id='word_1_684' title='bbox 139 5512 217 5570; x_wconf 81' lang='lat' dir='ltr'><strong>lianc</strong></span> <span class='ocrx_word' id='word_1_685' title='bbox 231 5530 300 5586; x_wconf 84' lang='lat' dir='ltr'><strong>ergo</strong></span> <span class='ocrx_word' id='word_1_686' title='bbox 312 5513 535 5586; x_wconf 87' lang='lat' dir='ltr'><strong>postulationem</strong></span> <span class='ocrx_word' id='word_1_687' title='bbox 554 5515 671 5587; x_wconf 87' lang='lat' dir='ltr'><strong>dignam</strong></span> <span class='ocrx_word' id='word_1_688' title='bbox 690 5518 720 5569; x_wconf 83' lang='lat' dir='ltr'><strong>st</strong></span> <span class='ocrx_word' id='word_1_689' title='bbox 750 5517 842 5568; x_wconf 83' lang='lat' dir='ltr'><strong>ratam</strong></span> <span class='ocrx_word' id='word_1_690' title='bbox 869 5514 985 5586; x_wconf 90' lang='lat' dir='ltr'><strong>prospi-</strong></span> <span class='ocrx_word' id='word_1_691' title='bbox 1078 5514 1107 5570; x_wconf 88' lang='lat' dir='ltr'><strong>Si</strong></span> <span class='ocrx_word' id='word_1_692' title='bbox 1131 5515 1318 5572; x_wconf 86' lang='lat' dir='ltr'><strong>ecclesiarum</strong></span> <span class='ocrx_word' id='word_1_693' title='bbox 1333 5515 1383 5572; x_wconf 86' lang='lat' dir='ltr'><strong>Dei</strong></span> <span class='ocrx_word' id='word_1_694' title='bbox 1411 5515 1664 5572; x_wconf 80' lang='lat' dir='ltr'><strong>sublimationibus</strong></span> <span class='ocrx_word' id='word_1_695' title='bbox 1689 5514 1772 5572; x_wconf 88' lang='lat' dir='ltr'><strong>omni</strong></span> <span class='ocrx_word' id='word_1_696' title='bbox 1801 5515 1896 5572; x_wconf 83' lang='lat' dir='ltr'><strong>studio</strong></span> 
     </span>
    </p>
   </div>
   <div class='ocr_carea' id='block_1_5' title="bbox 0 0 1944 6112">
    <p class='ocr_par' dir='ltr' id='par_1_5' title="bbox 0 0 1944 6112">
     <span class='ocr_line' id='line_1_61' title="bbox 0 0 1944 6112; baseline 0 0"><span class='ocrx_word' id='word_1_697' title='bbox 0 0 1944 6112; x_wconf 95' lang='lat' dir='ltr'><strong> </strong></span> 
     </span>
    </p>
   </div>
  </div>
 </body>
</html>
