3878 6112
90 182 141 236 883
628 183 832 239 BURGIIARDI
849 181 1119 240 wonltaclattsts
1136 178 1306 236 uniscunt.
1334 238 1337 243 ,
1792 177 1846 231 884

88 302 378 357 caussassedictum.
402 302 565 359 Secundum
585 311 682 360 autem
703 307 767 361 ideo
797 307 1020 364 montitusain
1044 304 1280 377 Synonimis:ln
1303 301 1388 357 malis
1412 299 1571 373 promissis,
1602 299 1733 355 resciatis
1744 299 1843 355 fidem.

88 393 140 458 cst,
168 391 218 462 qui
246 391 352 445 retinet
377 393 546 447 nonnullam
579 393 820 448 benevolentiam.
858 396 936 449 Idem
993 397 1025 449 In
1040 393 1118 465 turpi
1129 398 1194 446 voto
1209 395 1241 444 ut
1260 391 1403 445 adecreto
1421 388 1498 459 qnod
1524 389 1637 442 incaute
1653 387 1758 442 novisti
1787 403 1846 441 non

88 479 149 548 ipse
177 479 254 541 alibi,
284 495 341 533 non
366 480 484 543 auferat,
520 481 625 550 inquit,
650 482 753 536 veritas
778 483 938 537 misericor·
993 482 1087 536 facias.
1115 480 1207 550 Impia
1229 484 1271 533 est
1290 478 1455 549 promissio,
1487 492 1552 547 quae
1576 477 1682 530 scelere
1705 475 1844 545 adlmple·

89 567 178 633 diam,
195 583 252 621 non
266 568 425 622 ambulabit
441 567 471 622 in
496 569 541 622 via
557 569 682 635 Domini,
698 570 728 623 in
743 586 801 641 qua
830 571 941 626 miseri·
992 575 1050 625 tur.
1069 569 1147 624 Unde
1160 583 1275 622 necesse
1298 571 1350 632 est,
1368 571 1400 620 ut
1423 566 1497 619 male
1509 565 1620 634 jurans,
1651 563 1770 634 dignam
1790 580 1845 634 poe·

88 655 186 710 cordia
200 660 227 709 et
243 657 345 710 veritas
360 656 548 711 obviaverunt
561 657 623 711 sibi.
644 658 714 712 IIInc
737 659 836 713 heatus
864 661 941 729 Papa
994 659 1144 714 nitentiam
1160 655 1497 727 egat,eoquodnon1en
1521 653 1635 707 Domini
1648 659 1749 707 contra
1773 669 1843 723 pree·

89 744 253 814 Gregorius,
277 744 405 798 inlibris
432 745 592 814 Moralium,
609 745 649 800 sic
669 747 730 801 ait:
759 748 830 801 Cum
859 763 941 801 mens
994 752 1109 818 ceptum
1123 745 1200 799 itlius
1213 743 1336 813 sumpsit
1351 743 1381 796 iu
1394 758 1509 807 vanum,
1524 741 1592 814 quia
1609 742 1638 795 in
1653 741 1753 796 Exodo
1775 740 1845 795 scri-

90 832 167 887 Inter
188 832 312 899 miuora,
344 833 512 887 etmaxima
535 839 649 904 peccata
674 835 891 906 constringitur,
917 835 941 890 si
995 840 1077 907 plum
1105 837 1148 888 est
1165 848 1171 887 :
1189 833 1245 886 Noc
1270 834 1349 884 onim
1377 830 1522 883 iasonlem
1547 828 1667 883 habebit
1707 829 1843 884 Dominus

91 921 210 976 omnino
226 921 322 975 nullus
337 920 398 974 sine
421 926 536 990 peccato
565 922 704 976 evadendi
730 922 825 976 aditus
851 927 940 993 patet,
996 939 1063 979 eum
1076 923 1124 994 qui
1136 918 1323 990 assumpserit
1338 935 1445 974 nomen
1465 917 1579 972 Domini
1599 917 1650 972 Dei
1663 918 1708 972 sui
1730 918 1842 972 frustra.

92 1008 941 1081 minorasempereligantur:quiaetquimurorumam-
996 1013 1030 1064 Et
1045 1012 1075 1064 ln
1091 1008 1316 1063 LeviticozNon
1331 1006 1473 1077 pejerabis
1491 1006 1521 1058 in
1544 1004 1663 1058 nominc
1687 1021 1766 1072 meo,
1795 1021 1843 1060 nec

91 1096 330 1167 hitu,ne1ugiat‚
356 1097 508 1163 clauditur,
539 1098 578 1152 ihi
599 1114 628 1152 se
658 1099 689 1152 ln
712 1098 810 1170 fugam
838 1098 943 1170 praeci-
995 1095 1354 1170 polluesnomenDomIni
1379 1095 1429 1150 Dei
1444 1094 1509 1149 tui:
1540 1110 1594 1165 ego
1622 1094 1775 1149 Dominus.
1792 1095 1842 1147 Ta·

92 1185 161 1256 piat,
177 1185 225 1239 ubi
240 1185 354 1239 brevior
369 1202 468 1240 mitras
490 1187 647 1241 invenitur.
665 1188 735 1242 llinc
761 1193 790 1242 et
818 1188 943 1242 Isidorus
997 1188 1186 1242 menmalum
1212 1185 1287 1256 quod
1316 1185 1504 1239 lacturumse
1521 1187 1700 1237 sacramento
1726 1182 1841 1237 devore-

91 1273 133 1326 ait
148 1288 155 1326 :
171 1273 359 1327 Tolerabilius
386 1279 429 1328 est
458 1275 535 1328 enlm
564 1291 622 1329 non
644 1276 763 1347 implere
784 1292 944 1330 sacramen·
998 1275 1174 1330 ratomnino
1194 1290 1252 1328 non
1267 1273 1374 1328 iaciat:
1403 1271 1571 1344 quiastulta
1592 1277 1659 1327 rota
1678 1270 1833 1343 frangenda

92 1364 166 1422 tum,
190 1376 277 1432 quam
292 1378 462 1432 permanere
486 1362 518 1416 in
541 1363 634 1435 stupri
658 1365 778 1436 flagitio.
807 1364 944 1420 Similiter
998 1370 1074 1420 sunt.

764 1485 853 1526 FINIS
874 1485 964 1526 LIBRI
987 1484 1176 1526 uuouactttt.

432 1747 580 1821 INDEX
608 1749 954 1824 CAPITULORUM
982 1751 1110 1824 LIBRI
1141 1749 1307 1824 DECIMI
1337 1751 1507 1827 TERTll.

98 1900 162 1955 Cen.
182 1902 206 1954 l.
223 1900 262 1953 De
278 1898 475 1955 observatione
490 1900 730 1972 Quadragesimae.
961 1906 981 1959 B
1002 1907 1045 1959 17.
1062 1905 1101 1958 De
1117 1904 1218 1958 eadem
1233 1920 1272 1958 re.

97 1992 124 2044 2.
142 1988 182 2042 De
193 1987 305 2058 jejumo
319 1988 447 2052 Quetuor
461 1991 644 2059 Temporum.
1004 1994 1046 2047 18.
1072 1994 1110 2048 Da
1138 1992 1193 2047 hoc
1220 1992 1245 2046 si
1260 1992 1388 2047 evenerit
1401 1990 1575 2062 pestilentia,
1601 1991 1648 2046 val
1670 1990 1847 2063 inaequalitas

99 2078 126 2132 3.
142 2077 203 2142 Quo
219 2080 349 2148 tempore
365 2077 400 2132 ad
418 2077 535 2132 missam
556 2080 693 2146 flectamus
715 2094 803 2148 genua
825 2078 881 2134 dici
898 2079 948 2135 de·
1038 2081 1123 2136 aeris.

135 2165 210 2220 beat.
611 2168 615 2173 '
1005 2173 1046 2224 19.
1065 2171 1100 2224 Ut
1114 2169 1210 2224 nullus
1238 2169 1268 2223 in
1297 2168 1446 2224 Dominica
1470 2168 1515 2224 die
1537 2184 1591 2240 pro
1613 2167 1789 2225 abstinentia
1805 2168 1846 2240 je·

99 2253 126 2308 4.
144 2254 183 2308 De
197 2252 318 2324 illisqui
332 2253 472 2309 iudictum
484 2256 628 2328 jejunium
640 2256 876 2328 contempserint.
1036 2259 1129 2329 junet.

100 2346 127 2397 5.
142 2343 181 2396 De
196 2343 296 2397 eadem
312 2358 352 2396 re.
1003 2348 1048 2402 20.
1066 2349 1106 2402 De
1121 2348 1222 2401 eadam
1234 2362 1276 2401 re.

100 2433 127 2485 o.
144 2431 183 2484 De
200 2430 316 2484 Letania
330 2432 438 2501 majore
454 2434 601 2503 quomodo
624 2432 800 2489 observanda
815 2433 860 2489 sit.
1003 2435 1047 2488 21.
1066 2434 1101 2488 Ut
1115 2434 1219 2505 placita
1238 2433 1387 2489 saeculoria
1410 2432 1441 2488 in
1464 2432 1564 2488 diebus
1585 2432 1755 2501 Dominicis,
1784 2433 1848 2488 etin

99 2524 127 2576 7.
145 2520 184 2574 De
197 2519 307 2590 jejunio
322 2521 523 2592 Rogationum.
1040 2523 1192 2594 praecipuis
1226 2523 1317 2592 festis,
1341 2527 1369 2577 et
1398 2522 1428 2576 ia
1457 2522 1557 2576 diebus
1583 2522 1764 2593 jejuniorum
1795 2539 1849 2577 non

101 2610 127 2663 8.
141 2609 178 2662 Ut
191 2608 221 2661 in
234 2624 314 2663 coena
330 2609 456 2679 Domini,
473 2615 505 2665 ut
519 2610 549 2664 in
577 2610 696 2682 reliquis
719 2610 951 2682 Quadragesimae
1040 2612 1120 2665 liant.

137 2695 239 2751 diebus
248 2697 392 2768 jaJ'unium
405 2715 464 2753 non
481 2701 613 2754 solvatur.
1004 2702 1048 2754 22.
1067 2700 1101 2753 Ut
1121 2699 1267 2770 jejunium
1282 2700 1391 2772 absque
1405 2699 1470 2754 cibo
1486 2700 1606 2755 luxuriae
1630 2700 1777 2754 observari
1804 2701 1848 2755 de·

102 2787 128 2839 9.
146 2785 181 2839 Ut
195 2784 227 2838 in
242 2785 365 2841 Sabbato
377 2793 475 2841 sancto
485 2787 631 2859 jejunium
647 2792 713 2842 ante
731 2787 824 2843 noctis
836 2788 952 2843 Initium
1040 2787 1117 2842 beat.

138 2889 196 2927 non
211 2874 347 2930 solvatur.
1006 2878 1050 2932 23.
1066 2876 1310 2948 thuotidIanum
1321 2876 1466 2948 ieiunium
1485 2876 1597 2931 nonsit
1625 2876 1687 2932 sine
1702 2877 1848 2932 relectione

107 2964 149 3017 ID.
175 2961 257 3025 Quod
282 2979 342 3016 non
362 2967 493 3034 oporteat
520 2962 552 3018 in
576 2964 799 3036 Quadragesima
821 2964 953 3020 natalicia
1043 2963 1150 3035 aliqua.

140 3056 305 3106 sanctorum
320 3051 469 3107 celebrari,
1006 3053 1050 3106 21.
1065 3054 1104 3107 De
1119 3053 1220 3107 eadem
1233 3069 1274 3107 re.
1377 3058 1380 3064 ’

107 3143 149 3195 11.
167 3140 248 3204 Quod
262 3140 294 3194 in
310 3141 409 3196 diebus
429 3141 534 3212 jejnnIi
549 3141 731 3212 eleemosyna
753 3141 790 3195 sit
812 3141 951 3196 facienda.
968 3180 989 3237 C
1006 3141 1051 3193 25.
1067 3140 1148 3204 Quod
1161 3140 1306 3211 jejunium
1320 3145 1400 3195 curet
1414 3140 1534 3195 vulnera
1544 3141 1751 3213 delinquentis.

108 3231 150 3283 12.
179 3230 212 3282 Ut
241 3228 271 3301 in
301 3228 524 3298 Quadragesima
555 3234 670 3299 tempus
696 3229 812 3300 prandii
840 3246 953 3284 conser-
1008 3229 1052 3281 26.
1071 3229 1108 3282 Dc
1121 3228 1249 3298 quodam
1277 3228 1421 3282 Alcibiade
1437 3228 1487 3300 qui
1510 3227 1565 3284 sihi
1587 3245 1674 3300 grave
1695 3230 1847 3301 jugumje·

141 3321 233 3371 vetur.
1040 3315 1117 3385 junii
1133 3316 1320 3388 imposuerat.

109 3406 151 3459 13.
181 3404 261 3469 Quod
285 3404 316 3459 in
342 3404 442 3459 diebus
457 3404 637 3477 J'ejnniorum
669 3406 748 3460 nulla
773 3405 871 3476 jurgia
895 3422 955 3461 esse
1010 3405 1054 3460 2¹1.
1072 3406 1110 3458 De
1127 3405 1225 3476 coqui
1247 3405 1298 3460 sub
1315 3405 1595 3476 obtentureligionis
1611 3405 1673 3460 sine
1696 3408 1780 3479 jussu
1795 3405 1848 3477 epi-

143 3492 275 3548 debeant.
1045 3494 1124 3564 scopi
1139 3495 1183 3547 sui
1193 3494 1237 3547 vet
1250 3493 1409 3564 presbyteri
1421 3493 1567 3564 jejunium
1582 3494 1636 3549 sibi
1654 3495 1786 3567 lmponit.

110 3582 151 3635 11.
167 3583 202 3637 Ut
212 3582 243 3635 In
258 3582 315 3636 ints
335 3582 451 3636 sacratis
464 3581 564 3638 diebus
583 3582 764 3654 jejuniorum
778 3583 956 3655 conjugalia
1009 3585 1053 3637 28.
1071 3584 1103 3636 Ut
1117 3582 1215 3636 nullus
1229 3582 1407 3636 Christianus
1422 3582 1491 3636 dum
1515 3589 1614 3637 sancta
1637 3585 1701 3638 loca
1716 3601 1767 3656 pro
1783 3600 1849 3638 rere-

144 3669 313 3740 conjugibus
328 3686 358 3725 se
378 3670 522 3727 abstInere
536 3672 670 3727 debeant.
1046 3671 1140 3725 rentia
1155 3671 1280 3741 potierit,
1305 3671 1427 3743 alicujus
1441 3671 1565 3742 publica
1587 3674 1738 3743 potestatis
1762 3673 1849 3728 hanno

110 3761 153 3815 15.
168 3760 208 3813 De
223 3759 268 3813 his
281 3760 331 3830 qui
359 3760 388 3814 iu
401 3762 476 3815 clero
490 3765 566 3830 sunt,
590 3767 619 3816 et
643 3762 772 3817 carnium
797 3777 878 3817 osum
905 3761 957 3818 ha·
1045 3759 1152 3814 ibidem
1160 3759 1381 3830 constringatur.

143 3847 397 3903 buerintexosum.

240 3936 245 3947 .
271 3936 276 3947 .
303 3937 308 3948 .
1241 3884 1346 3940 Indicis
1359 3885 1541 3955 capitulorum
1553 3887 1629 3954 pois.

112 3939 153 3991 to.
168 3937 208 3991 De
220 3938 325 4007 vigilus
340 3941 513 3992 sanctorum.

690 4182 1286 4308 BURCHARDI

608 4384 812 4440 ECCLESIAE
839 4382 1152 4441 woattaclauffls
1181 4384 1369 4440 EPISCOPI

112 4550 683 4706 DECRETORUM
737 4552 988 4704 LIBER
1057 4549 1430 4705 DECIMUS
1494 4548 1852 4706 TERTIUS

864 4803 915 4868 DE
937 4803 1108 4870 JEJUNIO.

349 5083 595 5141 ARGUMENTDM
613 5084 718 5140 LIBRI.
975 5082 997 5136 D
1106 5082 1170 5137 Can.
1189 5084 1213 5136 1.
1228 5082 1316 5136 -De
1338 5081 1521 5136 obseruatione
1544 5080 1775 5150 Quadrupestmae.

147 5175 232 5230 Libro
260 5176 314 5230 hoc
343 5175 378 5229 de
411 5172 609 5228 observatione
642 5173 821 5244 utilitateque
844 5170 959 5243 jejunii,
1050 5175 1105 5238 (Il-c
1119 5174 1197 5241 epist.
1227 5172 1332 5238 Grecos
1363 5172 1464 5239 papa.)
1493 5168 1720 5239 QuadragesIma
1752 5182 1860 5223 summa

111 5263 234 5318 maxime
248 5276 344 5318 autem
365 5264 400 5318 de
419 5261 531 5334 jejunio
554 5261 808 5332 Quadragesimali,
833 5261 961 5326 Qtretuor
1015 5260 1211 5314 observatione
1224 5264 1267 5313 est
1280 5258 1466 5323 observande,
1480 5262 1512 5311 ut
1529 5257 1673 5329 jejunium
1688 5257 1720 5311 In
1736 5274 1770 5312 ea
1790 5272 1861 5328 pra·

112 5354 297 5422 Temporum,
312 5351 494 5423 aliorumque
507 5351 543 5406 ab
572 5350 695 5405 Ecclesia
709 5350 917 5416 institutorum,
932 5354 960 5404 et
1014 5353 1057 5403 ter
1073 5348 1236 5403 Dominicos
1252 5348 1303 5419 qui
1317 5348 1353 5403 de
1367 5346 1540 5402 abstinentia
1551 5345 1687 5401 subtracti
1713 5351 1791 5410 sont,
1809 5344 1861 5400 nisi

112 5439 279 5495 eorumdem
295 5439 492 5505 ululatoribus,
505 5439 610 5509 agitur.
1013 5453 1100 5508 quem
1131 5436 1284 5490 iufirmitas
1312 5435 1486 5507 impedierit,
1520 5435 1685 5489 nullatenus
1715 5435 1860 5489 solvatur:
