3878 6112
91 258 152 310 luit
626 252 828 312 concauam
848 253 1114 312 woauaclausm
1133 251 1300 312 eetscorl.
1771 260 1839 311 tusa

89 377 186 434 ridere
197 392 283 449 quem
298 377 430 434 ridebat?
444 376 498 434 Sed
514 393 546 432 ex
563 379 616 433 hac
629 379 691 450 ejus
717 378 856 449 petitione
875 379 934 432 col·
949 379 972 433 A
991 379 1152 443 hominum,
1169 394 1233 433 cam
1255 377 1296 432 eis
1319 377 1369 449 qui
1396 377 1431 431 de
1448 381 1530 449 patre
1559 379 1622 448 ejus
1645 384 1741 443 eraut,
1773 381 1839 450 igne

86 466 197 537 ligitur,
215 468 282 537 qaia
297 483 363 522 eum
389 468 503 522 sitiebat
526 482 577 538 per
600 467 853 538 incircumscriptae
880 484 933 521 na·
991 472 1098 522 aterno
1119 468 1273 521 mittendus
1294 471 1347 531 est,
1364 466 1432 520 dum
1458 467 1586 521 sublatus
1601 467 1690 522 lrrerit
1708 468 1840 523 diabolus

87 563 162 611 ture
178 572 238 610 suae
253 557 410 610 claritatem
427 572 552 624 caruere,
564 571 650 627 quem
662 555 722 626 jam
738 561 863 626 coeperat
885 571 937 627 per
991 561 1022 608 ut
1037 556 1207 610 damnetur:
1226 555 1309 609 multi
1324 554 1406 609 electi
1431 555 1480 624 qui
1496 555 1526 609 in
1546 561 1745 626 corporesunt
1762 560 1840 610 inre·

88 645 226 716 quasdam
247 645 387 714 imagines
411 645 517 710 videre,
556 649 584 698 el
607 645 647 698 sic
667 660 792 714 superna
813 645 936 698 essentia
991 644 1239 709 niendi,llomino
1260 642 1450 713 adjudicium
1471 644 1614 712 veniente,
1639 650 1719 699 metu
1734 660 1841 698 conen·

89 732 371 803 mentisejnsoeulis
390 733 511 796 adesset,
528 739 669 804 qnatenus
689 733 767 787 eiad
791 735 935 787 aeternita-
990 733 1079 788 licndi
1109 738 1184 794 srmt,
1215 732 1343 786 ridentes
1370 733 1419 786 tali
1454 733 1594 786 sententia
1622 733 1752 804 impium
1784 750 1840 787 asse

87 822 125 877 tis
138 821 277 876 visionem
294 823 373 876 nulla
392 822 487 893 imago
503 827 597 876 creata
620 823 818 892 temporaliter
843 823 934 877 inter·
990 822 1141 891 punitum;
1156 838 1213 892 quo
1226 830 1333 875 terrore
1348 820 1491 891 purgandi
1503 827 1579 888 sunt,
1593 821 1663 893 quia
1677 822 1702 875 si
1717 821 1790 892 quid
1802 822 1842 874 eis

88 915 172 967 esset.
200 912 232 965 Et
255 911 388 966 viderunt
417 927 485 982 ergo
512 912 607 966 Patres
630 911 803 966 Testamenti
829 911 936 966 Veteris
989 925 1023 964 ex
1057 925 1173 980 corpore
1200 909 1294 963 adhuc
1319 908 1429 979 peccati
1456 910 1636 975 remanserit,
1665 915 1747 964 metu
1780 910 1840 980 ipso

90 1000 427 1066 Dominumettameu,
441 1001 522 1070 juxta
546 1000 665 1055 loannis
693 1002 815 1054 vocem}
846 1002 935 1054 Derim
990 998 1066 1068 quod
1079 998 1223 1052 diabolum
1249 997 1380 1052 damnari
1402 998 1594 1068 conspiciant,
1618 999 1835 1069 purgabuntur.

89 1088 418 1159 nemoriditunquam;
439 1089 556 1159 etjuxta
581 1089 656 1143 berni
676 1089 728 1144 lob
752 1090 935 1155 sententiam,
991 1086 1351 1158 llincestquodaitiub:
1381 1087 1451 1142 Cum
1473 1087 1602 1141 sublatus
1625 1086 1725 1149 luerit,
1758 1088 1839 1140 time·

89 1176 232 1247 sapientia
256 1192 321 1247 quae
352 1178 426 1231 lJeus
449 1183 502 1245 est,
530 1178 693 1232 abscondita
721 1183 763 1232 est
790 1178 826 1232 ab
847 1178 936 1232 oculis
990 1176 1063 1230 bunt
1077 1175 1183 1246 augeli,
1199 1178 1228 1229 et
1245 1173 1370 1228 exterriti
1400 1177 1609 1245 purgabuntur.
1636 1174 1840 1246 ldrrltosposse

89 1271 219 1324 omnium
236 1269 404 1335 alventium,
420 1270 488 1340 quia
503 1272 533 1323 in
549 1271 601 1324 hac
616 1270 731 1324 mortali
754 1284 840 1324 earne
865 1286 936 1324 eon-
990 1265 1085 1334 perire
1101 1279 1134 1318 ex
1154 1263 1195 1317 eis
1209 1263 1240 1317 in
1254 1264 1301 1318 die
1312 1262 1423 1333 judicii,
1438 1263 1488 1335 qui
1509 1278 1585 1317 nunc
1606 1265 1691 1318 electi
1716 1280 1782 1318 esse
1803 1264 1838 1317 ri·

89 1354 256 1409 sistentibus
286 1357 314 1407 el
337 1354 427 1409 rideri
459 1353 554 1424 potnit
580 1371 631 1426 [er
651 1355 786 1425 quasdam
815 1355 936 1408 circum-
991 1354 1096 1408 dentur
1119 1358 1147 1407 at
1169 1351 1269 1420 sancti,
1305 1353 1387 1406 docet
1412 1352 1580 1421 Propheta:
1601 1352 1721 1407 Vocat-it
1750 1353 1840 1407 Domi·

88 1445 208 1515 scriptas
223 1443 374 1514 imagines,
386 1449 415 1497 et
431 1443 520 1497 rideri
536 1459 593 1497 non
610 1448 701 1515 potest
716 1459 768 1515 per
782 1444 936 1497 incircum·
991 1458 1045 1496 nus
1055 1441 1196 1513 judicium
1212 1440 1247 1495 ad
1267 1440 1375 1511 iguem,
1391 1445 1420 1493 et
1433 1438 1580 1494 devorabit
1608 1440 1747 1513 abyssum
1769 1441 1838 1494 mul-

87 1533 227 1604 seriptum
255 1534 352 1586 lumen
376 1531 553 1586 aternitatis.
578 1533 628 1588 Sin
642 1548 710 1586 vero
731 1549 747 1585 a
764 1532 935 1602 quibasdam
991 1536 1059 1598 lam,
1074 1535 1101 1583 et
1114 1530 1245 1584 comedet
1258 1533 1369 1599 partem
1393 1529 1504 1582 domus.
1529 1530 1597 1583 Pars
1611 1531 1723 1600 quippe
1738 1529 1840 1584 domus

89 1636 145 1674 non
161 1624 256 1692 potest
270 1620 300 1673 in
322 1621 374 1675 hac
389 1620 482 1674 adhuc
511 1619 624 1674 mortali
647 1636 732 1676 carne
756 1621 971 1713 consistenti·B
991 1618 1185 1685 devorabitur,
1210 1616 1277 1689 quia
1305 1616 1371 1670 illos
1396 1614 1482 1670 etiarn
1506 1615 1637 1670 infernus
1665 1616 1839 1683 absorbebit,

88 1709 153 1774 bas,
184 1708 233 1762 sed
260 1713 356 1762 lamen
397 1708 589 1765 inestimabili
614 1709 719 1763 virtute
744 1709 936 1764 crescentibus
991 1706 1216 1779 quinancsein
1245 1702 1571 1775 praeceptiscoelestibns
1597 1705 1773 1775 gloriantur.
1805 1707 1841 1760 na

89 1797 216 1867 quodam
232 1797 482 1867 contemplationis
507 1796 638 1851 acumine
662 1802 769 1851 aeterna
788 1796 936 1852 Deiclari·
990 1796 1096 1868 quibus
1110 1800 1138 1850 et
1152 1794 1290 1849 Dominus
1304 1792 1489 1848 dicilzllulti
1512 1792 1607 1847 dicent
1632 1793 1707 1847 mibi
1735 1793 1767 1848 in
1795 1794 1841 1847 illa

88 1889 131 1940 las
148 1885 237 1939 rideri
251 1889 354 1955 potest.
990 1883 1037 1938 die
1052 1898 1060 1938 ε
1077 1883 1207 1948 Domine,
1237 1881 1367 1946 Domine,
1389 1896 1486 1935 nonne
1511 1880 1541 1934 in
1558 1879 1681 1935 nonaine
1692 1884 1745 1935 tao
1773 1897 1841 1950 pro·

178 1972 846 2042 Car.llCl.-Deduplictpoeuodumnetcrum.
989 1970 1191 2043 phetarimus?
1219 1970 1250 2024 in
1278 1970 1395 2025 nominc
1427 1974 1479 2024 tuo
1506 1968 1651 2024 daemonia
1685 1969 1840 2040 ejecimus?

125 2062 178 2133 (Ec
190 2061 272 2115 dictis
286 2059 411 2129 isidori.)
440 2062 548 2132 Duplex
572 2061 773 2116 damnatorum
794 2077 879 2133 poena
894 2065 937 2118 est
989 2060 1109 2114 virtutes
1126 2059 1230 2113 multas
1245 2057 1382 2112 fecimus?
1400 2059 1478 2112 Tunc
1499 2057 1662 2112 confitebor
1680 2057 1751 2124 illis,
1776 2057 1841 2129 qaia

7 2198 13 2209 .
87 2149 118 2205 in
150 2150 292 2220 gebenna.
321 2151 448 2214 Quorum
473 2155 500 2204 el
528 2157 653 2205 mentem
674 2151 732 2206 urit
757 2152 883 2217 tristitia,
909 2157 938 2207 et
990 2147 1569 2219 nunquamnorivos:discediteame,
1600 2147 1653 2217 qui
1680 2147 1839 2218 operamini

88 2255 194 2310 corpus
208 2238 325 2293 flamma
340 2255 346 2292 :
360 2240 444 2310 juxta
456 2239 692 2301 vicissitudinem.
706 2246 737 2294 ut
750 2241 826 2312 quod
841 2245 936 2295 meula
990 2238 1183 2308 iniquitatem,
1198 2235 1293 2290 nescio
1308 2234 1358 2305 qui
1372 2234 1450 2289 estis.

88 2332 291 2392 tractaverunt,
327 2328 404 2398 quod
432 2327 603 2398 perlicerent
633 2344 764 2400 corpore,
795 2329 879 2385 simul
909 2335 938 2385 et
1178 2325 1242 2380 Cae.
1267 2324 1355 2380 llClll.
1372 2325 1654 2381 -ueamtcnrtstc

88 2415 401 2485 animopuniauturel
419 2431 546 2487 corpure.
563 2418 661 2486 lgnem
678 2417 935 2488 gehennaeadali·
1026 2414 1080 2486 (Ec
1109 2415 1191 2469 dictis
1217 2413 1358 2484 ejusdcm.)
1385 2413 1484 2469 Omnis
1508 2414 1558 2486 qui
1586 2414 1752 2468 secandum
1775 2429 1836 2484 pro

89 2503 269 2574 quidlnmen
288 2504 401 2570 habere,
428 2504 662 2574 adaliquidnon
683 2504 874 2560 heberelloc
894 2508 938 2559 est
990 2502 1122 2558 fessionis
1150 2519 1209 2558 suaa
1238 2518 1380 2570 normam,
1420 2507 1469 2556 aut
1500 2518 1560 2557 non
1592 2502 1674 2570 sivit,
1708 2506 1761 2557 aut
1790 2502 1840 2556 ali·

88 2590 195 2647 lrabere
216 2593 314 2647 lumen
342 2592 377 2646 ad
407 2593 631 2660 damnationem,
663 2598 693 2648 at
716 2594 830 2648 rideant
854 2592 937 2665 impii
990 2596 1034 2647 ter
1063 2593 1154 2659 docet,
1182 2591 1374 2646 Antichristus
1404 2595 1455 2645 cst.
1490 2592 1623 2661 Plerique
1649 2596 1751 2646 aulem
1776 2595 1841 2646 sunt

88 2680 166 2734 uude
182 2680 306 2746 doleant,
320 2686 349 2734 et
363 2696 421 2735 non
442 2682 547 2735 habere
574 2682 608 2735 ad
632 2682 869 2747 consolationem,
900 2698 936 2736 nc
991 2680 1216 2752 quiAntichristi
1231 2686 1362 2749 tempora
1377 2695 1434 2734 non
1448 2678 1534 2732 visuri
1550 2683 1627 2744 sont,
1644 2684 1788 2732 ettamen
1811 2678 1840 2732 in

88 2768 204 2822 videant
218 2770 294 2824 unde
309 2769 464 2839 gaudeant.
480 2772 554 2839 Apta
574 2771 611 2825 sit
626 2771 802 2842 comparatio
824 2770 937 2825 camino
991 2769 1126 2825 membris
1143 2768 1307 2822 antichristi
1324 2768 1490 2822 inveniendi
1505 2773 1581 2821 sunt.
1601 2768 1768 2837 Antequam
1794 2783 1838 2820 re·

90 2857 178 2912 trium
195 2873 352 2928 puerorum
368 2859 404 2913 ad
420 2860 582 2927 exemplum
598 2858 673 2930 ignis
692 2859 842 2931 gehenuae.
865 2859 936 2913 Nam
992 2859 1051 2912 nial
1064 2857 1265 2921 Antichristus,
1284 2856 1373 2910 malta
1388 2856 1516 2910 membra
1534 2857 1594 2926 ejus
1619 2861 1837 2926 precessemnt,

90 2944 164 3000 sicut
178 2946 227 2999 ille
242 2946 317 3017 ignis
329 2963 387 3001 non
404 2947 473 3001 arsil
492 2947 528 3002 ad
550 2947 637 3002 trium
656 2962 810 3018 puerorum
831 2936 974 3017 suppli-G
993 2951 1023 3002 et
1035 2963 1128 3017 prave
1144 2945 1263 3000 actionis
1283 2945 1386 2998 merito
1413 2948 1499 3014 capnt
1526 2944 1677 3015 proprium
1692 2960 1838 3015 praesens·

90 3033 178 3100 cium,
195 3038 224 3088 ct
237 3034 308 3088 arsit
326 3035 362 3090 ad
373 3035 567 3089 comburenda
583 3036 721 3106 ligamina
736 3034 936 3089 vinculorum:
991 3043 1069 3102 runt,
1087 3035 1243 3088 secundum
1268 3032 1396 3103 Apostoli
1425 3032 1606 3092 sententiam,
1638 3032 1689 3104 qui
1703 3033 1765 3104 jam
1791 3033 1840 3087 ini-

88 3121 130 3176 ita
142 3122 217 3192 ignis
232 3122 383 3192 gehennae,
399 3130 428 3176 et
442 3123 549 3176 lucebit
562 3124 674 3177 miseris
689 3124 724 3177 ad
748 3129 935 3193 augmentum
992 3122 1109 3195 quitatis
1123 3122 1291 3194 mysterium
1304 3121 1417 3191 operari
1432 3120 1514 3175 illum
1536 3121 1671 3188 allirmat,
1688 3123 1778 3176 etiem
1791 3137 1839 3175 en·

88 3226 251 3281 paenarum,
269 3210 938 3276 utrideantundedoleant,etnonlucebitad
991 3218 1108 3282 tequam
1139 3211 1288 3265 reveletur.
1318 3209 1482 3280 Magnitudo
1503 3209 1653 3280 signorum
1675 3210 1763 3264 faciet
1790 3209 1839 3263 sub

89 3298 325 3364 consolationem,
366 3313 402 3352 ne
430 3299 544 3353 videant
571 3298 647 3353 unde
676 3300 830 3370 gaudeant.
862 3300 939 3355 later
990 3299 1176 3367 Antichrislo,
1194 3305 1226 3354 ut
1255 3298 1350 3363 electi,
1374 3297 1397 3352 si
1426 3297 1490 3352 lieri
1516 3303 1620 3368 polest,
1652 3299 1682 3352 in
1714 3314 1838 3353 errorem

89 3384 176 3455 liujus
202 3386 265 3440 vitea
290 3392 319 3440 et
343 3387 448 3441 lutnrae
470 3388 644 3442 infelicitatis
668 3387 824 3456 miseriam,
847 3389 938 3443 multa
992 3388 1151 3444 mittantur,
1168 3387 1222 3442 Sed
1237 3386 1260 3441 si
1276 3387 1369 3454 electi,
1383 3386 1530 3457 quomodo
1557 3390 1625 3440 sunt
1653 3387 1684 3440 in
1714 3403 1837 3441 errorem

90 3472 222 3529 discretio
238 3480 289 3529 est.
308 3475 368 3530 lllic
383 3477 460 3530 enim
486 3482 514 3530 ct
535 3476 649 3530 miseria
670 3481 713 3531 est
735 3482 853 3547 propter
872 3493 937 3531 crn-
990 3476 1145 3530 mittendi?
1163 3476 1233 3544 Ergo
1249 3475 1333 3529 ibunt
1345 3475 1375 3528 in
1390 3490 1516 3528 errorem
1532 3474 1715 3528 titubationis
1726 3476 1767 3545 {ad
1785 3491 1836 3529 mo

89 3561 243 3616 clationem
270 3562 412 3628 dolorum,
438 3568 466 3617 et
479 3563 605 3618 tenebrae
624 3571 743 3634 propter
764 3564 835 3618 lueis
861 3580 939 3619 aver·
991 3566 1086 3621 dicum
1103 3581 1154 3636 pro
1169 3564 1353 3619 multitudine
1368 3564 1565 3634 prodigiorum
1582 3579 1658 3618 :non
1675 3571 1773 3618 tamen
1789 3566 1835 3618 de·

88 3649 210 3704 sionem.
224 3651 352 3714 Quorum
370 3666 458 3705 uniam
473 3652 501 3705 in
529 3652 583 3706 bac
606 3653 672 3721 rita,
695 3652 798 3720 idest,
823 3653 938 3708 miseria
987 3655 1106 3727 jiciendi
1125 3657 1191 3707 srrnt
1218 3653 1254 3707 ab
1266 3652 1422 3707 stabilitate
1443 3669 1505 3720 sua,
1532 3655 1677 3706 terrorum
1702 3654 1835 3725 impulsu,

88 3743 141 3805 est,
158 3739 234 3794 aliud
252 3755 309 3793 nou
327 3745 379 3794 est.
397 3740 555 3795 ininferna
570 3747 668 3795 autem
684 3747 850 3812 utrumque.
991 3749 1076 3815 atque
1092 3742 1249 3813 signorum.
1266 3742 1345 3796 Unde
1361 3741 1598 3811 etideoponitur,
1611 3741 1635 3795 si
1652 3740 1719 3796 lieri
1730 3745 1833 3814 potest:

244 3829 309 3884 Cae.
327 3829 406 3884 xttl.
421 3858 456 3869 -
473 3831 508 3884 lle
521 3832 607 3900 porris
624 3832 781 3900 impiorum.
990 3832 1059 3905 qnia
1071 3831 1152 3886 electi
1168 3832 1264 3901 perire
1279 3845 1337 3884 non
1352 3835 1480 3900 pussant,
1497 3829 1544 3883 sed
1561 3829 1617 3883 cito
1640 3831 1835 3901 resipiscentes

124 3915 179 3987 (aa
202 3916 283 3972 dictis
306 3916 449 3987 ejusdem.)
475 3917 553 3972 Sicut
576 3917 702 3972 fasciculi
735 3917 880 3988 lignorum
901 3918 938 3974 ad
990 3920 1084 3975 cordis
1100 3934 1227 3974 errorem
1241 3918 1380 3989 religione
1405 3918 1599 3972 coercebunt:
1627 3919 1835 3991 scientasprre·

88 4004 317 4059 combustionem
341 4006 484 4060 similibus
510 4007 693 4077 colligantur,
718 4006 757 4061 ile
782 4007 810 4061 in
836 4006 937 4077 judicii
991 4007 1350 4075 dictumallominocsse,
1377 4006 1492 4060 ntdum
1519 4006 1573 4061 hoc
1599 4006 1725 4063 fecerint
1744 4007 1834 4062 adrer-

88 4092 484 4165 dieeimilisculprareisuis
502 4094 643 4149 similibus
658 4095 828 4166 jungentur,
852 4101 884 4150 ut
903 4111 937 4150 ex
991 4095 1367 4166 sarii,uonconturbentar
1394 4094 1492 4148 sancti.
1520 4093 1581 4148 lam
1610 4093 1687 4148 mira
1718 4095 1836 4150 tacturas

89 4196 173 4252 raquo
189 4198 273 4252 poena
296 4183 473 4253 constringat
495 4183 578 4254 quasi
606 4183 636 4237 in
659 4183 836 4252 fasciculum,
865 4200 973 4272 quos„
992 4191 1036 4240 ost
1050 4184 1182 4255 prodigia
1195 4187 1223 4237 et
1245 4183 1336 4252 signu,
1363 4183 1431 4238 dum
1454 4182 1563 4237 venerit
1577 4182 1773 4239 Antichristus
1787 4201 1793 4237 :
1809 4187 1837 4236 ut

89 4270 162 4324 aetio
190 4271 296 4324 similes
324 4270 390 4324 lecit
423 4271 454 4324 in
481 4272 599 4324 malum.
633 4271 710 4326 Sleul
739 4273 936 4344 uniusquisque
992 4273 1078 4329 etiarn
1094 4273 1192 4327 electis
1206 4271 1350 4342 quoddam
1377 4271 1472 4326 cordis
1496 4272 1635 4343 gignatur
1660 4272 1835 4345 scrupulum,

89 4364 202 4412 sanctus
234 4359 263 4411 in
298 4358 396 4412 lutura
426 4358 536 4428 judicio
563 4374 615 4429 pro
647 4362 807 4430 quantitate
847 4361 935 4417 virtu-

88 4450 150 4498 lum
177 4445 394 4514 glorificabitur,
425 4445 465 4499 ita
487 4451 516 4499 et
533 4447 730 4518 uniusquisque
752 4448 859 4518 impius
882 4466 935 4520 pro

88 4532 250 4602 quantitate
279 4532 440 4588 facinorum
480 4535 728 4590 condemnabitur.
755 4537 810 4591 Nee
845 4538 936 4593 deerit

88 4618 119 4674 in
133 4619 271 4690 supplicio
299 4620 413 4675 laturus
443 4622 635 4677 damnationis
661 4625 740 4678 ordo.
772 4625 826 4680 Sed
852 4626 936 4696 juxta

89 4708 257 4780 qualitatem
299 4711 454 4766 criminum
500 4711 634 4767 discretio
675 4712 730 4768 erit
773 4729 932 4785 pennarum,

87 4797 229 4867 propbeta
244 4798 401 4854 firmante.-
433 4801 471 4854 lle
495 4801 647 4855 charorum
675 4817 791 4873 quoque
817 4819 934 4859 snorum

87 4885 245 4957 suppliciis,
261 4888 377 4942 additur
390 4887 476 4942 etiam
491 4905 576 4960 poena
588 4890 738 4945 defunctis.
755 4891 833 4947 Sicut
859 4893 933 4963 apud

86 4975 193 5030 inferus
209 4976 290 5031 diviti
305 4992 398 5031 sermo
428 4978 563 5047 predicat
583 4979 787 5049 evangelicus:
817 4980 857 5035 sic
883 4997 935 5052 pro

87 5065 218 5134 augendo
232 5066 313 5120 ludae
328 5065 479 5136 supplicio,
495 5067 565 5121 dicit
579 5068 667 5122 etiam
683 5069 811 5123 Psalmus
826 5085 832 5123 :
850 5070 932 5125 Com·

87 5151 159 5207 moti
170 5158 340 5208 moveantur
353 5153 404 5209 lllii
418 5155 490 5222 eius,
505 5160 533 5209 et
544 5156 717 5210 mendicent.
734 5157 817 5228 lmpii
832 5173 863 5211 ex
881 5158 933 5212 boc

87 5239 187 5294 durius
201 5241 353 5312 injudicio
377 5243 516 5313 puniendi
546 5248 611 5298 sunl
636 5245 740 5299 mentis
768 5247 876 5314 dolore,
900 5262 931 5300 ex

87 5343 146 5399 quo
160 5328 248 5383 risrrri
262 5335 329 5384 sunt
339 5331 429 5400 justos
443 5331 541 5403 glorias
556 5331 767 5388 beatitudinem
782 5335 930 5390 meruisse.

86 5415 203 5472 Cunctis
234 5417 396 5474 ridentibus
438 5425 480 5474 est
521 5421 746 5491 praecipitandus
790 5422 930 5489 diabolus,

87 5505 204 5578 qnando
218 5505 270 5562 aab
294 5511 410 5578 aspectu
438 5509 568 5564 omnium
594 5509 736 5567 bonorum
760 5511 932 5582 angelorum

991 4362 1068 4436 qnod
1084 4369 1142 4417 tam
1158 4362 1213 4416 cito
1226 4364 1376 4431 casrrperet
1391 4362 1419 4414 in
1435 4360 1492 4414 illis
1508 4361 1590 4428 ratio,
1607 4376 1662 4431 pro
1679 4377 1740 4433 qua
1754 4363 1836 4416 scient

990 4453 1021 4506 in
1034 4449 1202 4522 deceptione
1216 4448 1416 4520 reproborum,
1444 4454 1472 4502 et
1486 4449 1643 4504 electorum
1671 4451 1836 4520 probatione

990 4541 1089 4596 eadem
1106 4538 1169 4594 fleri
1198 4538 1289 4610 signe,
1303 4536 1333 4591 in
1368 4552 1426 4607 quo
1448 4543 1577 4608 tempore
1592 4553 1646 4607 per
1670 4539 1834 4609 patientiam

990 4627 1105 4702 gloriosi
1121 4631 1206 4681 erunt
1220 4624 1319 4693 saneti,
1336 4640 1395 4678 non
1408 4640 1462 4694 per
1483 4624 1631 4694 miracula,
1647 4625 1725 4681 sicut
1753 4624 1837 4681 sancti

990 4722 1129 4790 martyres
1143 4716 1261 4771 fuernnl
1282 4714 1414 4785 priores:
1431 4713 1473 4768 illi
1488 4713 1566 4768 enlm
1592 4720 1621 4769 et
1643 4723 1835 4785 persecutores

990 4807 1196 4862 sustinuerunt.
1212 4810 1239 4858 el
1254 4803 1388 4858 facientes
1403 4803 1546 4874 prodigia.
1564 4802 1690 4858 Proinde
1705 4811 1734 4859 et
1745 4803 1836 4860 darius

991 4896 1098 4951 bellum
1116 4893 1297 4949 sustinebunt
1312 4891 1400 4962 :qaia
1429 4907 1488 4946 uon
1515 4893 1609 4946 solnm
1632 4897 1834 4965 contraperse·

989 4988 1120 5056 queutas,
1137 4981 1185 5037 sed
1198 4982 1285 5036 etiarn
1299 4986 1398 5034 contra
1419 4980 1565 5034 miraculis
1586 4990 1771 5037 coruscantes
1797 4981 1834 5035 di·

990 5071 1121 5126 micaluri
1148 5073 1223 5124 snut.
1241 5068 1358 5124 Gravius
1384 5067 1437 5122 sub
1463 5067 1632 5123 Antichristi
1659 5069 1834 5142 temporibus

988 5166 1088 5214 contra
1103 5157 1254 5213 Ecclesiam
1270 5155 1410 5212 deserviet
1425 5155 1586 5227 Synagoga,
1616 5172 1707 5228 quam
1736 5157 1834 5229 inipso

988 5249 1112 5303 adventu
1128 5245 1279 5301 salvatoris
1305 5244 1482 5299 Christianos
1496 5249 1571 5299 essct
1585 5252 1749 5314 persecuta.
1768 5248 1832 5300 Dum

988 5336 1018 5391 in
1032 5340 1172 5406 martyres
1186 5333 1318 5388 diabolus
1331 5333 1391 5403 jam
1407 5334 1566 5387 exercuerit
1588 5348 1726 5405 magnam
1743 5332 1833 5390 crude·

988 5426 1098 5480 litatem
1114 5424 1200 5478 etiam
1216 5422 1333 5492 ligatus,
1350 5421 1495 5475 crudelior
1510 5427 1607 5477 lamen
1632 5423 1690 5477 erit
1705 5427 1759 5478 snb
1778 5426 1831 5476 An-

987 5509 1109 5566 tichristi
1127 5509 1314 5581 temporibus,
1333 5508 1449 5582 quando
1478 5510 1566 5565 etiem
1591 5510 1647 5564 erit
1671 5509 1829 5566 solvendus.
