3894 6120
592 293 793 355 ΒΙΡΙΜΑΤΑ
815 295 1093 358 ecetesrasvtca.
1679 313 1731 367 362
1817 246 1822 261 Ι

72 436 128 490 ιω,
145 436 213 492 quae
235 418 293 475 dici
318 419 363 474 vel
377 417 523 475 nominari
542 422 671 490 possunt.
693 420 819 490 Insuper
838 419 1014 494 Aspiscupii
1034 421 1209 494 regentibus.
1226 423 1307 488 Quod
1329 430 1361 481 ut
1376 427 1470 482 verius
1493 430 1635 499 credatur,
1661 432 1729 486 dili-

75 508 268 565 coucedimus
301 512 428 562 castrum
461 507 559 563 Libani
589 524 654 563 cum
677 509 818 564 omuibus
874 516 1032 584 gemetque
1062 511 1098 566 ab
1131 511 1266 566 omnibus
1293 514 1470 584 observetur,
1496 534 1583 573 manu
1610 521 1730 591 propria

72 599 155 655 tibus
184 598 252 664 sibi,
283 596 530 669 quemadmodum
555 597 627 652 illud
652 596 818 667 antiquitus
874 600 1043 655 roborantes
1071 601 1146 655 huuc
1176 599 1314 672 paginam
1349 609 1448 660 nostro
1473 606 1568 677 sigillo
1595 606 1730 678 insigniri

72 687 153 745 :lesia
171 685 269 742 enuit
284 692 315 740 et
336 684 485 740 dominata
500 690 542 740 est
562 701 615 757 per
627 691 770 757 precepta
785 689 818 739 et
869 684 1023 756 jussimus.

72 794 144 850 aque
170 774 355 847 scriptiones,
384 777 510 828 castrum
539 773 672 830 videlicet
701 774 815 838 Libani,
906 777 1021 846 Sipnum
1052 775 1147 830 domm
1193 777 1306 833 Henrici
1346 782 1514 837 serenissimi
1551 784 1729 853 imperaturis

82 864 253 921 Brimoaldu
276 867 304 918 et
317 861 421 916 allano
438 862 583 934 germanis
596 863 702 934 injuste
730 863 815 918 iuva·
869 864 1005 934 Aupusti.

71 960 91 1010 t.
114 951 309 1010 concedimus
334 949 462 1021 denique
485 954 514 1004 et
538 952 743 1007 cuullrmamus
767 951 814 1006 ei·
904 952 1102 1009 Theudoricus
1126 954 1313 1010 cancellarius
1339 955 1400 1011 vice
1429 959 1567 1015 Eberardi
1600 961 1729 1034 episcopi

71 1042 175 1098 etesiae
197 1055 301 1096 omnes
331 1041 514 1093 mortuorum
538 1055 583 1094 res
608 1056 673 1112 que
696 1040 725 1096 in
749 1041 814 1112 ipsu
868 1046 897 1096 et
908 1040 1153 1097 archicancellarii
1158 1081 1314 1099 .......

71 1131 101 1187 iu
115 1133 160 1186 vel
185 1129 216 1184 in
236 1129 323 1184 rebus
338 1126 398 1182 suis
419 1130 487 1181 sunt
509 1132 559 1183 aut
577 1135 662 1184 erunt
681 1129 716 1184 ad
731 1130 813 1184 lutu—
905 1133 976 1186 ltata
1002 1129 1099 1201 pridie
1133 1131 1276 1186 Kalendas
1302 1134 1390 1196 iunii,
1417 1151 1494 1190 anno
1523 1136 1729 1194 incarnationis

71 1235 210 1290 mnusque
226 1234 271 1273 res
288 1216 411 1272 mobiles
435 1214 494 1269 sive
510 1215 675 1273 immobiles
698 1233 763 1289 quse
778 1219 814 1272 ab
868 1219 986 1274 Domini
999 1220 1025 1274 ll
1028 1257 1192 1275 .......
1221 1221 1378 1277 indictione
1394 1240 1420 1289 v,
1445 1240 1521 1279 anno
1536 1241 1604 1280 veru
1624 1228 1730 1282 Bomoi

70 1312 117 1363 tas
142 1307 235 1360 iteum
258 1303 432 1358 timentibus
457 1301 626 1360 hominibus
656 1305 814 1361 oblatoeibi
867 1306 984 1363 Henrici
998 1307 1023 1362 ll
1035 1307 1186 1377 regnantis
1188 1347 1349 1365 .......
1364 1311 1479 1383 imperii
1494 1328 1561 1368 vero
1580 1317 1605 1369 v.

71 1410 93 1449 tc
112 1408 215 1450 omues
234 1391 434 1447 concessiones
453 1390 585 1462 ejusdem
604 1399 708 1449 sanctas
723 1394 813 1449 eccle·
904 1397 1007 1449 Actum
1021 1395 1117 1465 Trojoe
1131 1395 1261 1453 feliciter.
1277 1400 1379 1453 Amen.

71 1497 175 1537 acessus
199 1496 216 1534 a
235 1478 417 1550 principibus
432 1483 462 1534 et
480 1480 602 1537 ducibus
617 1497 668 1538 sen
686 1481 812 1552 regibus.
1244 1504 1354 1560 cmv·

71 1583 236 1668 ⁵¹3⁸qu
259 1582 363 1664 ΨΜ
388 1567 518 1668 θῘηῗᾱθω
541 1571 681 1639 3⁰⁰¹⁶³i⁸⁰¹
701 1575 730 1627 ¹¹¹
747 1587 814 1642 pm
868 1605 901 1660 S.
927 1605 1063 1660 liutricus
1098 1608 1135 1662 D.
1172 1609 1321 1664 Bumuotdo
1370 1609 1549 1666 eremitarum
1580 1614 1729 1671 Concide·

80 1671 219 1729 aprscopn
233 1655 407 1722 dominetur,
429 1657 581 1726 jubemus,
605 1660 682 1713 nullu
700 1665 855 1755 contra·B
907 1675 1022 1730 tenerum
1074 1679 1218 1745 conditori,
1264 1650 1404 1734 aebutium
1443 1682 1471 1737 s,
1520 1684 1658 1740 Beneuen
1699 1691 1730 1742 tu

71 1787 79 1816 ,
116 1745 190 1799 sicut
218 1741 378 1813 antiquitus
405 1743 527 1801 lecerat.
560 1746 662 1801 Nostra
687 1763 814 1820 namque
906 1743 1030 1815 Alpibus
1043 1747 1237 1820 udBisurcum
1249 1753 1334 1805 situm
1345 1755 1496 1820 confirmet.

71 1833 100 1891 ti
121 1830 288 1888 auctoritate
307 1829 334 1884 ei
353 1833 547 1889 concedimus
570 1834 813 1903 confirmationes,
1202 1840 1294 1908 (annu
1311 1841 1402 1906 loti.)

94 1919 225 1994 ejusdem
246 1917 372 1990 episcopi
394 1919 501 1978 habeat
528 1926 700 1994 potestatem
723 1925 757 1979 ad
772 1940 815 1978 ec·
1059 1923 1198 1997 [Ughelli,
1213 1928 1298 1982 ltuliu
1311 1941 1402 1997 sacru,
1414 1928 1449 1995 ll,
1464 1929 1544 2003 aas]

71 2010 194 2085 ejusdem
215 2009 263 2080 jus
284 2007 418 2064 ordinere
444 2010 527 2066 iutra
554 2011 687 2067 eamdem
712 2012 815 2068 civita·
905 2008 939 2063 ln
975 2011 1096 2066 nomine
1123 2013 1224 2078 Petris,
1253 2019 1282 2069 et
1315 2015 1389 2083 Filii,
1415 2021 1445 2071 et
1471 2018 1596 2089 Spiritus
1625 2021 1728 2089 sancti,

70 2098 167 2171 unque
187 2095 396 2163 macellatores,
416 2098 467 2153 ubi
490 2098 633 2166 voluerit,
660 2099 696 2155 ad
715 2115 815 2155 carnes
871 2099 1016 2153 llauaicus
1032 2100 1232 2156 Romanorum
1244 2102 1405 2173 imperator
1418 2107 1575 2176 Augustus.

71 2189 131 2246 (tue,
157 2188 323 2244 statuentes
344 2185 483 2258 siquidem
510 2187 557 2242 itti
583 2188 766 2245 concedimus
787 2194 816 2245 et
907 2184 1033 2255 Dignum
1058 2188 1174 2242 videtur
1196 2193 1299 2244 nostre
1324 2190 1467 2262 imperiali
1483 2196 1643 2251 clementie
1656 2197 1727 2252 reli·

70 2294 165 2335 temus
187 2292 288 2331 ornnes
307 2275 371 2329 illas
388 2291 516 2347 resquae
540 2276 576 2331 ab
601 2277 730 2349 ejusdem
751 2278 816 2349 epi·
870 2273 1018 2345 giosurum
1055 2275 1186 2332 virorum
1219 2280 1352 2349 congruis
1379 2281 1564 2351 petitionibus
1589 2286 1666 2355 juste
1695 2301 1729 2339 ac

70 2383 117 2423 are
130 2366 192 2422 sine
208 2365 321 2420 ratione
337 2364 493 2434 etjustitia,
511 2365 698 2436 pestebitum
711 2371 816 2422 sancte
869 2361 1080 2417 rationabiliter
1103 2365 1300 2436 acquiescere.
1325 2368 1506 2440 Quapropter
1527 2372 1639 2427 noverit
1662 2389 1729 2427 om-

70 2456 166 2511 stiunis
191 2453 280 2521 Petri,
316 2452 445 2523 ejusdem
481 2453 610 2508 ecclesias
644 2452 816 2509 venerabilis
870 2451 951 2505 nium
978 2451 1111 2506 Ecclesiae
1136 2459 1242 2509 sanctae
1266 2456 1315 2510 Dei
1344 2463 1565 2531 nostrorumque
1585 2461 1725 2527 tidelium,

70 2545 88 2601 ri
112 2544 216 2600 ablatae
243 2546 312 2597 snut
336 2543 540 2612 perloannem
565 2542 744 2613 episcopum,
766 2541 816 2614 qui
869 2538 1057 2611 presentium
1086 2540 1219 2596 videlicet
1246 2549 1274 2597 et
1301 2544 1475 2608 loturorum,
1499 2547 1640 2602 industria
1658 2566 1728 2621 qua·

70 2639 124 2689 rate
149 2631 282 2687 eamdem
307 2629 401 2684 tenuit
423 2630 530 2684 sedem.
557 2606 591 2684 tlt
615 2629 638 2683 si
664 2647 722 2702 qua
748 2636 815 2685 ante
870 2626 937 2680 liter
951 2641 1015 2691 nos,
1032 2642 1086 2697 pro
1106 2629 1237 2684 remedio
1261 2631 1365 2687 anime
1386 2638 1490 2688 nostre
1506 2652 1555 2689 seo
1573 2644 1727 2707 parentum

70 2737 146 2793 »per
170 2735 275 2774 manus
299 2718 428 2789 ejusdem
453 2717 571 2772 ioannis
595 2716 677 2787 lacta,
700 2725 815 2775 ostensa
870 2720 1047 2781 nostrorum,
1073 2722 1232 2789 nostraque
1259 2720 1349 2776 salute
1375 2738 1407 2777 ac
1432 2723 1628 2780 dilectissime
1656 2743 1724 2781 cun-

77 2810 416 2882 dijudicamuseampro
435 2805 682 2861 monereirritam
704 2813 733 2864 et
751 2807 814 2862 ina·
866 2802 946 2874 jugis
980 2806 1083 2857 nostrae
1122 2805 1308 2877 cunegundis
1350 2810 1540 2882 imperatricis
1577 2819 1725 2886 Augrrstae,

70 2914 92 2954 eo
117 2896 194 2970 quo'd
218 2901 320 2951 contra
333 2893 499 2949 canonicam
514 2893 712 2951 auctoritatem
733 2912 815 2951 suam
870 2897 956 2962 atque
971 2905 1023 2962 pru
1038 2890 1204 2949 interventu
1224 2897 1351 2969 religiosi
1371 2899 1424 2953 viri
1441 2901 1472 2955 l).
1490 2902 1644 2958 Bomualdi
1666 2919 1728 2959 mo·

70 2985 88 3040 it
105 2984 215 3046 sedem,
230 2986 258 3036 et
278 2980 314 3035 ad
337 2979 423 3035 aliam
444 2980 561 3034 accessit
577 2996 583 3034 :
602 2981 679 3051 quod
693 2982 812 3037 omnino
833 2976 955 3034 Cnachi
971 2983 1000 3034 et
1023 2981 1162 3048 eremite,
1180 2986 1335 3054 quamdam
1359 2988 1503 3044 abbatiam
1527 2991 1561 3045 ad
1584 2992 1724 3046 honorem

70 3088 106 3128 un
128 3071 225 3144 potuit
239 3067 397 3123 secundum
413 3067 589 3122 auctoritatis
609 3083 752 3125 canonum
768 3069 816 3125 in·
870 3067 897 3124 S.
919 3067 1064 3123 Benedicti
1088 3086 1174 3141 super
1192 3087 1237 3126 res
1261 3074 1447 3144 nostrijuris
1474 3083 1667 3134 constructam
1693 3079 1723 3134 in

70 3205 72 3213 ι
90 3158 251 3217 statuimus
276 3160 309 3212 ut
327 3171 394 3227 pars
417 3155 530 3226 prelati
553 3156 681 3228 episcopi
697 3158 816 3214 distrin·
870 3156 942 3228 Alpe
955 3172 1021 3228 que
1036 3157 1141 3213 dicitur
1162 3160 1284 3229 Bilurco,
1302 3167 1416 3219 motum
1439 3167 1556 3238 regibus
1573 3168 1616 3222 vel
1632 3167 1725 3239 impe-

70 3265 131 3304 rnes
155 3248 284 3302 lucenses
305 3244 487 3317 presbyteros
508 3242 562 3298 sibi
585 3244 760 3315 pertinentes
783 3263 817 3302 ac
872 3246 1016 3301 tatoribus
1047 3247 1163 3303 solitum
1193 3249 1332 3319 investiri,
1367 3255 1579 3322 constituimus,
1603 3272 1725 3327 eamque

70 3354 90 3404 s,
117 3350 276 3407 omnesque
298 3333 467 3389 eurumdem
496 3333 628 3399 familias,
652 3335 760 3392 scilicet
784 3336 817 3391 il·
871 3350 1040 3408 permanere
1057 3334 1087 3389 iu
1115 3337 1231 3407 provisu
1256 3344 1285 3393 et
1306 3340 1460 3412 disciplina
1484 3344 1614 3414 ejusdem
1638 3361 1723 3399 vene·

72 3426 84 3482 i
109 3424 141 3480 in
170 3422 285 3480 dioeccsi
317 3422 447 3494 ejusdem
476 3421 615 3493 episcopii
647 3423 778 3480 habitant
807 3440 815 3479 :
871 3423 1256 3480 rabilisviril).ltom11aldi
1276 3444 1453 3502 suorumque
1473 3448 1672 3487 succcessurum
1692 3433 1723 3488 in

70 3529 104 3570 us
128 3518 162 3568 ut
184 3510 296 3583 judicat
319 3515 348 3566 et
373 3510 528 3581 distringat
554 3511 616 3565 sine
642 3513 700 3567 ulla
725 3513 817 3583 partis
870 3513 933 3584 ipsa
948 3528 1045 3566 eremo
1060 3512 1288 3582 persistentium,
1314 3517 1399 3571 vitam
1417 3524 1444 3573 et
1465 3519 1635 3586 religionem
1651 3522 1724 3592 ejus-

70 3600 315 3667 ecuntrarietate,
340 3604 370 3654 et
389 3599 420 3654 in
446 3615 498 3654 suo
513 3600 626 3654 servitio
650 3600 763 3669 habeat,
784 3604 817 3656 ut
871 3602 936 3656 dem
951 3600 1146 3669 servantium,
1170 3603 1255 3656 modo
1270 3603 1334 3675 ipsa
1358 3611 1455 3661 tamen
1479 3607 1603 3679 provisio
1626 3612 1654 3663 et
1679 3608 1722 3663 di·

70 3707 88 3745 :s
105 3689 220 3761 jubent.
241 3688 346 3744 Omnes
369 3687 477 3760 quippe
505 3686 681 3759 supradictas
704 3705 750 3744 res
773 3686 817 3744 illi
871 3689 991 3760 scipliua
1010 3693 1110 3742 contre
1132 3692 1260 3760 regulam
1285 3692 1314 3745 B.
1333 3692 1478 3748 Benedicti
1491 3711 1551 3749 non
1573 3695 1632 3750 liat.
1648 3698 1721 3751 Con-

69 3794 243 3835 uamusnna
260 3793 324 3832 cum
341 3775 436 3846 terris,
452 3775 553 3842 vineis,
570 3776 688 3847 campis,
713 3776 815 3848 pratis,
871 3776 1019 3832 firmantes
1038 3777 1207 3833 ecclesiasS.
1235 3779 1378 3833 Benedicti
1403 3781 1532 3851 ejusdcm
1553 3781 1723 3836 monasterii

92 3865 219 3939 pascuis,
256 3863 411 3929 montibus,
455 3863 586 3926 vallibus,
629 3864 815 3935 planitiebus,
871 3867 934 3921 illas
958 3870 1049 3920 terras
1074 3881 1145 3936 quas
1170 3882 1245 3921 oona
1264 3871 1353 3934 tenet,
1381 3884 1505 3939 quarum
1521 3871 1721 3924 nominasent

74 3970 277 4028 aquarumque
303 3953 482 4020 decursibus,
518 3952 599 4022 ripis,
630 3953 815 4022 molendinis,
871 3952 1113 4022 hmc;eaclesiam
1131 3970 1196 4008 cum
1212 3955 1304 4009 tribus
1325 3956 1498 4011 molendinis
1520 3960 1548 4012 et
1563 3963 1621 4011 tres
1637 3975 1720 4012 ivran-

69 4043 184 4109 unibus,
199 4043 324 4110 forestis,
342 4041 551 4109 venationibus,
569 4041 669 4109 servis,
690 4043 812 4110 ancillis,
871 4060 917 4099 sus
946 4042 977 4096 in
1001 4042 1231 4106 Bomicuicrolo;
1256 4042 1284 4097 in
1310 4043 1427 4098 Galiaoo
1450 4060 1566 4099 mausus
1592 4046 1663 4099 duos
1693 4052 1722 4100 et

95 4131 238 4198 aldiabus,
276 4132 408 4198 ancariis,
438 4129 579 4196 censibus,
617 4131 815 4200 pensionibus,
871 4127 1020 4184 ecclesiam
1042 4141 1150 4190 uncum
1169 4127 1198 4180 in
1226 4128 1377 4182 Partisidia
1404 4130 1552 4184 ecclesiam
1578 4136 1722 4197 nosmet

69 4236 94 4288 s,
119 4219 252 4285 castellis,
277 4219 361 4283 villis,
387 4235 419 4273 ac
439 4217 575 4273 omnibus
597 4234 662 4288 que
688 4220 744 4275 dici
767 4225 817 4275 aut
872 4231 987 4270 mausus
1001 4212 1090 4281 duos;
1105 4218 1133 4269 et
1148 4216 1345 4271 molendinum
1360 4233 1450 4271 uniam
1463 4238 1472 4283 ;
1484 4217 1513 4273 in
1530 4220 1626 4274 Cassio
1641 4236 1721 4274 man·

69 4307 112 4365 ari
125 4309 256 4378 possunt,
271 4307 399 4377 prelatus
421 4305 547 4361 ecclesie
565 4306 643 4377 J'uste
665 4312 693 4362 et
716 4308 815 4380 legali·
872 4319 918 4358 sos
933 4302 1004 4357 arros
1020 4318 1027 4369 ;
1044 4302 1073 4355 iu
1091 4302 1238 4357 blistriano
1254 4320 1385 4358 mansum
1404 4322 1494 4360 unum
1511 4323 1518 4372 ;
1534 4305 1564 4360 in
1585 4306 1720 4362 Brimauo

69 4395 245 4462 tinentibus,
272 4395 303 4449 in
321 4397 478 4468 integrum.
504 4394 705 4466 Praecipientes
726 4395 817 4468 igitur
872 4407 1119 4458 mansumunum;
1133 4391 1162 4445 in
1173 4392 1313 4463 Dipidano
1324 4409 1457 4449 mansum
1468 4411 1575 4463 unum;
1586 4395 1721 4450 inmonte

69 4501 88 4540 u
103 4483 242 4555 jubemus
255 4487 289 4537 nt
302 4484 399 4538 nullus
415 4482 561 4550 dominus,
578 4484 721 4555 princeps,
745 4489 816 4538 stra·
872 4478 992 4533 Barcino
1007 4494 1141 4534 mansum
1156 4495 1268 4547 unum;
1285 4483 1315 4534 in
1337 4480 1433 4535 Africo
1447 4497 1562 4536 mansus
1581 4482 1653 4536 duos
1668 4499 1676 4546 ;
1690 4482 1721 4536 in

70 4571 212 4637 marchio,
229 4571 390 4643 episcopus,
406 4587 511 4638 comes,
532 4571 699 4637 vicecomes,
724 4573 817 4627 nulla·
872 4567 1018 4622 montanis
1044 4566 1072 4623 S.
1099 4568 1252 4623 Gaudentii
1276 4570 1407 4637 mansus,
1417 4570 1545 4642 quinque
1558 4590 1566 4638 ;
1581 4575 1609 4624 et
1624 4569 1721 4624 omnia

69 4659 225 4731 etriregni
245 4675 351 4730 magna
373 4661 417 4715 vel
439 4675 527 4732 parva
548 4675 671 4730 persona
690 4660 817 4732 prelatas
873 4672 1051 4728 quaecuuque
1076 4655 1153 4727 juste
1182 4662 1210 4711 et
1232 4657 1362 4727 legaliter
1391 4674 1467 4712 nunc
1492 4658 1586 4726 habet,
1617 4665 1666 4713 aut
1691 4659 1721 4712 in

107 4762 165 4815 res,
191 4747 237 4802 vel
260 4747 429 4818 episcopum
453 4746 625 4820 inquietare,
652 4748 815 4810 molestare,
872 4743 1119 4799 anteahabiturus
1143 4749 1194 4812 est,
1215 4749 1267 4799 aut
1286 4745 1477 4816 acquisiturus
1490 4751 1543 4812 est,
1559 4751 1609 4800 aut
1622 4747 1720 4817 acqui·

69 4834 191 4908 ‚aliquo
216 4835 277 4890 sine
302 4835 386 4907 legali
405 4834 516 4907 judicio
540 4834 684 4891 disvestire
709 4851 817 4907 preasu-
872 4831 946 4899 sivit,
968 4832 1160 4887 nteahabeat
1174 4849 1205 4887 ac
1221 4837 1317 4887 toneat
1339 4850 1403 4888 cum
1419 4835 1554 4888 omnibus
1573 4834 1631 4887 suis
1655 4851 1719 4905 per-

69 4924 116 4982 tea
137 4923 222 4978 liceat
244 4923 338 4979 eidem
354 4925 456 4979 limato
471 4923 684 4996 archiepiscopo
705 4923 817 4996 prelati
871 4920 1000 4976 tinentiis
1015 4921 1045 4975 in
1060 4920 1205 4992 integrum
1217 4937 1224 4988 ;
1237 4922 1426 4992 proprietario
1439 4924 1503 4992 jure
1519 4921 1672 4991 possideat,
1687 4938 1720 4974 eu

69 5012 105 5086 pii
127 5029 174 5068 res
194 5018 303 5080 tenere,
329 5013 485 5085 possidere,
508 5016 594 5084 atque
620 5028 671 5084 per
690 5012 744 5066 hoc
765 5025 817 5064 no·
873 5009 958 5065 modo
983 5014 1015 5065 ut
1038 5024 1091 5063 nec
1119 5009 1167 5063 isti
1195 5008 1245 5081 qui
1273 5025 1351 5064 nunc
1380 5015 1509 5080 superest
1537 5008 1643 5076 abboli,
1668 5025 1720 5063 nec

71 5105 251 5173 preceptum
274 5099 426 5172 predictas
452 5116 498 5156 res
523 5102 557 5155 ad
581 5100 735 5155 utilitatem
758 5113 818 5152 suae
873 5097 932 5153 suis
956 5097 1177 5165 successoribus,
1205 5097 1290 5152 liceat
1316 5102 1406 5152 terras
1430 5097 1559 5151 Ecclesiae
1587 5097 1718 5164 vendere,

125 5189 285 5261 acquirere,
320 5188 451 5244 omnium
482 5187 632 5243 hominnm
670 5184 815 5242 contradi·
873 5191 923 5241 ant
944 5186 1080 5250 alienare,
1110 5191 1159 5241 aut
1184 5185 1345 5258 precarium
1371 5185 1463 5239 lacere
1488 5184 1596 5254 absque
1623 5190 1720 5240 nostra

75 5283 197 5333 amota.
214 5277 243 5333 sl
262 5275 326 5348 quis
341 5281 449 5344 autem,
465 5277 542 5349 quod
556 5274 647 5331 absitl
665 5275 750 5347 hujus
766 5289 816 5328 no·
872 5274 998 5342 licentia,
1020 5273 1069 5327 sed
1091 5277 1203 5329 tantum
1218 5274 1252 5328 ad
1277 5289 1360 5327 usum
1380 5271 1589 5327 monachorum
1611 5272 1719 5329 ibidem

68 5365 237 5421 auctoritatis
266 5370 515 5436 presumptuosus
540 5365 661 5419 violator
683 5361 816 5428 extiterit,
872 5360 1058 5416 servientium
1072 5360 1152 5431 juxta
1167 5356 1297 5431 regulam
1312 5360 1340 5416 S.
1358 5359 1500 5415 Benedicti
1516 5367 1717 5432 permaneant.

71 5470 88 5510 e
113 5453 341 5525 compositurnm
363 5453 426 5508 auri
449 5452 596 5525 purissimi
620 5452 705 5507 libras
728 5451 817 5514 mille,
873 5450 996 5520 Insuper
1013 5448 1219 5504 confirmamus
1234 5464 1351 5503 omnem
1369 5448 1566 5504 hereditatem
1582 5451 1720 5505 bonorum

68 5545 154 5599 tatem
173 5556 295 5597 cameras
308 5546 423 5610 nostre,
444 5546 472 5597 et
484 5541 669 5599 medietatem
689 5539 817 5611 eiusdem
875 5538 966 5610 ipsius
979 5537 1150 5594 monasterii
1170 5542 1199 5593 et
1214 5536 1431 5607 monachorum,
1457 5543 1490 5594 ut
1503 5538 1553 5595 tali
1570 5539 1656 5594 modo
1675 5540 1723 5594 hs-

125 5646 263 5715 aluos.
290 5644 376 5714 CXL.
1217 5720 1222 5730 ,
1550 5651 1590 5711 te
