3894 6120
90 278 139 337 ati
645 317 649 321 ·
748 277 776 334 S.
798 273 944 331 uenator
963 273 1202 331 iursuaroius
1810 280 1861 334 291

89 402 238 476 pertinere
252 415 311 455 nou
328 399 466 456 creditur.
485 401 523 457 111
532 416 602 470 ergo
616 399 673 454 iste
687 397 819 452 dubietas
834 398 869 452 ab
881 412 947 452 331-
964 399 986 453 Δ
1007 395 1095 452 dubio
1105 401 1263 451 censeatur.
1283 396 1466 470 Quapropter
1479 414 1542 467 nos,
1569 398 1735 471 utriusque,
1762 399 1861 456 videli-

90 493 178 548 nibus
187 488 302 563 penitus
318 489 478 554 auferatur,
496 505 551 544 nos
566 490 647 544 illam
671 486 730 541 diri
755 485 838 542 113331
868 483 951 558 [1131-
1006 489 1051 538 cet
1065 483 1170 539 (113133.
1187 485 1374 551 3111313333,
1390 485 1462 557 legis
1492 486 1654 542 intentione
1676 492 1799 553 servata,
1814 488 1861 544 de·

90 576 179 650 ciani]
190 576 427 632 constitutionem
442 576 483 631 ita
497 573 682 646 interpertati
712 574 903 642 decrevimus,
918 578 952 628 ut
1006 572 1151 627 cernimus
1165 576 1263 627 31333
1278 572 1504 644 episcopus,uon
1514 575 1612 642 abbas,
1623 591 1685 630 non
1700 576 1860 648 presbyter,

93 669 128 726 ad
138 663 472 723 omniumEcclesiarum
486 663 603 719 clericos
616 661 791 735 generaliter
804 660 950 734 pertinere
1005 675 1065 714 uon
1080 660 1277 732 cujuscunque
1293 660 1404 715 ordinis
1418 661 1548 729 clericus,
1566 679 1625 717 non
1635 663 1744 735 aliquis
1761 679 1859 719 mona·

88 757 243 830 judicetur.
261 754 330 808 11313
349 767 415 806 3331
436 751 522 807 divus
546 749 725 807 13311313333
736 751 802 820 J'ure
824 750 950 805 decrevit
1004 749 1074 803 chus
1089 749 1133 803 vel
1164 748 1403 817 sanctimonialis,
1418 748 1449 804 in
1464 767 1635 824 quacunque
1651 753 1858 820 controversia,

89 850 117 900 at
131 858 257 899 canones
271 843 389 896 Patrem
405 841 466 895 vim
482 843 580 911 legum
595 839 701 894 habere
713 844 855 911 oporteat,
871 843 901 893 et
917 837 948 893 in
1003 836 1063 891 sive
1078 836 1232 904 criminali,
1249 837 1307 891 sive
1320 837 1408 905 civili,
1435 838 1638 909 jusjurandum
1668 841 1861 910 compeliatur

85 929 241 987 'nonnullis
265 930 382 983 Petrum
411 927 572 982 canonibus
601 925 763 997 reperiatur
791 930 824 981 ut
852 924 948 980 clerici
1003 924 1131 996 qualibet
1144 924 1256 979 ratione
1278 926 1386 992 subire,
1406 927 1456 981 sed
1487 927 1544 982 suis
1572 926 1685 983 idoneis
1715 929 1859 984 advocatis

88 1019 187 1091 jurare
206 1033 263 1072 non
288 1017 425 1082 audeant,
451 1015 572 1087 dignum
602 1021 648 1070 est
671 1020 703 1068 31
716 1019 791 1069 13133
808 1012 947 1069 3133133113
1001 1014 1056 1069 1133
1072 1013 1200 1069 officium
1216 1014 1299 1070 liceat
1315 1014 1458 1088 delegare.

93 1109 164 1164 ordo
180 1122 196 1160 a
210 1103 375 1175 praestando
398 1103 592 1173 jurejurando
620 1103 759 1158 immunis
772 1117 833 1157 esse
846 1103 947 1174 procul

866 1308 1080 1406 113313.

148 1524 196 1625 S.
239 1522 517 1628 HEINRIGI
560 1521 897 1626 SENTENTIA
940 1522 1015 1626 iiii
1058 1520 1348 1626 oehiueio
1386 1521 1791 1626 GLERlGllRUM.

809 1693 910 1774 (Anno
933 1696 1023 1771 1019,
1045 1693 1152 1774 Mart.)

95 1838 270 1894 Proferimus
297 1855 361 1894 eam
379 1854 413 1892 ex
429 1836 527 1892 codice
550 1836 620 1891 bibl.
649 1835 758 1891 ducalis
773 1835 1001 1906 Guelferbytanus
1016 1835 1092 1890 13131·
1106 1833 1347 1890 helmstadienses
1361 1850 1389 1888 3-
1406 1837 1440 1889 tt
1454 1834 1484 1888 in
1504 1835 1553 1889 fol.
1580 1834 1666 1901 mbr„
1695 1835 1743 1890 cui
1767 1853 1854 1891 manu

132 1907 648 1980 33331111133331313113113133,33ι13
674 1913 703 1962 ct
729 1907 861 1961 liederus
883 1922 948 1961 eam
970 1907 1001 1961 in
1024 1907 1141 1978 antiqq.
1169 1905 1422 1959 Brunsvicensihus
1442 1906 1580 1986 vulgavit.
1596 1905 1668 1961 Curii
1683 1913 1784 1961 tamen
1799 1924 1854 1962 non

156 1997 186 2035 ro
201 1980 299 2035 charta
313 1979 493 2051 justaforma
507 1979 687 2048 insigni,sed
702 1994 754 2049 pro
768 1977 909 2031 memoria
924 1981 1036 2031 tantuin
1048 1977 1089 2030 rei
1105 1983 1205 2046 gesta,
1221 1975 1356 2031 defuncto
1378 1976 1439 2046 jam
1455 1977 1588 2031 heinrico
1602 1976 1775 2047 conscripta,
1805 1979 1855 2032 ha·

132 1997 227 2105 banda
240 2051 285 2118 sit,
302 2066 368 2105 eam
380 2050 434 2104 hoc
448 2048 630 2120 potissimum
646 2050 708 2102 loco
718 2048 825 2103 referre
847 2047 1058 2102 constituimus.
1073 2052 1156 2101 Anno
1171 2047 1201 2100 in
1224 2047 1324 2100 charta
1337 2046 1461 2100 indicato
1487 2048 1565 2111 1015,
1585 2047 1681 2101 obitus
1692 2049 1855 2104 Bernvrardi

136 2121 261 2177 anterior
276 2121 453 2185 adversatur,
464 2120 505 2173 ita
519 2125 551 2173 ut
564 2135 625 2173 rem
645 2124 674 2173 et
691 2119 721 2173 in
737 2123 879 2173 conventu
900 2117 1032 2188 Papiensi
1047 2122 1208 2183 tractatam,
1220 2133 1297 2171 anno
1312 2116 1389 2171 10194
1412 2133 1470 2189 333
1481 2118 1630 2171 Η31331333
1644 2134 1743 2172 313333
1757 2119 1855 2173 1133113

136 2191 270 2246 Goslarioe
290 2196 418 2246 moratus
433 2196 485 2257 331,
504 2189 707 2260 assignandam
725 2189 903 2243 duxerimus.
927 2188 1072 2260 subjicere
1086 2188 1152 2242 licet
1163 2203 1197 2241 ex
1210 2187 1312 2242 eodem
1327 2187 1423 2241 codice
1439 2187 1601 2243 Bernwardi
1623 2189 1855 2244 constitutionem

133 2263 201 2316 anni
217 2264 385 2317 1020111333
405 2261 503 2316 3313311
517 2275 545 2314 xi
556 2266 701 2314 exaratam
717 2261 782 2328 (96).

132 2447 287 2503 Architecti
312 2446 460 2502 catholicae
489 2446 637 2514 doctrinae,
666 2443 1301 2518 (133333333313·11333333331,0333313
1331 2442 1465 2498 videlicet
1479 2445 1745 2516 Parthenopolitani
1760 2448 1852 2504 archi·

97 2539 161 2589 3331
175 2534 241 2590 fidei
257 2534 338 2606 33331
353 2534 542 2589 fundamenta
562 2535 697 2596 locantes,
719 2532 774 2588 hoc
802 2533 950 2588 evidenter
1004 2535 1140 2606 episcopi,
1162 2537 1190 2587 et
1214 2532 1351 2587 Unowani
1366 2533 1529 2587 Bremensis
1557 2534 1779 2609 archiepiscopi,
1801 2541 1852 2592 Ar·

99 2627 258 2676 noscuntur
280 2622 427 2693 probasse,
453 2621 512 2676 sive
537 2621 679 2692 gregatim
702 2637 750 2675 seu
782 2620 948 2693 separatim,
1002 2624 1073 2679 nolli
1098 2638 1213 2695 333333
1238 2621 1491 2684 halverstedensis,
1522 2626 1550 2678 at
1571 2623 1718 2680 Bennonis
1740 2627 1853 2681 813333-

97 2716 130 2766 31
154 2710 356 2782 gloriemurin
385 2710 470 2765 laude
493 2710 608 2783 Christi.
626 2711 698 2780 Ergo
725 2709 949 2778 33331015,13
1004 2712 1041 2767 313
1069 2711 1135 2783 (91),
1162 2710 1325 2766 Thioderici
1353 2709 1506 2765 llindensis
1544 2713 1608 2781 (98),
1632 2719 1660 2767 31
1694 2713 1852 2770 Thioderici

97 2799 264 2854 consistorio
293 2799 384 2870 regali
407 2799 524 2854 Goslare
557 2798 800 2870 3333113330,13
822 2797 950 2852 aecclesia
1003 2797 1311 2870 Mimigardivordcusis
1335 2796 1401 2868 (99),
1422 2803 1452 2852 et
1477 2798 1632 2853 Ekkibardi
1659 2800 1852 2872 sleswigensis

97 2887 443 2943 3311133133313311131331
471 2887 573 2942 eodem
588 2887 755 2956 adherente,
785 2885 948 2942 3311331311-
1003 2886 1140 2958 episcopi,
1169 2885 1367 2940 circumfultus
1405 2885 1544 2958 undique,
1581 2888 1682 2958 fasque
1717 2889 1852 2962 nefasque

97 2975 204 3031 delium
230 2975 453 3042 coadunatione,
484 2975 667 3046 propositum
696 2978 739 3028 est
766 2974 949 3030 tractandum
1002 2991 1086 3047 oequa
1108 2973 1305 3029 trutinationis
1329 2976 1409 3029 lance
1433 2975 1619 3044 pensabatli
1650 2977 1757 3048 quibus
1787 2994 1851 3032 vero

98 3064 233 3135 quodque
244 3063 376 3118 utilitatis
390 3063 524 3118 33131333.
538 3063 625 3134 Cujus
646 3068 802 3118 conventus
812 3062 950 3133 primatui
1003 3065 1079 3119 inter
1101 3062 1265 3134 questiones
1281 3063 1352 3118 citra
1376 3064 1509 3135 ultraque
1528 3064 1641 3119 habitas
1670 3065 1853 3121 Bernwardui

98 3151 237 3206 Henricus
252 3152 301 3222 331
317 3151 524 3222 tunctenporis
539 3151 581 3206 rei
602 3151 723 3223 publicae
750 3150 949 3207 monarchiam
1003 3151 1615 3224 333313111113131311331333133303313313
1634 3155 1853 3209 3333331333-

98 3243 236 3295 strennue
252 3238 432 3310 gubernabat
446 3239 599 3305 assederat,
615 3245 644 3294 et
661 3238 870 3311 constipatione
886 3238 948 3310 cpi·
1002 3239 1083 3294 tistes
1099 3255 1186 3312 quem
1202 3239 1274 3294 tanti
1290 3241 1397 3312 negotii
1412 3241 1590 3313 principatus
1602 3241 1852 3314 attinebat,cujus-

134 3363 191 3432 (96)
222 3363 253 3417 13
277 3361 395 3417 3331133
427 3367 531 3417 sanctie
572 3362 729 3419 Trinitatis.
763 3362 950 3418 Bernivardus
1003 3361 1149 3416 cotidiana
1164 3362 1287 3416 servitus
1310 3363 1391 3418 domi
1409 3363 1536 3435 forisque
1551 3363 1698 3427 iudicitur,
1713 3365 1791 3419 unde
1808 3380 1853 3418 no·

98 3437 203 3487 sanctie
235 3432 504 3488 Hildinishemensis
530 3434 641 3488 33133133
669 3432 787 3488 humilis
812 3433 943 3502 antistes,
1002 3433 1046 3488 bis
1060 3448 1177 3504 quoque
1203 3433 1300 3487 debita
1322 3435 1489 3489 victualium
1509 3435 1681 3505 compendia
1696 3450 1853 3506 procuren-

99 3502 235 3558 omnibus
258 3503 343 3558 bonae
369 3503 582 3575 cooperationis
608 3503 746 3560 fratribus
758 3504 948 3576 patribusque
1003 3509 1060 3557 tur.
1077 3503 1145 3558 Saut
1160 3509 1299 3573 praeterea
1310 3505 1444 3560 nonnulli
1461 3506 1628 3560 clericorum
1645 3505 1853 3560 sanctimonia·

98 3573 275 3642 reverendis,
300 3573 407 3645 gaudia
434 3574 535 3629 salutis
560 3580 589 3630 31
637 3576 703 3629 3313.
734 3573 950 3644 Legumlatoics
1002 3573 1133 3643 liumque
1150 3574 1276 3644 regulari
1292 3576 1507 3630 conversatione
1519 3575 1745 3646 insigniti,quos
1760 3576 1803 3630 313
1843 3606 1853 3615 -

98 3649 265 3713 sanxerunt,
279 3660 331 3715 per
362 3644 504 3715 synodum
517 3649 545 3699 31
571 3591 687 3717 publica
716 3645 837 3700 concilia
860 3652 949 3699 status
1004 3645 1044 3698 133
1057 3643 1245 3715 inpublicum
1262 3647 1402 3716 gregatim
1425 3647 1550 3717 prodire,
1571 3652 1598 3700 et
1621 3647 1742 3717 provida
1766 3646 1807 3701 im
1827 3662 1854 3700 e·

97 3719 204 3770 sanctae
219 3715 329 3770 eclesiae
342 3730 466 3787 quiaque
478 3716 567 3771 ordiri
587 3717 679 3783 utilia,
708 3716 884 3787 perindeque
899 3717 947 3786 jus
967 3715 1119 3772 Coillioris
1143 3715 1208 3769 11133
1231 3717 1435 3781 consideratio,
1456 3721 1484 3771 31
1511 3717 1654 3787 legittima
1686 3716 1853 3772 coenobialis

98 3785 198 3859 fasque
213 3786 347 3855 probare,
359 3802 441 3858 aeque
456 3787 609 3843 salubriter
620 3793 721 3842 cuncta
738 3786 863 3857 disponi.
878 3789 950 3842 11133

97 3856 187 3928 igitur
209 3873 284 3910 auno
315 3858 392 3922 1090,
419 3874 445 3912 ιι
469 3858 537 3912 ldiis
561 3859 691 3914 Octobris
715 3855 762 3926 (3),
794 3857 950 3912 3331331111

97 3942 197 3982 333133
211 3933 323 3982 utentes
338 3928 470 3993 consilio,
486 3929 594 3999 ubique
611 3931 739 3982 locorum
755 3943 805 3980 333
819 3928 951 3983 videlicet

98 3997 948 4069 respicientiumadinventionisnostriesuhsignaredignum

99 4068 233 4123 duximus
248 4067 426 4133 memoriale,
446 4073 479 4121 ut
500 4069 531 4121 iu
552 4069 675 4123 invicem
700 4066 747 4136 pie
777 4067 949 4121 condescen-

98 4137 207 4203 dentes,
219 4137 250 4191 13
263 4139 365 4192 timore
381 4136 485 4192 Christi
509 4142 622 4191 nosmet
648 4138 727 4207 ipsos
748 4141 950 4205 supportemus

98 4207 261 4261 unanimes.
291 4209 362 4261 Nam
387 4206 416 4260 in
442 4208 661 4277 presentiarum
686 4206 760 4259 bene
774 4208 950 4262 commeritis

98 4276 456 4349 prohdolorerigentibus
471 4277 574 4346 culpis,
589 4278 661 4331 nihil
677 4275 760 4347 pensi
776 4291 869 4348 neque
886 4294 949 4332 mo-

99 4347 190 4403 derati
205 4347 302 4413 habet,
317 4346 431 4419 quantis
447 4347 531 4400 malis
555 4348 646 4417 magis
670 4345 821 4418 magisque
835 4347 866 4401 iu
882 4349 951 4403 dies

98 4417 265 4490 periclitans
285 4416 412 4473 mundus
440 4417 717 4474 succumbentibus
744 4433 813 4488 ergo
840 4423 873 4471 ut
898 4436 950 4489 pro

99 4503 183 4559 posse
195 4487 349 4543 criminum
374 4492 539 4543 nostrorum
559 4488 770 4559 aliquantulum
786 4488 867 4542 oneri
881 4505 951 4558 par-

101 4574 209 4625 camus,
222 4560 337 4628 publice
352 4558 545 4629 privatimque
562 4559 771 4626 constituimus,
788 4563 951 4629 1113331333

100 4629 170 4684 3331
196 4630 376 4700 temporibus
416 4630 519 4700 legalia
546 4629 648 4701 synodi
674 4629 743 4683 scita
773 4629 952 4685 decernenda

99 4699 248 4767 condictis,
264 4701 299 4755 ab
311 4698 447 4754 omnibus
461 4706 566 4755 nostrae
592 4700 700 4754 scilicet
728 4698 848 4754 diocesis
862 4701 951 4770 septis

98 4772 263 4853 congyratis
273 4773 304 4825 iii
318 4785 490 4826 consensum
495 4770 758 4852 participatumque
768 4769 841 4824 tanti
855 4772 951 4841 operis

98 4844 226 4914 undique
245 4841 442 4906 conveniatur,
454 4842 558 4912 quibus
570 4840 600 4895 id
619 4843 724 4912 negotii
735 4842 799 4911 jura
819 4840 948 4897 debetur.

99 4913 248 4969 Salubrius
272 4913 350 4967 euim
378 4911 538 4982 fortiusque
563 4912 729 4982 hujusmodi
741 4913 888 4967 decretum
903 4912 951 4968 di-

1003 3785 1144 3911 propositi
1155 3785 1300 3866 dissuadet
1322 3786 1470 3853 districtio,
1495 3787 1601 3842 nedum
1626 3786 1697 3868 foris
1723 3787 1853 3868 quasise

1025 3856 1203 3925 ejuscemodi
1229 3861 1336 3910 statuto
1355 3863 1558 3928 pervagantur,
1585 3858 1620 3911 ab
1644 3863 1750 3911 usitato
1766 3872 1854 3912 anami

1005 3926 1099 3997 rigore
1114 3926 1268 3997 proclivius
1282 3926 1397 3982 deviare
1412 3933 1561 3998 cogantur,
1572 3928 1645 4062 3313
1659 3928 1758 3998 potius
1771 3928 1853 3982 solito

1006 3996 1126 4051 03113113
1140 3996 1254 4050 servitio
1270 3996 1405 4052 insudare
1416 3999 1556 4052 nitantur.
1597 3999 1681 4052 uibus
1695 3999 1784 4052 etiem
1799 3997 1855 4052 331-

1004 4066 1083 4122 113113
1097 4066 1350 4139 circumspectione
1370 4068 1545 4138 praemoniti,
1562 4069 1593 4123 in
1618 4084 1774 4123 commuue
1789 4084 1855 4140 per·

1005 4137 1170 4203 suademus,
1185 4139 1226 4190 311
1245 4138 1274 4191 13
1303 4137 1430 4192 definitis
1455 4139 1555 4194 diebus
1579 4139 1781 4209 unusquisque
1804 4154 1855 4209 pro

1005 4207 1170 4277 diversitate
1186 4224 1269 4261 sexus
1281 4208 1420 4276 etaetatis,
1442 4209 1529 4263 sacris
1550 4209 1714 4264 orationum
1733 4208 1855 4272 oblatio·

1004 4292 1134 4348 numque
1150 4293 1210 4331 3333
1224 4279 1357 4333 studeant
1367 4280 1531 4351 mancipare
1542 4279 1653 4346 officiis,
1679 4280 1753 4334 illud
1768 4295 1855 4352 quam

1007 4348 1132 4402 maxime
1154 4363 1276 4403 summae
1296 4349 1438 4405 divinitati
1453 4355 1591 4405 33131313
1616 4350 1734 4420 spiritus
1747 4351 1857 4405 contri·

1006 4418 1085 4473 tione
1100 4418 1305 4499 supplicantes,
1327 4421 1462 4490 quatinus
1490 4424 1552 4493 ipse
1580 4420 1732 4475 conventui
1757 4426 1856 4475 333133

1007 4488 1265 4557 adessedignetur,
1288 4491 1338 4561 qui
1365 4491 1478 4546 duobus
1507 4492 1615 4573 quippe
1641 4496 1691 4545 331
1717 4491 1810 4546 tribus
1825 4491 1855 4545 in

1006 4560 1124 4615 nomine
1139 4575 1191 4614 suo
1202 4560 1422 4632 congregatisse
1444 4566 1571 4617 medium
1585 4562 1737 4633 pollicetur
1753 4577 1761 4631 ;
1781 4563 1857 4633 ejus-

991 4647 1063 4702 ¹qne
1078 4629 1260 4685 condonante
1273 4631 1366 4703 gratia
1380 4632 1437 4686 1313
1453 4633 1523 4713 quid
1538 4649 1570 4686 eii
1598 4637 1695 4687 nostro
1723 4632 1856 4688 consultu

1007 4707 1182 4771 emergatur,
1197 4702 1273 4773 quod
1289 4707 1317 4756 et
1333 4708 1519 4783 praesentium
1534 4704 1619 4757 saluti
1639 4702 1814 4773 proficuum,
1828 4708 1858 4757 31

1006 4771 1170 4826 1313333313
1189 4772 1342 4826 imitatiom
1357 4787 1417 4827 esse
1431 4773 1858 4845 queatidoneum,insuperque

1006 4841 1180 4912 respublica
1194 4842 1267 4896 bene
1282 4848 1416 4897 strennue
1440 4860 1475 4898 ue
1486 4849 1610 4915 regatur,
1627 4849 1723 4898 sancta
1738 4858 1858 4917 quoqne

1007 4913 1109 4967 3313313
1123 4912 1214 4967 heatae
1229 4912 1419 4984 gloriosisque
1452 4915 1477 4968 ei
1489 4915 1636 4986 genitricis
1664 4914 1741 4969 hunc
1763 4929 1797 4968 us
1820 4930 1858 4969 33

99 4985 306 5050 333311333331
328 4982 531 5053 astipulatione
545 4981 738 5052 plurimorum
761 4982 986 5054 depromitur,1)
1005 4983 1243 5038 tuitionimunita
1257 4984 1444 5054 adaugeatur,
1461 4985 1694 5056 ipsaeademque
1716 4982 1752 5038 ab
1779 4983 1789 5037 i
1826 5000 1857 5039 e-

101 5055 164 5110 Non
184 5058 282 5109 temeri
297 5070 397 5109 omues
424 5052 455 5107 iri
480 5068 571 5107 unum
598 5054 764 5125 singillatim
792 5069 950 5124 coiirogare

101 5124 292 5190 deceruimus,
310 5125 380 5180 dum
395 5122 575 5179 multimodis
588 5123 831 5204 praepedientibus
859 5124 952 5178 causis

99 5195 265 5249 nullatenus
280 5195 333 5250 hoc
352 5195 416 5250 lieri
428 5210 509 5265 posse
521 5210 576 5248 333
588 5209 753 5265 ignoremus
765 5212 771 5262 ;
801 5195 952 5264 praesertin

101 5280 166 5320 cuni
191 5265 319 5319 humana
348 5265 488 5337 fragilitas
516 5264 676 5320 necessario
705 5265 810 5335 exigat,
836 5270 867 5319 31
892 5281 951 5319 suae

102 5334 234 5390 utilitatis
248 5335 357 5390 artibus
369 5337 492 5408 quisque
515 5336 615 5391 diatim
632 5335 777 5403 inserviet,
805 5336 884 5389 velut
897 5335 950 5390 sci·

101 5406 170 5461 licet
182 5404 331 5474 rusticani,
353 5406 458 5476 quibus
490 5423 542 5477 per
559 5406 638 5462 varia
665 5406 796 5461 laborum
817 5405 950 5461 exercitia

136 5527 655 5600 mamimuoemom.

1006 5054 1128 5109 statione
1138 5053 1249 5108 inimici
1265 5053 1550 5126 ministrantiumque
1578 5054 1643 5120 sibi,
1674 5069 1859 5135 paganorum

1006 5125 1168 5179 scilicetsen
1185 5124 1328 5179 malorum
1363 5125 1599 5195 christianorum,
1623 5126 1787 5180 incursione
1806 5141 1859 5181 us·

1006 5211 1063 5268 que
1079 5210 1193 5266 quaque
1210 5194 1389 5251 defendatur.

1043 5267 1099 5334 (971
1115 5265 1139 5321 1.
1159 5280 1184 5319 e.
1197 5265 1462 5337 aldemburgensis.

1043 5313 1693 5416 (mmmmmmmmm

1041 5409 1094 5477 (90)
1111 5405 1188 5461 Obiit
1204 5423 1227 5460 a.
1245 5408 1323 5471 1011,
1336 5408 1362 5462 d.
1374 5410 1549 5465 19133333.
