3878 6112
125 250 178 305 927
660 243 866 303 BURCHXREI
883 242 1149 301 woutttcmrtffls
1167 243 1340 302 nuscum.
1832 249 1882 301 uit

123 373 276 446 poeniteat:
300 370 395 444 quiin
417 370 627 428 consuetudine
652 370 747 437 habet,
765 369 888 440 amplius
902 368 1010 441 pelliX
1028 369 1084 435 die,
1100 369 1171 425 XXX.
1197 368 1252 434 Qui
1275 384 1393 440 peccare
1412 368 1537 424 voluerit
1564 368 1595 424 in
1620 370 1742 437 somnis,
1774 373 1804 424 et
1825 386 1882 425 non

122 463 216 519 debet.
237 461 373 518 Siautem
388 461 418 516 in
433 461 524 534 gradu
551 464 618 516 sunt
637 459 841 530 degradentur,
858 464 887 513 et
902 457 975 512 sicut
1027 457 1116 512 luerit
1130 459 1268 528 pollutus,
1283 458 1369 514 XXXV
1385 458 1513 513 Psalmos
1527 460 1633 512 cantet.

123 551 187 609 laici
203 551 369 622 poeniteant.
387 549 435 604 Vir
450 550 501 621 qui
515 549 591 603 inter
608 547 719 604 femora
734 547 891 602 fornicatus
913 547 974 601 lue·
1030 543 1093 599 Car.
1110 545 1203 600 XLlll.
1214 573 1250 586 -
1265 547 1300 599 lle
1310 546 1415 600 clericis
1428 547 1478 614 qui
1491 560 1540 614 per
1553 546 1640 599 matus
1656 546 1834 613 cogitationes
1846 559 1883 599 ae

124 641 172 707 rit,
188 655 294 694 uuum:
307 639 330 692 si
345 637 501 705 iteraverit,
514 638 586 692 duos
598 652 688 691 annos
706 635 852 707 poeniteat.
874 635 901 690 Si
920 651 974 690 au·
1336 631 1397 669 Μ
1415 613 1573 685 ‘limini

125 733 184 783 tem
204 729 234 781 in
265 730 345 797 terga
368 726 524 781 fornicatus
541 724 626 780 luerit
641 730 699 780 tres
720 740 825 790 annos;
854 723 876 777 si
893 723 975 794 pueri
1066 704 1119 771 (Εω
1134 703 1475 775 f'oeniiffliissliflllm‘lmi
1498 703 1662 759 ffl0fi⁰¹¹⁵⁸i
1686 702 1883 758 ⁸⁸ffl011f0d0·

126 817 196 872 dues
219 830 319 869 annos.
347 813 480 879 Quicum
509 813 616 884 pecude
644 813 801 868 fornicatus
824 813 912 867 faverit
932 811 975 866 vel
1030 791 1145 891 &1¹⁰⁰
1170 792 1316 891 Qnssefldq
1344 807 1396 862 Pes
1415 793 1505 890 &⁸¹⁸³
1533 791 1750 890 delecffliffllesy
1777 795 1882 890 ⁵²9&ss

123 901 563 974 jumento,Xaunospoeuiteat.
594 901 712 972 Oportet
730 901 807 955 euim
828 900 975 956 discretio·
1030 881 1090 936 (¹¹⁰⁵
1116 885 1262 953 Poemtffll·
1290 880 1318 936 5¹
1348 884 1440 951 ¹²¹¹1ll¹t
1465 896 1521 935 ⁰⁰¹¹
1543 897 1632 935 manu
1659 879 1883 951 XXdrespoenr·

127 1008 193 1049 nem
214 994 274 1046 es'se
301 990 376 1045 inter
399 990 568 1062 qualitatem
591 990 736 1060 pecudum
753 990 796 1043 vel
812 989 974 1056 hominurn,
1029 973 1097 1025 ²0³1·
1118 968 1303 1035 sidi⁸⁰⁰¹¹¹¹³s
1318 969 1380 1024 ΧΧΧ
1400 968 1478 1036 dmi
1507 968 1530 1022 εἰ
1545 968 1704 1040 limites,
1728 968 1882 1023 hebdoma-

127 1080 200 1135 aicut
214 1079 432 1151 supradiximus.
457 1079 526 1133 ltem
543 1079 694 1148 episcopus
717 1092 782 1131 cum
809 1076 976 1148 quadrupe·
1029 1057 1089 1122 (¹³⁵¹
1107 1057 1167 1112 ¹¹1¹·
1181 1057 1331 1127 PVVSVXter
1345 1057 1369 1110 Si
1384 1073 1483 1111 Sem‘ffl
1495 1057 1601 1112 fuderit
1614 1056 1880 1129 praecogitationem

126 1168 210 1223 dibus
225 1184 354 1240 peccans,
379 1169 400 1222 X
421 1183 511 1220 anuos
531 1167 677 1239 paeniteat,
693 1170 721 1219 et
744 1165 864 1236 gradum
892 1165 975 1219 aruit-
1030 1149 1141 1217 selstem
1159 1145 1382 1216 diffllioeflstfflb
1402 1146 1561 1201 ¹¹¹⁰¹¹³⁶¹¹¹1⁵
1579 1144 1722 1200 ⁸5¹³ssstssss
1758 1144 1815 1210 0¹¹i
1836 1162 1880 1200 V0·

128 1260 178 1323 pap,
192 1256 341 1327 presbyter
354 1256 385 1322 p,
406 1254 544 1310 diaconus
559 1259 627 1321 pres,
643 1253 855 1308 cpefjcusduos,
1031 1232 1154 1289 luntario
1181 1249 1278 1288 semen
1307 1232 1402 1288 tundit
1427 1232 1458 1288 in
1484 1233 1617 1300 Ecclesia,
1638 1232 1663 1287 si
1691 1233 1816 1288 clericus
1830 1237 1878 1301 est,

1030 1322 1103 1378 Xllll
1119 1322 1189 1376 dies.
1214 1321 1242 1376 si
1258 1323 1426 1386 monachus,
1448 1328 1499 1377 aut
1521 1323 1667 1388 diaconus,
1680 1324 1745 1378 XXX
1769 1322 1840 1377 dics.
1854 1322 1880 1378 Si

1030 1411 1188 1481 presbyter,
1204 1410 1252 1465 XL
1270 1410 1293 1464 si
1302 1411 1463 1482 episcopus,
1479 1410 1499 1465 L
1516 1410 1575 1465 dies
1588 1411 1739 1481 paeniteat.

302 1556 307 1567 ,
370 1554 376 1567 ,
410 1555 416 1565 ,
795 1549 800 1560 ,
954 1548 960 1560 ,
1032 1498 1095 1553 Cae.
1116 1498 1203 1554 XLIV.
1227 1527 1264 1540 -
1287 1499 1430 1554 Simulier
1445 1499 1539 1555 debeat
1556 1501 1684 1568 seperari
1706 1515 1725 1554 a
1742 1501 1804 1555 uiro
1825 1514 1879 1565 suo,

164 1554 219 1625 (Ea
233 1554 415 1610 Poentteutrnlt
437 1551 578 1623 Romnae.)
601 1551 738 1607 Sacerdos
753 1566 802 1621 qur
817 1565 870 1621 per
883 1552 976 1620 turpi·
1067 1585 1127 1639 quae
1139 1571 1226 1638 filium
1241 1584 1320 1625 ,uum
1332 1571 1695 1641 ,asupmeqpmpama
1721 1572 1800 1639 pom,
1822 1585 1880 1626 m,

128 1642 271 1715 loquium,
298 1658 349 1697 seu
363 1650 515 1713 conspectu
531 1641 684 1696 libidinoso
699 1639 901 1711 coinquinatus
915 1639 977 1694 lue·
996 1642 1016 1698 B
1067 1643 1175 1710 ceperit.

128 1731 177 1797 rit,
192 1747 248 1785 uon
266 1735 362 1785 tarum
387 1729 507 1785 voluerit
521 1729 672 1795 fornicare,
699 1731 719 1785 X
740 1728 800 1784 dies
827 1727 975 1799 poeniteat.
1066 1728 1120 1801 (En
1134 1728 1207 1783 deor.
1231 1728 1386 1795 deusdedit,
1408 1743 1489 1799 papa
1512 1727 1650 1786 Gordiano
1672 1729 1801 1799 episcopo
1818 1729 1882 1783 mu·

129 1820 289 1890 Presbyter,
305 1818 328 1872 si
342 1818 484 1873 osculatus
501 1823 545 1873 est
559 1818 706 1873 faeminam
723 1834 775 1889 per
790 1816 975 1878 desiderium,
1030 1816 1094 1887 sis.)
1111 1817 1266 1873 Deuadedit
1280 1821 1383 1872 sanetae
1404 1818 1548 1884 Romanae,
1565 1822 1595 1872 et
1608 1817 1775 1890 apostolica
1792 1817 1881 1872 Eccle-

129 1912 158 1964 et
187 1922 285 1963 semen
313 1907 428 1974 fuderit,
452 1907 494 1962 XX
522 1907 582 1962 dias
605 1905 750 1978 poeniteat.
777 1905 928 1971 Diaconos,
956 1905 977 1960 X
1031 1904 1081 1960 siae
1096 1905 1261 1977 Episcopus,
1292 1905 1435 1961 Gordiano
1465 1906 1648 1976 Hispaneusis
1673 1906 1809 1961 Ecclesiae
1835 1921 1882 1960 co-

129 1996 199 2063 dies,
219 1995 352 2049 similiter
381 1995 546 2049 monachus.
572 1994 696 2050 Clericus
727 1999 848 2066 septem.
879 1992 978 2048 Laicus
1031 1995 1175 2067 episcopo,
1189 2000 1217 2049 et
1240 1994 1321 2049 iratri
1336 1994 1529 2049 dilectissimo.
1546 1994 1680 2050 Pervenit
1693 1994 1732 2050 ad
1752 2011 1804 2050 nos
1823 1995 1881 2050 dia·

127 1380 193 1436 Car.
208 1379 262 1436 XL.
277 1408 313 1421 -
330 1381 367 1434 De
393 1378 531 1434 secerdote
552 1380 601 1448 qut
625 1393 676 1448 per
699 1377 905 1447 turpiloquium,
926 1378 977 1430 out

198 1466 248 1522 per
271 1454 439 1519 conspectum
465 1449 640 1504 libidinosum
661 1449 781 1518 pollutus
809 1449 904 1514 fuerit.

47 2130 52 2139 .
130 2089 263 2156 quatuor.
280 2084 350 2138 ltem
373 2082 397 2136 si
412 2082 562 2153 presbyter
580 2098 679 2137 seman
708 2081 815 2137 fuderit
839 2080 980 2152 percogi·
1031 2099 1120 2139 conus
1143 2087 1245 2148 vester,
1275 2089 1376 2138 restrae
1397 2083 1554 2138 sanctitatis
1570 2083 1722 2155 epistolam
1747 2083 1879 2150 inferens,

129 2172 268 2227 tationem
283 2177 392 2242 septem
406 2171 466 2227 dies
481 2171 627 2242 poeniteat,
653 2172 677 2226 si
696 2170 869 2241 tangitcum
892 2185 979 2224 manu
1032 2172 1109 2243 quod
1132 2171 1248 2243 quidam
1262 2170 1326 2241 viri,
1342 2171 1428 2226 etiem
1441 2175 1470 2227 et
1498 2172 1794 2242 muliersspraeterito
1820 2171 1880 2226 aab·

129 2265 187 2316 tres
216 2260 420 2316 hebdomadas.
456 2259 610 2332 Episcopus
641 2259 666 2314 si
697 2276 751 2332 per
775 2259 979 2329 cogitationem
1031 2259 1311 2327 batol’aschalidie,
1342 2276 1395 2332 pro
1424 2276 1530 2331 magno
1553 2262 1731 2332 populorum
1755 2260 1880 2328 incursu,

129 2348 246 2411 fuderit,
274 2356 399 2419 quatuor
429 2348 624 2404 hebdomadas
651 2347 802 2418 paeniteat.
834 2346 863 2403 Si
888 2345 981 2416 tangit
1032 2348 1191 2405 nescientes
1207 2364 1275 2404 suos
1287 2348 1361 2404 lilios
1375 2349 1567 2421 suscepissent
1581 2365 1614 2404 ex
1635 2351 1749 2404 lavacro
1772 2354 1879 2405 sancto.

130 2453 195 2491 cum
215 2451 303 2490 manu
326 2435 462 2490 diaconus
489 2440 517 2490 et
550 2452 648 2490 semen
677 2436 794 2500 fuderit,
823 2435 883 2491 Xlli
906 2434 977 2502 dies,
1033 2437 1119 2508 Cupis
1148 2436 1254 2492 etenim
1287 2437 1370 2504 scire,
1400 2437 1424 2491 si
1451 2452 1504 2509 pro
1529 2437 1580 2492 tali
1596 2437 1748 2493 accidenti
1771 2437 1881 2491 ratione

130 2522 442 2579 monachussimiliter.
470 2523 569 2588 Aliter,
600 2524 624 2577 si
646 2523 775 2592 clericus,
791 2523 893 2594 viginti
906 2522 977 2590 dias,
1032 2525 1222 2582 debeantviri
1250 2525 1427 2580 etmulieres
1446 2525 1482 2580 ad
1507 2542 1592 2581 suom
1616 2525 1769 2597 proprium
1799 2541 1882 2580 usum

131 2612 342 2684 quantomagis
358 2611 550 2683 aliigradusi
578 2611 607 2666 Si
635 2611 854 2684 impugnatione
875 2610 979 2667 mentis
1032 2613 1137 2681 redire,
1153 2628 1189 2667 au
1215 2628 1282 2668 non.
1314 2614 1369 2668 Nos
1394 2613 1473 2669 enim
1501 2630 1534 2668 ex
1562 2615 1615 2669 hac
1637 2613 1755 2668 tristitia
1779 2615 1881 2678 moesti,

130 2701 374 2774 coinquinabitur,
390 2706 499 2774 septem
527 2700 808 2772 dicspoeuiteat,vel
828 2717 979 2773 quousque
1032 2701 1235 2773 inquisivimus
1261 2701 1392 2772 priorum
1419 2707 1580 2758 nostrorum
1608 2703 1693 2757 dicta.
1720 2703 1884 2758 Invenimus

130 2789 267 2861 cogitatio
296 2790 434 2846 vincatur.
452 2790 482 2846 Si
501 2790 531 2845 in
553 2791 661 2845 somnis
682 2791 827 2845 voluntate
854 2789 980 2861 pollutus
1033 2790 1175 2845 autemin
1201 2791 1315 2845 archivo
1331 2791 1416 2862 huJus
1445 2793 1607 2863 apostolicae
1631 2791 1707 2847 sedis
1731 2791 1794 2862 jam
1818 2791 1883 2845 talia

41 2876 46 2885 '
131 2879 177 2947 sit,
189 2884 296 2950 surgat,
313 2883 465 2950 cantetque
482 2883 592 2949 septem
606 2879 733 2934 Psalmos
756 2876 978 2948 poenitentiales,
995 2921 1016 2977 C
1035 2879 1248 2950 contigisse-in
1281 2879 1403 2935 Ecclesia
1441 2881 1588 2947 Hisauriae,
1624 2885 1653 2934 et
1679 2879 1882 2944 Etthesiorum,

130 2966 226 3034 idest,
244 2966 619 3029 uomineneinturorct.
649 2967 725 3021 Beati
736 2982 870 3037 quorum.
884 2966 979 3020 Domi·
1035 2967 1179 3039 simulque
1204 2967 1418 3038 Hierosolyma,
1446 2969 1532 3023 etiam
1555 2968 1676 3023 aliarum
1694 2967 1902 3023 Ecclesiarom.

130 3054 273 3125 ne,nein
299 3056 406 3110 lurore.
434 3056 468 3110 ll.
485 3054 617 3110 ldiserere
635 3055 703 3122 mei,
734 3055 817 3109 Deus.
846 3055 979 3120 Domine,

131 3143 245 3199 exaudi.
263 3144 300 3197 De
312 3142 472 3213 profundis.
496 3141 626 3208 Domine,
651 3141 754 3196 exaudi
768 3143 811 3197 vel
827 3132 979 3212 unusquis·

130 3247 186 3302 que
219 3230 376 3286 seeundum
416 3246 497 3284 suam
527 3229 671 3296 virtutem,
697 3234 725 3284 et
752 3230 783 3283 in
812 3245 896 3284 mane
918 3231 980 3286 XXX

131 3318 259 3373 Psalmos
289 3320 391 3373 cantet.
419 3318 522 3372 Valens
548 3323 644 3372 atatem
675 3317 829 3371 insomnis
850 3334 979 3388 peccare,

131 3408 191 3462 sive
214 3406 263 3478 qui
290 3407 417 3477 pollutus
442 3408 478 3462 sit
503 3406 563 3461 sine
595 3408 750 3474 voluntate,
780 3407 823 3463 XV
852 3408 979 3462 Psalmos

131 3500 233 3551 cantet.
249 3496 370 3551 Peccans
384 3513 443 3552 non
470 3496 606 3569 pollutus,
641 3495 744 3568 viginti
760 3501 886 3568 quatuor
903 3497 980 3552 Psal-

132 3599 203 3640 mos.

352 3690 416 3745 Cae.
432 3691 499 3746 XLl.
513 3719 550 3732 -
564 3692 600 3745 lie
614 3690 707 3746 eedem
717 3707 758 3746 re.

168 3794 222 3865 (Ea
236 3797 418 3852 Puniteutiatt
443 3795 569 3866 Tieode.)
587 3797 658 3850 ltem
673 3795 703 3849 in
731 3811 831 3849 somno
849 3810 980 3865 peccans,

132 3883 154 3937 si
169 3900 202 3939 ex
221 3884 392 3956 cogitatione
413 3885 541 3956 pollutus
568 3883 664 3948 luerit,
680 3884 745 3938 XXV
776 3883 902 3938 Psalmos
921 3901 984 3940 cau·

132 3977 182 4028 tat.
198 3976 229 4028 ln
242 3990 344 4030 somno
368 3989 489 4044 peccans
505 3973 565 4028 sine
578 3971 762 4039 cogitatione,
780 3973 825 4027 Xll
845 3973 981 4029 Psalmos.

133 4062 161 4116 Si
174 4079 272 4118 semen
287 4062 393 4117 luderit
407 4063 437 4117 in
453 4061 577 4117 Ecclesia
595 4077 646 4133 per
674 4061 889 4131 dormitionem,
919 4079 983 4117 can-

133 4156 173 4204 tet
197 4150 376 4217 psalterium,
393 4150 436 4204 vel
458 4153 516 4204 tres
531 4149 592 4205 dies
612 4149 763 4220 poeuiteat:
779 4150 804 4204 si
823 4150 981 4207 voluntarie

134 4255 231 4293 semen
246 4238 352 4295 fuderit
366 4238 396 4293 in
421 4238 545 4293 Ecclesia
564 4238 640 4292 mala
665 4237 849 4309 cogitatione,
860 4239 885 4294 si
900 4239 981 4295 cleri·

134 4345 192 4393 cus,
211 4327 353 4393 XlVdies,
382 4326 529 4392 diaconus,
558 4326 636 4395 XXV,
662 4328 811 4400 presbyter
838 4329 891 4397 XL,
923 4329 984 4401 epi-

133 4431 246 4485 sopus,
257 4416 286 4482 L,
301 4415 468 4477 monachus,
481 4415 553 4470 XXX.

134 4523 197 4577 Lar.
225 4520 303 4578 XLll.
330 4551 364 4562 -
379 4523 417 4576 De
435 4522 556 4590 illisqui
577 4537 627 4591 per
651 4522 817 4578 illecebrosos
842 4525 983 4593 ompteaue

375 4591 551 4659 [amireorum
564 4593 734 4662 polluuntur.

169 4696 223 4770 (Ea
248 4698 431 4754 Poeatteatioti
455 4697 537 4754 Belle
558 4700 616 4768 pr.)
640 4698 694 4763 Qui
722 4714 774 4770 per
801 4698 984 4755 illecebrosos

133 4785 282 4856 atriplexus
309 4785 443 4865 losminae,
474 4786 518 4840 vel
546 4786 643 4839 osculo
676 4785 824 4856 polluitur,
853 4787 893 4841 XX
924 4787 983 4841 dies

133 4874 280 4943 poeniteat.
297 4874 351 4939 Qui
377 4873 472 4944 tetigit
496 4873 686 4928 inverecunde
711 4890 826 4929 carnem
854 4875 983 4946 ejusdem

131 4963 268 5028 famina,
280 4967 336 5017 tres
347 4978 459 5018 menses
473 4962 619 5033 poeniteat.
635 4962 690 5027 Qui
703 4979 756 5033 per
767 4964 983 5036 turpiloquium

133 5051 281 5122 polluitur,
309 5057 420 5121 septem
436 5050 497 5105 dies
523 5051 672 5121 paeniteat.
697 5052 846 5123 Presbyter
860 5053 882 5107 si
898 5069 982 5108 oscu-

134 5139 206 5194 latus
234 5138 322 5194 luerit
347 5139 494 5194 loeminam
522 5155 573 5210 per
588 5139 771 5195 immundum
796 5141 981 5207 desiderium,

132 5225 176 5281 XX
195 5226 256 5280 dies
270 5227 414 5297 poeniteat.
447 5226 476 5282 Si
493 5227 660 5298 inquinatus
672 5228 766 5292 luerit,
783 5229 826 5285 XL
846 5229 908 5284 dies
923 5246 982 5300 ρω-

134 5313 233 5368 niteat.
250 5314 303 5378 Qui
319 5314 348 5369 in
376 5314 498 5370 Ecclesia
513 5331 565 5386 per
589 5331 722 5371 somnum
751 5318 899 5388 polluitur,
926 5323 983 5372 tres

1035 3056 1185 3127 episcopis,
1216 3062 1244 3110 et
1271 3072 1370 3111 saraim
1398 3056 1544 3112 civitatum
1577 3057 1612 3111 ab
1642 3059 1695 3112 hac
1729 3057 1884 3127 apostolica

1035 3145 1112 3213 sede,
1128 3145 1287 3200 volentibus
1298 3144 1381 3213 scire,
1399 3144 1423 3199 si
1438 3145 1532 3200 viriet
1553 3144 1690 3200 mulieres
1705 3144 1838 3199 redirent
1850 3143 1883 3198 ad

1034 3234 1185 3304 proprium
1200 3233 1325 3289 thorum.
1343 3233 1436 3290 Bcatae
1457 3233 1604 3289 memoriae
1631 3231 1807 3287 sanctissimi
1829 3247 1881 3302 pa·

1034 3326 1102 3388 tres,
1117 3322 1219 3385 Julius,
1243 3321 1435 3390 Innocentius,
1451 3330 1480 3378 et
1506 3321 1664 3375 Celestinus
1689 3337 1755 3375 eum
1773 3320 1883 3392 episco-

1035 3426 1138 3482 porum
1167 3410 1360 3481 plurimorum
1389 3415 1417 3465 et
1455 3411 1633 3465 sacerdotum
1664 3415 1821 3474 conventu,
1856 3410 1884 3463 in

1036 3499 1159 3554 Ecclesia
1185 3499 1260 3553 beati
1297 3501 1494 3571 apostolorum
1527 3498 1664 3570 principis
1697 3498 1884 3569 prohibentes

1035 3586 1113 3654 talia,
1144 3588 1371 3658 perscripserunt
1396 3591 1425 3642 et
1456 3586 1708 3654 confirmaverunt,
1740 3590 1774 3640 ut
1807 3583 1885 3641 nollo

1036 3676 1122 3730 modo
1145 3691 1174 3729 se
1205 3675 1233 3729 iu
1254 3675 1389 3746 conjugio
1409 3676 1570 3746 reciperent
1584 3673 1731 3741 mulieres,
1757 3677 1809 3728 aut
1823 3672 1885 3740 viri,

1037 3764 1087 3837 qui
1097 3779 1151 3835 per
1162 3779 1363 3836 quamcunque
1378 3764 1519 3818 rationem
1539 3762 1719 3834 susciperent
1733 3766 1826 3830 natos,
1838 3760 1886 3816 sed

1036 3858 1203 3923 separarent
1214 3868 1258 3906 se:
1273 3867 1310 3906 ne
1327 3852 1464 3907 suadente
1476 3836 1591 3907 diabolo
1598 3852 1654 3908 tale
1663 3851 1768 3906 vitium
1777 3851 1886 3922 peccari

1037 3942 1173 3996 inolescat
1185 3956 1237 4012 per
1251 3941 1404 4007 mundum,
1428 3944 1458 3996 et
1472 3940 1671 3995 universorum
1686 3955 1769 3994 error
1791 3954 1886 3994 accre-

1038 4030 1105 4081 scat.
1120 4025 1202 4081 Scitis
1217 4025 1285 4096 quia
1299 4025 1444 4096 quomodo
1473 4028 1540 4080 sunt
1568 4029 1678 4095 septem
1703 4022 1779 4078 dona
1798 4021 1885 4078 sancti

1037 4113 1169 4185 Spiritus,
1194 4114 1233 4168 ita
1259 4118 1326 4168 sunt
1352 4118 1461 4185 septem
1488 4113 1564 4168 dona
1579 4111 1885 4184 baptismiltprimo·

997 4201 1143 4274 npabulo
1183 4201 1285 4256 sacrati
1312 4202 1388 4265 salis,
1417 4206 1446 4257 et
1472 4201 1605 4273 ingressu
1628 4206 1734 4256 sanctae
1759 4201 1886 4256 Eccleue

1038 4306 1130 4362 usque
1138 4290 1173 4344 ad
1184 4291 1432 4346 confirmationem
1443 4290 1566 4362 Spiritus
1575 4290 1665 4345 sancti
1680 4306 1734 4361 per
1746 4290 1883 4346 Chrisma.

1038 4380 1078 4438 lb
1102 4380 1156 4434 hoc
1174 4380 1268 4450 primo
1288 4378 1411 4449 Spiritus
1431 4379 1522 4434 sancti
1537 4378 1614 4434 done
1632 4393 1726 4450 usque
1741 4378 1777 4433 ad
1804 4377 1885 4449 septi·

1038 4484 1129 4537 mum,
1151 4469 1247 4522 nullus
1269 4467 1446 4523 Christianus
1465 4483 1547 4522 suam
1567 4471 1756 4522 commatrem
1770 4465 1802 4519 in
1817 4479 1883 4519 con·

1035 4557 1150 4628 jugium
1177 4557 1304 4627 recipere
1324 4557 1418 4624 debet,
1443 4561 1472 4612 et
1492 4555 1541 4629 qui
1570 4554 1798 4627 presumpserit,
1825 4569 1884 4607 ana·

1037 4646 1172 4701 thematis
1187 4645 1300 4700 vinculo
1311 4645 1448 4717 religetur
1463 4645 1493 4700 in
1508 4650 1656 4717 perpetuo,
1671 4644 1729 4699 nisi
1744 4642 1882 4717 paeniten-

1037 4733 1107 4790 tiam
1138 4734 1232 4805 egerit
1262 4735 1358 4806 digne.
1390 4734 1521 4790 Mulieres
1550 4749 1618 4789 vero
1650 4748 1717 4787 cnm
1747 4735 1883 4804 separate

1037 4823 1154 4891 luerint,
1167 4839 1199 4878 ac
1218 4839 1270 4895 pro
1282 4823 1380 4878 illicita
1397 4824 1507 4878 actione
1523 4821 1683 4894 apropriia
1700 4820 1781 4885 viris,
1797 4825 1882 4876 totam

1037 4912 1221 4984 precipimus
1245 4911 1373 4983 recipere
1397 4911 1506 4978 dotem,
1524 4927 1609 4984 quam
1638 4911 1667 4965 in
1694 4911 1741 4965 dia
1767 4909 1883 4982 nuptiali

1037 5001 1208 5069 receperint,
1229 5004 1333 5070 etpost
1352 5001 1497 5071 expletum
1513 5015 1621 5054 aunum
1637 4997 1781 5070 recipiant
1799 4999 1883 5055 alium

1036 5088 1140 5155 virum,
1156 5088 1181 5141 si
1193 5088 1345 5142 voluerint.
1364 5088 1502 5144 Similiter
1512 5093 1541 5142 et
1552 5088 1594 5142 vir
1608 5103 1737 5142 uxorem.

1037 5177 1102 5231 Car.
1119 5177 1196 5232 XLV.
1212 5206 1247 5218 -
1263 5181 1298 5232 lte
1313 5193 1341 5231 ee
1364 5180 1413 5246 qui
1435 5178 1591 5248 spiritatem
1606 5175 1687 5230 tabet
1711 5183 1883 5248 computrere,

1073 5251 1151 5316 cutus
1173 5263 1243 5302 uuor
1265 5255 1409 5303 corttmaler
1436 5264 1489 5302 aaa
1518 5254 1568 5313 est,
1596 5253 1623 5304 et
1642 5262 1671 5302 eo
1698 5247 1841 5316 desumto,
1863 5248 1885 5302 si

1072 5319 1131 5388 ejus
1145 5319 1257 5373 uiduam
1273 5322 1360 5389 possit
1374 5320 1600 5374 ducereuaorem.

134 5401 195 5455 dies
210 5401 357 5471 paeniteat.
374 5403 428 5467 Qui
444 5403 473 5457 in
489 5403 597 5458 somnis
625 5405 770 5460 voluntate
787 5407 981 5478 pollutusest,
1073 5407 1130 5477 (Ee
1148 5409 1259 5464 concilio
1280 5408 1462 5474 triburiensi
1485 5409 1612 5476 interficit
1643 5421 1694 5463 reu
1718 5407 1882 5480 melpum,

132 5494 232 5562 surgat
247 5495 276 5544 et
289 5494 384 5545 cantet
397 5497 507 5562 septem
526 5493 653 5549 Psalmos
663 5494 892 5567 ,penitentialea
909 5500 938 5551 et
951 5495 981 5550 in
1037 5497 1126 5567 capite
1145 5495 1203 5569 lt.)
1231 5496 1286 5562 Qui
1302 5496 1462 5569 spiritalem
1486 5501 1664 5568 compatrem
1689 5496 1793 5566 babet,
1807 5494 1884 5569 cujus
