3894 6120
152 289 206 346 idi

805 282 834 340 S.
857 279 1001 340 nutaret
1019 275 1257 340 mereatoris

1861 282 1907 338 iit

156 412 236 468 ribus
258 410 360 468 restris
386 409 578 483 jamdudum
605 425 656 481 per
679 406 842 463 donationis
869 407 1006 479 pagiuam
1023 411 1047 463 A
1064 407 1176 463 soribus
1202 407 1275 479 ejus,
1300 411 1387 478 prout
1413 403 1487 462 bone
1517 403 1659 462 memoris
1689 421 1770 479 pape
1795 405 1911 462 iohanni

157 501 352 566 contulerunt,
377 501 484 556 hocest
507 498 651 553 civitatem
677 497 854 563 Ravennam,
869 504 899 551 et
931 496 1010 551 Emi·

157 591 237 656 liam,
254 591 388 654 Bobium,
418 590 565 655 Cesenam,
592 586 811 658 Forurnpopuli,
834 587 1009 654 Forumlivii,

158 679 335 747 Faventiam,
370 679 498 744 lrnolam,
528 676 698 744 Bononiam,
718 675 890 744 Ferrariam,
911 677 1011 732 Corna-

158 769 245 835 elum,
260 768 404 833 adrianis,
425 774 511 836 atque
531 763 692 830 Gabellum,
708 779 773 817 cum
789 764 922 818 omnibns
944 764 1010 819 tini·

158 856 222 923 bns,
233 855 388 910 territoriis
403 860 488 924 atque
503 853 605 907 insulis
620 858 696 907 terra
711 852 842 923 marique
857 853 892 908 ad
910 869 1010 923 snpra·

160 944 249 999 dictas
269 943 400 998 civitates
418 940 642 1014 pertinentibus,
665 939 751 995 simul
765 947 794 996 et
821 941 1009 1013 Pentapolim,

159 1033 292 1087 videlicet
316 1030 490 1097 Ariminum,
521 1031 710 1096 Penseurum,
742 1029 860 1097 Fanum,
877 1030 1012 1102 Senogal·

159 1120 237 1186 liam,
267 1122 427 1184 Anconam,
452 1118 615 1185 ausimum,
637 1119 809 1184 Humanam,
825 1118 934 1186 blesim,
960 1119 1010 1173 Fo-

159 1206 387 1277 rumsimpronii,
416 1205 629 1272 ldontemleltri,
662 1204 818 1271 Urbanum,
845 1212 873 1260 et
893 1206 1009 1262 territo·

83 1276 89 1289 ⁶
160 1295 235 1348 rium
271 1294 448 1360 balnensem,
474 1294 559 1348 Callis
586 1295 618 1359 ⁸⁵,
636 1292 768 1355 Luciolis,
785 1297 815 1346 et
835 1292 1009 1362 Eugnbium,

159 1398 224 1436 cum
242 1382 377 1437 omnibns
391 1381 499 1436 linibus
513 1396 546 1434 ac
561 1378 715 1434 territoriis
739 1379 775 1434 ed
799 1381 914 1435 eaedem
939 1381 1012 1435 civis

161 1475 232 1525 tates
247 1468 469 1540 pertinentibus.
499 1468 603 1522 Eodem
626 1467 713 1521 modo
737 1468 914 1524 territorium
933 1469 1012 1524 Sabi-

160 1574 258 1622 neuse,
274 1557 348 1611 sicut
362 1555 525 1625 apredictis
547 1555 769 1625 imperatoribus
786 1558 1011 1612 antecessoribus

1065 498 1181 569 suisque
1209 495 1449 552 successoribnsa
1475 494 1728 566 predecessoribus
1746 494 1855 550 nostris
1868 494 1910 551 ot-

1064 585 1180 640 tonibus
1196 584 1303 640 iactum
1319 590 1362 638 est
1385 583 1512 638 civitates
1536 589 1565 638 et
1578 582 1687 656 oppida
1706 598 1776 639 cnm
1792 582 1913 655 piscariis

1065 674 1124 729 suis
1139 674 1266 740 Reatem,
1291 673 1480 735 Amiternam,
1496 672 1666 738 Furcouem,
1690 672 1841 738 Nursism,
1857 672 1912 727 nst-

1065 779 1141 832 vem,
1154 767 1183 817 et
1209 761 1349 826 llarsiasn,
1366 765 1395 815 et
1412 760 1482 815 alibi
1495 760 1637 815 civitatem
1660 761 1829 815 'lerannem
1855 776 1915 817 curo

1064 850 1247 922 pertiuentiis
1261 849 1329 906 suis.
1356 851 1411 903 Has
1427 863 1527 904 omnes
1550 848 1732 920 supradictas
1747 849 1912 921 provincias,

1065 939 1152 994 urbes
1172 945 1200 993 et
1223 938 1360 1006 civitates,
1376 937 1483 1009 oppida
1509 941 1594 1009 atque
1616 936 1747 1002 castella,
1767 936 1914 994 siculosse

1065 1028 1219 1096 territoria,
1236 1025 1559 1098 simulquepotrimonia
1575 1041 1628 1097 pro
1641 1030 1720 1082 statu
1730 1025 1818 1096 regni
1833 1028 1913 1084 nostri

1065 1120 1225 1186 cunctoque
1254 1114 1474 1169 christianornm
1504 1115 1610 1185 populo
1629 1112 1834 1168 conservando
1859 1112 1910 1183 jam

1065 1203 1140 1257 dicte
1168 1201 1285 1257 ecclesie
1309 1207 1369 1268 tue,
1395 1201 1478 1256 beate
1510 1201 1602 1269 Petro,
1637 1200 1747 1256 sicario
1789 1205 1842 1254 tno
1868 1201 1909 1256 es

1065 1291 1189 1358 aedicto,
1221 1306 1253 1345 ac
1268 1289 1479 1346 successoribus
1504 1289 1566 1359 ejus
1584 1288 1730 1360 usquein
1762 1287 1854 1343 finem
1873 1304 1907 1343 se

1065 1379 1121 1434 culi
1135 1395 1168 1434 eo
1186 1379 1271 1434 modo
1286 1379 1499 1440 confirmamus,
1522 1383 1552 1431 ut
1566 1376 1598 1431 in
1612 1392 1664 1431 suo
1679 1375 1908 1447 detineantjcrs.

1065 1467 1240 1539 principatu,
1258 1472 1343 1538 atque
1353 1465 1472 1521 ditione.
1487 1465 1578 1521 Simili
1588 1465 1676 1520 modo
1689 1479 1744 1536 per
1752 1465 1811 1520 hoc
1826 1470 1909 1520 noers

1065 1555 1254 1627 delegationis
1276 1561 1391 1626 pactum
1417 1553 1622 1608 confirmamus
1647 1551 1834 1619 donationes,
1850 1569 1909 1626 qaas

159 1645 264 1700 nostris
285 1644 369 1698 beato
382 1644 464 1698 Petro
488 1645 617 1713 apostolo
630 1660 683 1715 per
694 1644 858 1698 donationis
872 1647 1010 1716 scriptum
1065 1644 1113 1714 pie
1126 1643 1331 1699 recordationis
1349 1642 1469 1713 Pipinus
1484 1656 1543 1708 rex,
1557 1648 1586 1697 et
1600 1647 1702 1712 postea
1721 1640 1849 1695 domnus
1863 1642 1908 1696 tta·

160 1747 327 1786 concessum
348 1735 392 1786 est
419 1731 471 1786 snb
491 1732 665 1802 integritate,
681 1731 710 1786 id
725 1736 768 1786 est
799 1731 824 1768 ⁸⁶
838 1733 1011 1805 inpartibus
1064 1731 1409 1787 rolnsercetlentissimus
1425 1730 1590 1802 imperator,
1606 1744 1639 1785 ac
1653 1729 1795 1801 deinceps
1805 1728 1909 1785 ottones

159 1819 259 1873 tuscie
296 1820 547 1890 Langobardorum
586 1820 736 1874 castellnm
769 1820 931 1887 Felicitatis,
963 1823 1012 1877 Ur-

158 1907 363 1973 bemeeterem,
394 1908 531 1962 Balneum
560 1908 655 1978 Regis,
688 1908 809 1977 Ferenti,
840 1910 1009 1977 viterbium,

159 1995 266 2055 Oetam,
302 1997 421 2051 ldartam
447 1998 479 2061 ⁸⁷,
510 1997 635 2062 Pledam,
673 1997 843 2064 tuscanam,
873 1999 1009 2065 Suanam,

161 2083 365 2154 Populonium,
382 2084 516 2152 Roselles,
531 2099 597 2138 cum
612 2084 786 2139 suburbanis
796 2092 884 2158 atque
900 2086 1009 2155 viculis,

159 2176 187 2225 et
200 2172 336 2227 omnibus
352 2170 503 2226 territoriis
525 2187 557 2226 ac
572 2172 726 2227 maritimis
745 2173 868 2244 oppidis,
883 2189 933 2229 seu
948 2174 1012 2229 liui-

159 2261 213 2315 bus
223 2260 370 2315 omnibns.
384 2260 513 2330 itemque
529 2277 544 2314 a
562 2260 722 2315 Lnniscnm
739 2260 833 2316 insula
844 2261 967 2329 Corsica,
981 2263 1012 2317 in

1065 1821 1188 1892 piissimi
1205 1821 1289 1875 beato
1311 1822 1395 1875 Petro
1411 1818 1516 1874 Christi
1540 1818 1671 1890 apostolo
1694 1823 1857 1889 spontanea
1869 1835 1908 1873 ro-

1065 1909 1177 1964 luutate
1198 1909 1393 1975 contulerunt,
1417 1923 1469 1962 nee
1488 1922 1549 1963 non
1563 1912 1592 1961 et
1606 1921 1739 1973 censum,
1757 1911 1787 1962 et
1809 1906 1907 1979 pensio·

1065 2013 1144 2063 nem,
1160 2013 1210 2052 seu
1221 2003 1330 2052 ceteras
1350 1995 1489 2062 dationes,
1499 2011 1555 2067 qne
1566 1995 1719 2050 annuatim
1737 1995 1771 2049 in
1780 1995 1906 2066 palatium

1066 2086 1142 2157 regis
1157 2084 1408 2157 Langobardorum
1424 2082 1674 2148 inferrisolebant,
1686 2082 1748 2138 sive
1763 2083 1801 2137 de
1809 2083 1906 2148 Tuscis,
1945 2141 1947 2146 ,

1066 2171 1125 2226 sire
1138 2171 1173 2226 de
1194 2171 1299 2227 ducatu
1313 2172 1475 2242 Spoletano,
1496 2170 1569 2226 sicut
1587 2170 1619 2225 in
1639 2170 1818 2242 supradictis
1830 2171 1905 2226 dons-

1066 2259 1193 2315 tionibns
1208 2261 1381 2328 continetur,
1404 2264 1432 2314 et
1446 2259 1521 2315 inter
1535 2265 1631 2314 sancte
1655 2260 1803 2314 memorie
1823 2256 1907 2314 Adria»

159 2348 294 2416 Suriano,
306 2348 410 2403 deinde
422 2347 451 2401 in
462 2353 559 2402 moute
572 2347 720 2414 bardonis,
735 2347 838 2403 deinde
856 2349 885 2402 io
898 2349 1012 2405 Berceto
1067 2364 1135 2403 num
1152 2365 1256 2421 papam
1269 2349 1447 2404 etdomnum
1464 2348 1601 2402 Karolum
1623 2347 1835 2420 imperatorem
1849 2362 1906 2402 cen·

159 2438 300 2493 exindein
315 2439 426 2502 Parma,
443 2435 547 2490 deinde
564 2435 594 2489 in
613 2435 743 2505 liegiam,
768 2436 870 2491 exinde
885 2437 915 2491 in
938 2439 1013 2493 llan-
1066 2435 1154 2503 venit,
1164 2437 1280 2508 quando
1295 2437 1373 2492 idem
1384 2436 1512 2508 pontifex
1522 2436 1616 2491 eidem
1630 2437 1665 2491 de
1681 2433 1907 2507 supradictistlu

159 2533 219 2594 tua,
242 2531 330 2598 atque
346 2524 376 2579 in
392 2526 484 2579 blonle
498 2523 601 2591 Silicis,
614 2528 700 2595 atque
715 2525 864 2595 provincia
878 2527 1012 2582 Venetia·
1065 2525 1183 2590 cetibus,
1199 2524 1274 2580 idest
1292 2526 1421 2580 Tuscano
1434 2530 1463 2581 et
1484 2525 1647 2595 Spoletsuo,
1658 2540 1712 2579 sue
1741 2522 1907 2578 auctoritatis

159 2614 414 2682 rnm,1stria,nec
433 2618 536 2667 uonet
559 2618 693 2667 cunctum
715 2612 901 2685 Spoletinum
926 2615 1012 2669 duca·
1066 2611 1437 2682 preceptumconlirmavit,
1468 2627 1501 2666 eo
1528 2610 1635 2666 scilicet
1656 2610 1748 2666 modo
1772 2615 1808 2665 ut
1837 2608 1907 2664 suuis

160 2708 232 2768 tum,
255 2719 308 2758 seu
333 2703 565 2756 Beneventanum
589 2717 648 2756 nna
674 2717 739 2756 cum
768 2701 887 2757 ecclesia
915 2710 1012 2759 sancte
1065 2699 1189 2770 singulis
1208 2700 1352 2772 predictus
1373 2716 1475 2756 census
1496 2700 1532 2755 ed
1545 2707 1659 2772 partem
1685 2699 1808 2754 ecclesie
1831 2703 1908 2753 uncti

159 2791 304 2848 Christine
328 2789 422 2860 posita
437 2805 528 2859 prope
544 2790 660 2860 Papiam
672 2790 755 2860 juxta
780 2791 888 2846 Padum
909 2797 1011 2864 quarto
1066 2788 1143 2843 Petri
1152 2790 1348 2859 persolvatur;
1359 2791 1437 2845 salva
1450 2804 1535 2860 super
1557 2787 1675 2843 eosdem
1685 2788 1812 2842 ducatus
1821 2789 1908 2841 nostra

160 2880 294 2934 miliario.
326 2879 398 2931 item
424 2877 599 2946 inpartibus
625 2877 781 2946 Campania
808 2879 886 2940 Sora,
916 2876 1242 2967 Arceseinomnibus
1257 2877 1466 2944 dominatione,
1482 2883 1510 2932 et
1526 2877 1643 2932 ntorum
1658 2876 1696 2930 ed
1712 2880 1906 2945 nostrampss
1946 2938 1947 2962 ¹

161 2968 319 3038 aquinum,
335 2963 487 3035 arpinum,
510 2965 647 3031 Teanum,
672 2965 810 3036 Capuam,
827 2982 879 3020 nec
902 2983 960 3022 non
984 2973 1013 3024 et
1068 2964 1907 3036 temsnbjectione.Ceterum,sicutdiximus,omniasaprs·

161 3053 370 3125 patrimonium
395 3052 432 3106 ed
458 3057 628 3122 potestatem
663 3059 693 3107 et
718 3055 859 3108 ditionem
886 3062 1010 3110 vestram
1065 3054 1171 3125 scripta
1182 3055 1302 3110 nomina
1319 3054 1361 3109 ita
1375 3055 1411 3110 ad
1426 3061 1551 3111 nostram
1562 3062 1674 3126 partem
1684 3069 1741 3126 per
1754 3056 1810 3111 boc
1823 3061 1907 3111 nostre

164 3141 346 3210 pertinentia,
359 3137 433 3193 sicut
455 3144 498 3192 est
511 3137 720 3209 patrimonium
736 3140 969 3195 Beneventanum
984 3146 1011 3196 et
1065 3142 1289 3198 confirmationis
1312 3148 1428 3214 pactum
1442 3143 1701 3210 corroboravimus,
1724 3147 1759 3198 ut
1782 3143 1813 3198 in
1827 3149 1907 3198 restra

162 3229 393 3300 Neapolitanum,
410 3231 494 3297 atque
514 3226 688 3297 patrimonio
713 3227 841 3283 Calabris
856 3230 1012 3299 superioris
1063 3234 1334 3303 permaneautjure,
1350 3233 1606 3304 principatumque
1618 3229 1742 3305 ditione,
1759 3238 1789 3287 et
1799 3248 1907 3304 aeques

163 3323 192 3373 et
203 3315 362 3383 inferioris,
379 3316 414 3370 de
438 3316 550 3370 civitate
566 3323 662 3370 autem
679 3316 868 3388 Neapolitana
882 3334 946 3372 cum
964 3335 1009 3373 ca·
1065 3319 1148 3374 nobis
1168 3336 1261 3391 neque
1275 3337 1292 3374 a
1305 3321 1515 3376 successoribus
1536 3319 1640 3374 nostris
1655 3335 1708 3390 per
1722 3321 1855 3392 quolibet
1871 3336 1907 3375 ar·

163 3407 261 3474 stellis,
272 3410 301 3460 et
325 3403 486 3470 territoriis,
500 3420 532 3458 ac
548 3404 663 3471 linibm,
680 3411 709 3460 et
727 3404 829 3459 insulis
855 3405 909 3461 sibi
923 3408 1011 3477 perti·
1065 3414 1236 3477 gumentum
1250 3408 1309 3463 sive
1333 3408 1575 3464 machinationem
1592 3408 1622 3462 in
1635 3423 1823 3481 quecumque
1837 3417 1908 3480 parts

164 3494 297 3549 uentibus
311 3493 384 3548 sicut
393 3492 427 3547 ad
452 3493 568 3548 easdem
582 3492 710 3562 aspicere
729 3493 872 3556 ridentur,
885 3510 938 3549 nec
952 3512 1011 3550 nou
1064 3500 1157 3550 vestra
1167 3501 1292 3566 potestas
1306 3494 1506 3563 imminuatur,
1522 3499 1599 3550 anta
1620 3494 1700 3549 vobis
1714 3495 1786 3552 inde
1810 3495 1908 3569 aliquid

160 3581 366 3654 patrimonium
385 3581 490 3643 Sicilie,
513 3581 537 3636 si
565 3581 760 3637 Deusnosiris
776 3581 848 3636 illud
863 3583 1012 3639 tradiderit
1064 3582 1258 3649 subtrabatur,
1290 3584 1325 3638 de
1360 3583 1559 3655 suprascriptis
1587 3582 1719 3637 videlicet
1753 3585 1907 3654 pmsincm,

162 3672 305 3728 menibus.
331 3669 423 3725 Simili
449 3669 533 3725 modo
564 3667 708 3726 civitatem
733 3671 872 3738 Gaietam,
887 3679 916 3727 et
936 3673 1011 3727 Fun·
1063 3672 1191 3739 urbibus,
1203 3671 1377 3739 civitatibus,
1393 3672 1519 3744 oppidis,
1538 3671 1647 3739 castris,
1665 3671 1779 3742 viculis,
1804 3675 1908 3729 territo·

161 3767 240 3827 darm,
261 3774 327 3813 cum
354 3759 602 3814 omnibnsearum
632 3759 822 3828 pertinentiis.
853 3760 1012 3831 Superhoc
1064 3759 1114 3813 riis
1133 3774 1165 3813 ac
1189 3758 1380 3829 patrimoniis,
1401 3776 1454 3815 nec
1478 3763 1580 3815 nonet
1604 3757 1808 3828 pensionibus,
1832 3769 1908 3832 atque

161 3850 367 3903 conllrmamns
383 3848 464 3902 vobis
479 3848 619 3902 Fnldeuse
646 3847 863 3914 monasterium,
882 3853 911 3902 et
925 3848 1010 3902 abba·
1064 3847 1207 3914 censibus,
1228 3845 1268 3902 ita
1291 3852 1322 3902 ut
1344 3864 1439 3920 neque
1461 3865 1514 3904 nos
1539 3846 1640 3901 lactari
1661 3847 1764 3916 simus,
1781 3865 1875 3920 neque
1896 3863 1909 3901 ι

161 3938 196 3990 tis
219 3938 281 4008 ejus
309 3936 565 3998 consecrationem,
599 3941 686 4006 atque
705 3937 802 3990 omnia
827 3936 1010 4003 monasteria,
1065 3934 1242 4005 quibuslibet
1260 3952 1294 3991 ea
1314 3936 1408 3990 iacere
1431 3937 1592 3992 volentibus
1616 3935 1845 4004 consentiamus,
1868 3936 1910 3991 sed

161 4031 263 4088 cortes,
275 4031 304 4078 et
320 4024 409 4091 villas,
426 4041 497 4094 quas
512 4023 541 4076 in
558 4024 777 4077 ultramontanis
802 4024 931 4093 partibus
945 4041 1010 4078 san·
1065 4025 1269 4096 potiusornnia
1280 4039 1335 4095 que
1346 4025 1478 4096 superins
1489 4027 1633 4095 leguntur,
1656 4023 1741 4078 idest
1760 4027 1908 4096 provincie.

160 4118 221 4164 ctns
249 4113 349 4165 Petrus
371 4110 475 4165 trabere
502 4109 784 4181 dinosciturabsque
807 4114 934 4164 Antesne
956 4112 1011 4165 Wi-
1065 4112 1201 4180 civitates,
1216 4117 1313 4177 urbes,
1329 4115 1454 4182 castella,
1469 4114 1585 4184 oppida,
1601 4119 1703 4177 terres,
1727 4114 1909 4183 patrimonia,

161 4197 313 4266 niberinga
328 4196 352 4231 ⁸⁸
371 4197 429 4250 sire
455 4195 635 4260 Willinbach,
651 4213 739 4266 quea
761 4197 851 4251 sancti
876 4196 950 4251 Petri
965 4214 1008 4252 ec·
1024 4190 1045 4245 D
1064 4202 1150 4270 atque
1164 4200 1264 4265 insule,
1280 4217 1451 4273 censusque,
1466 4201 1618 4273 pensiones
1642 4200 1676 4253 ad
1693 4208 1809 4269 partem
1827 4204 1908 4257 eccle·

160 4284 245 4337 clesia
269 4300 322 4354 per
343 4283 576 4337 commutationis
597 4286 733 4354 paginam
752 4287 884 4356 episcopo
912 4293 1010 4340 nostro
1064 4287 1104 4340 sie
1120 4288 1195 4342 beati
1213 4289 1286 4343 Petri
1302 4290 1424 4360 apostoli
1440 4298 1525 4360 atque
1550 4285 1721 4358 pontificum
1736 4288 1766 4341 io
1791 4290 1913 4343 sacratis

161 4370 364 4446 bambergensi
378 4372 479 4427 collate
496 4376 573 4435 sunt,
591 4386 641 4441 pro
664 4373 767 4442 qnibus
782 4373 1009 4444 sepedicteecle·

160 4460 201 4513 sie
214 4460 304 4515 sancti
326 4459 401 4514 Petri
420 4458 647 4526 transcribimus,
666 4462 849 4516 concedimus
864 4468 893 4516 et
911 4462 1007 4518 lirma·

160 4563 224 4602 mus
252 4564 368 4604 ornnem
392 4549 471 4604 illam
499 4554 617 4615 terrain,
646 4565 734 4620 qnam
759 4551 837 4605 inter
861 4552 1008 4621 Narniam,

1062 4375 1135 4431 sima
1146 4377 1213 4432 sede
1228 4378 1305 4430 illius
1329 4378 1516 4433 residentium
1532 4395 1584 4434 nos
1598 4378 1628 4432 in
1653 4384 1797 4446 quantum
1815 4396 1911 4451 possu-

1063 4480 1128 4518 mns
1151 4465 1314 4521 defensores
1341 4483 1402 4521 esse
1427 4472 1577 4536 testamur,
1594 4471 1631 4525 ad
1650 4471 1703 4524 boc
1732 4476 1766 4524 ut
1779 4486 1847 4524 eam
1862 4468 1912 4523 iilis

1063 4551 1203 4608 ditionem
1230 4554 1421 4610 adutendnm
1448 4561 1534 4627 atque
1565 4558 1777 4629 disponendam
1794 4559 1913 4613 tirmiter

159 4637 328 4700 Terauoem,
360 4637 402 4690 vel
421 4637 613 4708 Spoletnmer
638 4639 718 4708 regui
748 4639 837 4694 nostri
855 4645 936 4710 parte
954 4642 1009 4696 ha·
1063 4642 1176 4698 valeant
1198 4643 1477 4712 optineri3salsaiu
1501 4646 1636 4701 omnibus
1654 4653 1798 4717 potestate
1821 4654 1914 4702 nostra

159 4725 285 4782 buimns.
298 4724 357 4782 Sub
373 4725 493 4780 tuitione
507 4731 636 4797 preterea
649 4727 739 4781 sancti
754 4726 842 4793 Petri,
858 4732 886 4780 et
904 4735 1008 4799 vestra,
1063 4733 1303 4802 posterorumque
1314 4737 1488 4794 nostrorum.
1505 4736 1664 4789 secundnm
1683 4736 1761 4804 quod
1773 4733 1808 4789 in
1823 4744 1915 4805 pacto,

159 4822 378 4885 vestrorumque
396 4828 602 4882 successorum,
624 4819 802 4886 pretaxatam
831 4815 1010 4887 episcopiam
1063 4819 1318 4885 etconstitntione,
1344 4834 1377 4874 ac
1409 4820 1610 4890 promissionis
1634 4823 1771 4878 firmitate
1801 4821 1918 4894 Engeuii

160 4903 369 4974 bambergense
392 4901 548 4956 otierirnus.
565 4902 644 4957 Unde
658 4904 711 4958 sub
727 4904 876 4974 pensionis
891 4905 1010 4959 nomine
1063 4906 1206 4976 pontificis
1222 4922 1476 4980 successorumque
1493 4909 1570 4964 illins
1585 4911 1759 4979 continetur,
1775 4916 1811 4966 nt
1825 4911 1919 4967 omnis

159 5006 267 5062 equom
283 5005 373 5044 nuum
397 4990 494 5044 album
510 4989 660 5045 faleratum
673 5009 706 5047 cr
731 4992 861 5063 ejusdem
878 4991 930 5046 loci
951 4993 1010 5064 epi·
1063 4994 1157 5049 clerus
1170 5000 1199 5049 et
1219 4995 1346 5050 universi
1369 4998 1469 5068 populi
1499 4998 1623 5053 Romani
1650 4999 1787 5055 nobilitas
1801 5006 1920 5072 propter

160 5095 246 5150 scopo
270 5096 319 5134 vos
333 5078 497 5134 annualiter
515 5087 696 5149 suscepturos
726 5081 880 5135 sancimus.
905 5080 1010 5136 Obcri·
1063 5081 1189 5137 diversas
1226 5085 1407 5139 necessitates
1434 5089 1463 5140 et
1502 5087 1672 5155 pontilicum
1703 5087 1920 5144 irrationabiles

161 5182 226 5221 mus
247 5168 375 5239 insuper,
400 5168 561 5233 firmamus,
577 5172 605 5221 et
623 5169 842 5223 corroboremus
856 5169 909 5223 tibi
926 5169 1009 5225 beato
1064 5187 1133 5244 erga
1147 5173 1284 5244 populum
1299 5173 1353 5228 sibi
1368 5174 1529 5246 subjectum
1539 5177 1706 5247 asperitates
1721 5177 1921 5232 retundendas

161 5255 256 5322 Petro,
273 5272 305 5310 ac
327 5255 432 5312 vicario
450 5264 499 5311 tuo
527 5255 634 5312 domno
660 5257 822 5325 benedicto,
848 5262 876 5313 et
899 5274 1008 5313 succes·
1063 5269 1243 5316 sacramento
1269 5278 1298 5318 se
1312 5263 1430 5335 obliget,
1463 5263 1599 5336 quatinus
1626 5264 1724 5321 lutura
1746 5266 1920 5336 pontificum

870 5390 988 5446 VARlAE
1010 5391 1212 5450 caenosis.

195 5513 217 5545 ⁸³
247 5507 333 5564 Collis
362 5510 471 5577 Beroia.
505 5511 528 5547 ⁸⁶
558 5518 587 5567 el
612 5514 722 5582 ennio.
754 5515 775 5548 ⁸⁷
809 5514 929 5571 Mariani
959 5517 989 5571 a.
1023 5516 1048 5554 ⁸⁸
1066 5518 1489 5591 Vurniteringas.lliullmbacb
1505 5523 1538 5576 B.
1628 5595 1631 5598 ἢ
