3894 6120
144 271 196 326 tot
647 264 855 323 Tlleuclllttl
875 263 1096 324 pausarium
1117 263 1410 323 litteustlalttttns.
1858 269 1911 323 tos

145 394 182 450 ad
197 390 407 449 dedicationem
426 385 563 445 aecclesie
582 386 750 458 inritatum,
768 389 808 444 nil
828 387 870 443 illi
885 388 1044 445 honoriae
1064 387 1143 444 modi
1168 387 1317 444 invasione
1347 387 1473 457 desistat,
1510 402 1564 444 uec
1593 402 1625 444 se
1648 386 1829 445 intromittet
1856 390 1912 447 nisi

147 482 308 539 exhibitum
346 480 436 536 immo
455 477 622 543 exclusum;
647 479 728 533 unde
756 476 1001 532 consecrationem
1056 481 1197 550 quantum
1214 493 1336 532 cauoucs
1359 477 1581 544 conceduut;si
1605 493 1659 533 suo
1677 477 1740 550 juri
1769 479 1906 553 singulari

148 569 295 637 ecelesiae,
311 584 377 640 quas
410 568 446 623 ad
464 583 493 622 se
520 565 679 637 pertineat,
709 565 845 620 omuibus
866 566 928 620 sine
947 581 1001 621 suo
1056 565 1206 639 privilegio
1226 566 1362 637 quiddam
1389 565 1541 637 suffragari
1570 566 1708 636 aestimet,
1737 566 1835 639 ipsum
1849 584 1906 625 non

148 653 622 716 consensucanoniceaucloritete
651 653 813 709 interdicit.
844 655 955 720 Quade
972 670 1002 710 re
1057 653 1616 727 defuturum,quincommuniconsiliu
1633 655 1908 726 fratrum,ubicom·

149 745 336 819 congregatio
351 760 484 801 sororum
505 742 667 814 indignata,
704 742 772 813 igne
793 742 912 813 majoris
925 742 1001 798 indi·
1057 761 1114 818 que
1129 745 1278 817 delegerit,
1292 744 1437 815 justiciam
1467 743 1634 815 plenissime
1660 749 1833 818 exequetur.
1855 749 1907 801 Ar-

150 835 296 911 guntionis
310 834 478 891 accenditur
492 831 527 869 ⁸⁸·
543 832 650 886 Verum
666 845 734 884 cum
762 829 799 884 ad
830 830 1003 885 oblationem
1057 832 1257 904 ehiepiscopus
1281 841 1377 888 autem
1398 831 1541 918 ascerbiori
1563 832 1769 905 indignatione
1800 833 1904 889 iullsm·

151 933 268 981 rentum
283 927 335 992 est,
350 923 462 979 oblatas
487 919 691 990 indignatione
718 923 746 974 et
765 919 928 974 incredibili
956 918 1003 974 fu·
1058 927 1162 990 matus,
1180 923 1305 989 mandat,
1326 926 1356 977 ut
1371 922 1464 993 primo
1482 937 1565 976 mane
1583 922 1735 994 sequentis
1760 921 1828 990 diei,
1843 938 1900 994 quas

152 1030 217 1071 rore
231 1011 399 1084 projiciunt,
420 1024 495 1064 seuva
509 1008 664 1063 maledicta
693 1006 831 1078 episcopo
857 1007 1002 1079 ingerunt.
1059 1019 1129 1066 tuuc
1153 1011 1302 1066 [lominica
1328 1009 1511 1065 illucescebat
1532 1010 1615 1081 (Sept.
1644 1010 1703 1081 ti),
1720 1009 1903 1066 adeousecra·

153 1102 214 1168 Quo
236 1099 353 1154 insolito
382 1098 511 1154 tumultu
539 1097 701 1168 perculsus,
722 1095 846 1149 lacrimis
873 1095 1007 1167 perinsus
1059 1102 1168 1156 tionem
1184 1101 1312 1172 praelatas
1335 1098 1470 1154 aecclesiae
1497 1099 1698 1154 incunctanter
1725 1099 1900 1170 properet;si

154 1190 279 1255 inustas,
292 1204 350 1242 uun
367 1203 448 1242 suam
464 1174 601 1257 injuriam
617 1187 650 1250 ⁸⁸,
667 1200 755 1255 quarn
779 1182 860 1254 parvi
873 1183 1006 1250 ducebat,
1061 1188 1158 1243 venire
1173 1187 1339 1257 tardaverit,
1354 1186 1561 1242 nichilominus
1573 1185 1597 1221 ’⁸
1622 1185 1787 1243 aecclesiam
1801 1185 1898 1242 dedice

155 1293 288 1350 pensans,
303 1277 353 1332 sed
370 1277 429 1330 reri
443 1273 568 1346 pastoris
580 1290 633 1345 pro
653 1270 885 1345 persecutoribus
899 1271 1007 1325 orantis
1061 1277 1264 1333 turumihnc
1291 1281 1387 1332 autem
1414 1276 1487 1331 irum
1514 1281 1543 1331 et
1568 1275 1805 1347 indignationem
1820 1276 1900 1330 erebi·
1939 1252 1942 1341 i

155 1367 295 1438 exemplo,
313 1366 508 1437 ignorantiam
528 1379 578 1417 seu
594 1361 691 1435 potius
714 1359 939 1416 malivolentiam
962 1358 1007 1414 fu·
1062 1365 1189 1437 episcopi
1224 1365 1359 1421 advorsus
1399 1364 1596 1419 venerandum
1623 1364 1784 1434 praesulem
1811 1363 1901 1419 crearit
1940 1346 1942 1393 ³

156 1455 282 1511 rentium
297 1455 473 1510 teminorum
488 1453 652 1522 deplorans,
666 1450 703 1505 ad
717 1450 805 1505 altare
824 1449 919 1515 rediit,
935 1449 1007 1503 mis·
1062 1453 1187 1509 maxime
1215 1453 1363 1524 praecipua
1385 1453 1565 1508 familiaritas
1589 1452 1691 1507 domni
1718 1452 1899 1524 imperatoris,

157 1559 219 1599 sam
239 1559 289 1598 suo
317 1542 418 1598 ordine
442 1557 549 1613 magua
577 1537 851 1595 animicontritione
885 1537 1007 1610 peragit,
1063 1559 1120 1613 qua
1147 1542 1230 1596 illum
1252 1540 1370 1614 speciali
1397 1541 1547 1597 devotione
1577 1539 1695 1611 pictatis
1725 1540 1838 1596 caeteris
1866 1540 1899 1597 is·

159 1631 264 1688 deinde
276 1631 419 1703 populum
431 1629 597 1702 alloquitur,
610 1627 753 1685 benedicit
774 1632 804 1682 et
825 1626 1007 1693 corrohoral;
1025 1669 1045 1723 B
1065 1630 1207 1685 miliarina
1233 1628 1383 1701 percoluit,
1422 1629 1665 1686 Affectuosissimo
1699 1645 1831 1701 namque
1859 1629 1901 1684 ob·

159 1720 355 1791 deductusque
378 1717 537 1775 honorilice
556 1717 592 1772 ab
621 1716 687 1782 illis,
703 1715 779 1771 unde
794 1720 1007 1785 veneratrepe-
1064 1718 1164 1789 sequio
1204 1717 1331 1773 devinxit
1367 1717 1422 1773 sibi
1451 1718 1668 1791 imperatorem,
1691 1717 1765 1790 quia
1800 1721 1898 1780 cuncte,

159 1806 255 1862 dabat.
284 1804 345 1862 0⁶·
363 1805 459 1877 dignae
483 1803 632 1860 memoriae
661 1803 765 1872 airum,
805 1803 936 1858 omnium
961 1817 1010 1856 ore
1064 1823 1130 1879 qum
1154 1806 1189 1863 ad
1208 1806 1330 1877 gratiam
1360 1806 1439 1861 illius
1459 1812 1621 1879 competere
1647 1806 1771 1873 sciebat,
1796 1805 1901 1878 vigilan·

160 1895 375 1963 celebrandum,
395 1899 564 1949 cunctorum
595 1891 746 1947 devotione
766 1890 869 1946 intime
898 1890 1010 1961 ample·
1064 1895 1177 1951 tissimo
1213 1893 1308 1949 studio
1337 1893 1454 1964 obibat;
1493 1898 1522 1949 et
1551 1894 1586 1950 ob
1615 1895 1671 1950 hoc
1701 1895 1901 1950 animositatem

160 1984 306 2051 olendum,
322 1983 399 2055 apud
419 1997 449 2037 se
477 1980 596 2053 quidem
618 1978 826 2035 incredibiliter
853 1979 1006 2047 humilem,
1065 1983 1261 2055 invidiamque
1283 1981 1308 2018 ⁷³
1335 1982 1527 2054 plurimorum
1549 1983 1579 2038 in
1593 1999 1623 2038 se
1638 1983 1852 2051 commovebat,
1863 1983 1902 2039 ed·

161 2073 210 2128 sed
239 2073 314 2144 apud
335 2074 438 2140 Deum,
453 2070 546 2125 cordis
564 2069 766 2140 inspectorem,
778 2070 898 2141 ejusque
913 2067 1011 2123 fideles
1066 2072 1158 2144 prime
1172 2087 1289 2144 quoque
1304 2072 1462 2143 ldugoutini
1474 2072 1612 2144 episcopi,
1632 2071 1684 2144 qui
1700 2070 1923 2144 indignabatur„

160 2177 226 2216 rere
241 2159 410 2216 sublimeml
432 2159 501 2225 Quis
513 2173 580 2213 eum
592 2157 721 2213 crederet
736 2157 766 2211 in
785 2163 867 2212 tanto
888 2155 1010 2228 pontiti·
1066 2161 1192 2232 aliquem
1202 2164 1308 2232 praeter
1322 2178 1352 2216 se
1365 2159 1570 2217 familiaritatis
1584 2162 1680 2217 locum
1696 2160 1777 2233 apud
1793 2161 1900 2233 impera·

160 2248 392 2321 calladignitatis
411 2246 661 2318 bonore,generis
685 2246 848 2312 nobilitate,
865 2244 1011 2300 ministro·
1066 2253 1160 2304 torem
1189 2249 1306 2304 habere.
1345 2249 1495 2305 Dominica
1522 2249 1618 2321 itaque
1647 2248 1822 2314 irradiante,
1841 2249 1903 2304 adest

160 2354 226 2393 rum
241 2335 429 2393 multitudiue
453 2340 555 2389 contra
581 2333 723 2406 irrogatas
751 2333 805 2389 sibi
824 2332 1013 2388 contumeliae
1066 2336 1221 2409 praedictus
1240 2337 1393 2408 episcopus
1408 2338 1629 2410 liggebardus⁷⁸
1657 2353 1729 2393 cum
1752 2336 1900 2393 venerenda

162 2426 308 2497 patientius
336 2424 431 2496 potius
465 2437 553 2494 quam
592 2425 728 2493 poteutlce
766 2421 901 2477 maluisse
921 2421 1012 2492 clipeo
1067 2426 1187 2481 fratrum
1212 2431 1379 2481 nostrorum
1414 2429 1513 2482 senatu
1532 2427 1554 2463 Π
1590 2425 1653 2481 vice
1683 2425 1800 2482 domiui
1827 2424 1902 2482 nostri
1940 2436 1942 2451 ¹

162 2515 289 2570 muniri?
308 2511 366 2569 Sed
381 2511 539 2566 virbeatus
552 2510 685 2566 humanas
713 2509 881 2582 abjectionis
908 2509 1014 2580 probra
1067 2514 1179 2582 directi,
1196 2514 1255 2586 qui,
1286 2514 1424 2569 canonica
1456 2514 1625 2570 anctoritate
1654 2514 1792 2587 etprisca
1813 2516 1902 2569 macto

162 2619 220 2659 non
243 2603 372 2667 curabat,
398 2598 449 2670 qui
473 2604 550 2654 totus
579 2599 678 2655 divino
702 2600 795 2655 amori
823 2597 1013 2670 mancipatus,
1068 2617 1133 2657 rum
1161 2606 1276 2672 patrum
1300 2603 1509 2659 consuetudine
1536 2602 1658 2674 objecta,
1687 2602 1806 2659 fortiter
1824 2601 1900 2658 ambi·

164 2691 367 2748 illiustnutum
383 2687 772 2760 oculisquemsiuguleriter
794 2686 932 2758 diligebat
955 2686 1016 2757 pla·
1070 2689 1195 2762 episcopi
1222 2689 1322 2762 coeptis
1352 2691 1533 2759 restiterunt;
1564 2693 1651 2763 atque
1674 2691 1718 2747 sic
1743 2688 1901 2749 consecratio

164 2796 228 2836 cere
243 2791 432 2849 summopere
442 2776 590 2846 gestiebat.
613 2778 678 2832 llaec
705 2793 758 2848 pro
787 2773 1014 2831 commendando
1069 2777 1230 2850 prescripti
1245 2779 1415 2834 monasterii
1429 2780 1584 2850 intercepta
1612 2784 1666 2835 est.
1684 2779 1751 2852 lpse
1772 2795 1839 2837 reru
1856 2777 1902 2850 epi·

165 2885 279 2941 maguae
292 2865 426 2924 utilitatis
439 2866 569 2936 exemplo
581 2865 615 2919 ad
631 2864 820 2920 imitationem
836 2863 1014 2918 audientium
1070 2881 1172 2937 scepus
1189 2866 1264 2920 inter
1280 2865 1433 2921 missarum
1448 2865 1615 2938 sollempnia
1630 2865 1707 2922 iacto
1720 2867 1757 2923 ad
1780 2867 1901 2940 populun

165 2957 291 3013 inserere
307 2955 408 3021 libuit;
422 2968 498 3006 nunc
512 2953 547 3007 ad
560 2952 692 3007 ordinem
706 2953 869 3008 redeamus.
1031 2946 1051 3003 C
1070 2970 1211 3020 sermone,
1232 2955 1375 3025 synodum
1394 2971 1476 3011 suam
1497 2954 1584 3010 biduo
1603 2960 1672 3010 ante
1687 2955 1782 3012 sancti
1799 2954 1901 3012 Audes

203 3049 245 3101 l8.
260 3048 372 3101 interea
385 3040 614 3110 archiepiscopus
629 3046 656 3094 ct
671 3040 777 3111 Sophia
796 3054 911 3093 omnem
926 3053 1015 3110 appa·
1070 3042 1241 3095 nataleoum
1268 3039 1357 3096 banni
1390 3042 1595 3114 approbatione
1624 3042 1797 3109 denunciat;
1816 3040 1899 3097 deiude
1938 3077 1942 3085 ·

167 3138 262 3188 ratum
276 3132 313 3187 ad
334 3130 455 3185 novellae
470 3127 604 3182 aeccleslm
618 3128 864 3182 consecrationem
888 3143 1016 3182 necessa·
1071 3127 1207 3183 adultere
1231 3143 1389 3199 regressus,
1418 3130 1448 3185 in
1472 3130 1604 3185 cathedra
1635 3130 1743 3185 sedens
1771 3129 1899 3202 privilegia
1938 3125 1942 3201 ξ

169 3221 245 3276 rium
269 3220 424 3289 diligenter
463 3221 638 3288 praeparunt,
663 3216 825 3271 inconsulto
847 3216 1015 3270 Bernwardo
1071 3216 1285 3288 quaedamante
1305 3217 1451 3290 incognita
1473 3218 1589 3273 mandat
1610 3217 1740 3280 recitari.
1756 3218 1788 3273 iu
1817 3217 1898 3291 quibus
1938 3254 1942 3265 .

168 3308 313 3380 episcopo,
330 3320 417 3377 quem
432 3308 529 3358 tamen
542 3303 701 3373 adjungere
728 3304 836 3359 domna
859 3303 1015 3371 Gerburgis
1071 3307 1281 3373 continebatur,
1301 3312 1332 3361 ut
1354 3322 1441 3362 nemo
1457 3307 1568 3377 dejure
1584 3306 1663 3361 illius
1678 3306 1899 3362 eecclesireeuler
1940 3356 1942 3361 .

171 3393 473 3466 temptat,sedverita
497 3392 754 3464 archiepiscopum,
785 3391 858 3446 rotis
876 3393 937 3462 ejus
964 3391 1016 3446 ob·
1071 3398 1124 3463 ret,
1140 3394 1358 3466 quicquidtunc
1374 3394 1404 3448 iu
1420 3394 1536 3450 decimis
1553 3394 1731 3467 velpraediis
1754 3395 1898 3450 retollere
1940 3432 1942 3437 .

171 3485 249 3539 viare
264 3482 447 3555 pertimescit.
462 3482 603 3536 Praetcreu
626 3480 901 3553 archiepiscopusiu
916 3479 1015 3552 vigilia
1071 3481 1256 3538 investitura
1287 3483 1457 3539 contineret.
1475 3484 1654 3557 llocqnoque
1685 3483 1786 3539 banuo
1802 3482 1897 3538 robora

171 3573 261 3628 sancti
279 3569 384 3627 llatbei
412 3570 500 3640 (Sept.
521 3569 566 3640 20)
582 3570 616 3624 ad
644 3570 795 3641 praelatuna
811 3568 1017 3623 monasterium
1071 3569 1112 3624 vit
1137 3569 1234 3641 sicque
1260 3569 1419 3625 discessum
1438 3576 1490 3626 est.
1517 3570 1646 3642 Episcopi
1688 3576 1790 3626 autem
1822 3568 1844 3605 ’⁸
1862 3565 1898 3640 qui

172 3664 250 3717 venit
276 3676 341 3716 cum
357 3658 507 3731 episcopie,
546 3658 682 3714 lletbario
709 3656 732 3694 ⁶⁷
767 3657 1019 3713 paderbrunnensi
1071 3657 1190 3712 aderaut
1203 3674 1280 3729 oegre
1294 3658 1451 3715 admodum
1474 3658 1681 3730 archiepiscopi
1706 3659 1898 3715 animositatem

171 3751 317 3823 episcopo,
334 3752 362 3803 et
384 3749 545 3818 Berengero
570 3746 706 3802 vardensi
728 3746 754 3783 ⁸⁸
779 3747 923 3818 episcopo,
954 3747 1019 3800 Ber·
1071 3747 1231 3818 conquesti,
1269 3747 1350 3802 fratri
1375 3753 1403 3803 et
1429 3748 1589 3819 coepiscopo
1619 3764 1673 3819 per
1692 3764 1749 3803 uos
1773 3747 1897 3810 maudut,

171 3836 625 3908 nberdo⁶⁹qaoqueduce,cum
656 3835 719 3890 aliis
745 3834 889 3905 plurimis,
919 3849 1019 3888 couse-
1072 3834 1259 3905 pertinaciam
1297 3835 1387 3908 ipsius
1421 3841 1450 3891 et
1478 3834 1664 3891 temerarium
1694 3836 1840 3909 inceptum
1876 3849 1897 3888 se

170 3933 302 3983 oraturus
317 3926 448 3996 sequenti
464 3924 511 3980 die
526 3923 694 3978 aecclesiam.
727 3923 877 3978 llittuntur
900 3937 1017 3995 quoque
1072 3925 1222 3978 cohercere
1237 3937 1296 3977 non
1311 3939 1410 3995 posse;
1432 3922 1463 3978 id
1477 3923 1594 3978 unicum
1617 3930 1786 3995 suppetere,
1803 3927 1896 3997 aposto

170 4018 278 4072 domno
299 4014 469 4068 bernwardo
484 4009 686 4082 episcopo,qui
703 4009 785 4064 illum
797 4010 832 4064 ad
854 4009 1019 4081 sollempni·
1073 4011 1160 4066 licum
1196 4016 1281 4083 atque
1310 4011 1513 4082 imperatorem
1528 4017 1562 4066 ut
1586 4011 1687 4079 adeat;
1712 4012 1793 4067 illiue
1805 4024 1896 4067 cauno

171 4109 258 4160 tatem
269 4100 552 4157 aecclesiaeinviteut.
581 4099 699 4153 Postera
724 4113 792 4152 vero
815 4097 841 4134 ¹⁰
869 4098 914 4153 die
932 4098 1016 4169 (Sept.
1072 4100 1188 4155 illorum
1204 4114 1474 4168 essecommunem;
1490 4115 1584 4155 necse
1616 4099 1780 4169 defuturos,
1801 4097 1896 4172 quiade

170 4193 215 4263 at)
243 4192 325 4246 adest
350 4189 475 4243 diluculo
512 4187 572 4241 vice
608 4185 707 4240 domni
734 4185 824 4240 nostri
848 4186 1054 4279 venerabilis„
1073 4187 1179 4242 eisdem
1199 4187 1338 4256 utrisque,
1361 4187 1519 4258 apostolico
1545 4185 1680 4241 videlicet
1694 4187 1924 4277 atqueimpere·¹

171 4279 323 4349 episcopus
337 4275 522 4346 Eggehardus
538 4275 558 4311 ⁷¹
576 4288 640 4327 cum
654 4273 811 4344 majoribus
831 4278 899 4328 nutu
911 4277 1017 4330 nostra
1072 4277 1139 4341 tori,
1150 4274 1315 4330 scriberent.

172 4363 403 4437 congregationis
417 4367 446 4418 et
459 4361 606 4434 aliquibus
629 4361 774 4431 primariis
785 4361 821 4416 do
844 4367 943 4416 nostro
954 4378 1017 4417 mo·
1108 4366 1150 4419 le.
1173 4363 1349 4418 Venerabilis
1363 4362 1461 4434 itaque
1484 4364 1566 4418 Pater
1581 4361 1707 4417 domnus
1736 4359 1898 4419 Beruarerdos

174 4451 419 4519 caesenatensi,
436 4450 516 4506 tandi
540 4449 655 4505 licentia
678 4449 753 4517 data,
769 4449 1017 4521 archiepiscopum
1071 4451 1276 4506 ultramodum
1296 4451 1415 4505 sollicite
1428 4451 1522 4505 terens
1534 4450 1831 4522 quantulumcumque
1847 4447 1897 4504 seis

172 4561 238 4600 cum
255 4541 458 4599 omnibonore
479 4538 646 4595 exuamiue
662 4538 935 4594 doniniBeruwardi
953 4539 1017 4610 epi·
1071 4556 1118 4594 ma
1142 4539 1172 4594 in
1207 4538 1333 4594 oecclesia
1358 4539 1491 4609 grassari,
1520 4536 1613 4592 sciens
1641 4553 1770 4610 quoqne,
1792 4537 1898 4593 inlusum

173 4634 253 4705 scopi
267 4633 370 4687 devoto
386 4629 523 4700 obsequio
551 4624 726 4695 salutantt³;
755 4627 899 4698 imperiali
934 4628 1016 4683 illum
1070 4626 1279 4682 venenumnisi
1298 4625 1497 4696 apostolicoet
1517 4623 1662 4695 imperiali
1696 4625 1825 4682 antidoto
1847 4636 1898 4679 eun·

172 4720 467 4795 obequiodetantum,
500 4715 599 4771 adesse
617 4731 675 4771 uon
690 4731 789 4788 posse;
805 4715 906 4769 mirari
920 4719 1017 4771 tamen
1071 4715 1158 4787 primi
1169 4730 1226 4769 nou
1241 4730 1334 4786 posse,
1362 4713 1493 4784 quamvis
1520 4711 1602 4784 gravi
1630 4713 1763 4784 corporis
1790 4708 1900 4769 moleelit

170 4812 365 4877 vehementer,
381 4807 471 4862 iusua
483 4804 637 4876 parrochia
662 4808 691 4859 et
710 4802 839 4859 aecclesia
867 4802 904 4858 ab
934 4809 1017 4858 cute·
1071 4803 1176 4875 saepius
1190 4803 1354 4868 lassaretur,
1370 4807 1399 4855 et
1412 4805 1525 4856 tantum
1536 4800 1595 4856 iter
1606 4800 1753 4882 imbecilli¹
1774 4801 1833 4873 ejus
1853 4812 1900 4854 cor·

171 4899 330 4957 caesoribus
343 4894 520 4966 suisabsque
540 4892 620 4948 omui
648 4892 876 4948 contradictione
904 4907 1018 4964 semper
1070 4891 1136 4963 pori
1150 4889 1323 4946 omnimodis
1337 4894 1411 4944 emet
1425 4887 1615 4953 eontrarium,
1640 4894 1749 4958 nmen,
1778 4894 1901 4959 utpeoen

89 4969 94 4978 ¹
171 5004 312 5062 possessa,
327 4987 389 5042 sine
404 4999 455 5037 suo
470 4997 609 5037 consensu
620 4980 755 5036 aecclesim
774 4979 1017 5035 consecrationem
1071 4979 1251 5045 reformaret,
1267 4982 1367 5033 contra
1379 4977 1454 5031 vires
1478 4992 1544 5030 sues
1571 4976 1670 5033 subire
1698 4993 1759 5032 uon
1772 4971 1902 5032 recusarit

171 5077 275 5145 indici,
300 5077 427 5132 fraterna
444 5070 561 5126 caritate
584 5069 749 5141 depraecari,
776 5074 808 5124 ut
825 5067 860 5123 ab
885 5068 1016 5139 hujusce·
1071 5068 1216 5138 Namjam
1230 5066 1343 5138 pridem
1371 5065 1490 5121 ardebat
1514 5065 1587 5120 miro
1608 5065 1752 5121 desiderio
1779 5065 1903 5121 domoon

882 5192 1000 5248 vaulAE
1013 5191 1212 5254 terriones

208 5301 231 5336 ⁸⁸
249 5316 268 5353 1.
289 5314 328 5352 m.
358 5315 375 5351 ι.
406 5314 431 5353 a.
450 5296 548 5352 desum
570 5297 597 5350 2.
636 5293 702 5347 ⁶⁸n.
724 5310 746 5348 s.
770 5292 927 5362 iusquel.
951 5294 1105 5363 deplorans
1133 5294 1230 5349 desum
1257 5296 1285 5350 2.
1324 5293 1348 5331 ⁸⁶
1372 5293 1480 5360 reliqua
1506 5292 1720 5362 capitiedesuat
1746 5295 1774 5348 2.
1812 5291 1835 5330 ⁸¹
1857 5291 1908 5347 bre

171 5368 265 5424 thario
291 5371 318 5422 t.
355 5367 381 5402 ⁸⁸
406 5367 548 5438 berngero
575 5364 710 5421 uardensi
740 5367 765 5418 ⁰2.
803 5361 828 5401 ⁸⁹
855 5364 1021 5418 bernwardo
1048 5367 1075 5419 t.
1112 5363 1137 5399 '⁰
1157 5381 1281 5436 namque
1308 5366 1335 5418 2.
1374 5365 1398 5402 ²¹
1420 5363 1451 5417 [Ε
1478 5379 1560 5418 inuno
1585 5364 1706 5428 secunda
1738 5364 1907 5437 eggeardot.

174 5440 291 5503 '’deeet,
320 5439 409 5507 spatio
427 5439 520 5494 relicto
540 5440 567 5492 t.
607 5434 632 5473 ²⁸
650 5435 784 5490 salutavit
804 5434 900 5489 dicens
921 5435 940 5490 i.
963 5435 1031 5490 al.
1048 5438 1074 5489 5.
1112 5433 1137 5472 ἵ·
1166 5451 1195 5491 n.
1221 5450 1315 5491 sesac.
1337 5437 1364 5490 2.
1401 5434 1426 5471 ¹⁸
1446 5433 1695 5490 etiudividiamt.
1735 5432 1760 5471 ²⁸
1782 5434 1818 5492 E
1841 5445 1911 5490 noar

172 5507 276 5567 mundo
291 5506 486 5564 scheerdusi.
525 5507 658 5564 amesae
678 5508 779 5561 cctoet
795 5508 940 5562 senatui.
976 5503 1166 5577 ”quoquot
