3878 6112
87 236 139 290 775
624 235 828 293 educerum
848 235 1113 293 wouuncleusm
1131 233 1298 292 seucum.
1317 310 1326 319 ⁸
1788 239 1838 290 776

87 359 139 414 ctis
158 356 250 412 tribus
277 356 386 411 diebus.
413 357 536 412 Uxorem
561 372 597 411 ns
622 357 723 424 ducas,
748 357 975 414 concubinsmll
994 373 1052 413 non
1069 363 1111 412 est
1127 356 1228 412 effusio
1245 355 1403 428 sanguinis.
1418 355 1597 427 Augustinus
1608 356 1649 411 cit
1663 373 1670 411 ε
1685 356 1771 428 ,Quas
1786 357 1840 410 isto

88 463 146 502 non
163 446 280 512 hebens,
294 445 468 500 adulterium
484 445 651 511 uonlscies,
674 445 782 517 absque
804 463 854 517 spe.
869 462 936 502 con·
991 451 1032 500 est
1060 445 1194 500 vanitas?
1224 445 1278 500 Uni
1304 450 1465 515 parcereet
1496 460 1595 499 omnes
1627 444 1658 499 in
1685 444 1840 499 discrimen

85 536 161 608 J'ugii
176 540 316 607 perpetuo
333 550 513 606 permaneas.
531 536 683 606 Nunquam
698 540 725 588 te
737 534 814 589 lares
829 535 857 589 in
873 536 934 590 bel·
990 534 1152 588 adducere?
1175 534 1349 589 Polluuntur
1376 520 1582 588 enimomnes
1607 548 1665 587 uno
1689 537 1837 602 peccante.

87 642 152 693 neo,
170 639 277 695 equum
293 640 351 677 non
367 623 511 690 ascendas,
538 638 653 677 eausam
682 627 760 677 tuem
776 628 804 678 et
820 623 937 679 alterius
991 623 1071 678 Unde
1086 629 1114 677 et
1128 622 1158 676 in
1174 623 1236 693 lege
1248 621 1367 692 jubetur
1384 637 1391 675 ι
1412 620 1552 676 Melefieos
1567 637 1626 675 non
1651 620 1772 692 patiaris
1794 621 1840 673 ri·

87 715 117 769 in
129 716 273 768 conventu
287 712 416 767 fidelium
433 727 490 766 uon
516 708 649 783 ages‚'in
678 711 815 766 conviviis
842 713 938 767 letan·
990 727 1065 767 vere.
1098 711 1178 766 Unde
1206 711 1370 781 Propheta:
1409 709 1615 764 llortificabeut
1638 709 1749 763 animes
1774 724 1838 779 quae

85 802 159 857 tium
174 816 322 872 nunquam
337 800 444 867 sedeas,
464 800 493 854 in
507 801 626 854 ecclesie
642 805 810 871 segregatus
822 800 857 855 eb
874 799 937 856 eliis
989 815 1048 854 non
1070 801 1245 854 moriuntur.
1272 799 1351 854 Unde
1378 798 1556 866 Gregorius:
1586 814 1645 853 non
1667 797 1843 852 morientem

86 890 255 947 Christianis
268 895 333 960 post
348 889 453 944 ostium
465 889 614 944 humiliter
626 895 693 956 stes,
706 889 935 960 ingredientium
990 888 1097 960 quippe
1111 888 1271 951 mortificet,
1289 886 1340 958 qui
1351 885 1462 957 justum
1479 886 1607 953 damnat,
1623 891 1652 940 et
1669 901 1728 939 non
1744 885 1837 939 ricto-

87 985 116 1035 et
130 978 339 1050 egredientium
355 977 533 1032 cretionibus
546 977 714 1048 suppliciter
744 982 772 1032 te
788 993 935 1032 commen·
989 992 1054 1031 rum
1069 975 1212 1030 vivificare
1227 975 1341 1042 nititur,
1359 975 1409 1046 qui
1424 990 1537 1029 reuma
1559 974 1702 1045 supplicio
1728 974 1837 1027 solvere

89 1068 149 1136 des,
163 1065 365 1121 communione
382 1065 455 1119 sacri
471 1066 599 1135 eorporis
615 1069 643 1120 et
666 1065 816 1136 sanguinis
839 1064 936 1119 Domi·
989 1069 1118 1119 conetur.
1147 1064 1241 1118 ileliae
1262 1079 1389 1135 nemque
1413 1063 1519 1118 multos
1539 1062 1633 1117 allecit
1649 1068 1756 1128 morte,
1773 1077 1835 1131 pro·

88 1153 240 1208 nieunetis
262 1154 443 1209 diebusvitse
469 1158 527 1209 tuas
554 1154 706 1224 indignum
727 1159 755 1209 te
779 1154 933 1210 existimes.
988 1153 1052 1224 pria
1078 1168 1177 1218 manu,
1215 1168 1285 1208 nece
1314 1159 1342 1206 et
1366 1152 1433 1224 igne
1468 1151 1604 1206 divinitus
1628 1150 1779 1222 inspirato.
1806 1151 1835 1205 ln

87 1241 119 1296 ln
135 1241 237 1297 ultimo
250 1242 373 1297 termino
389 1243 454 1297 ritae
469 1247 528 1297 tue
543 1259 595 1313 pro
615 1242 729 1309 viatico,
745 1242 769 1297 si
797 1241 934 1297 observe—
989 1242 1067 1296 Novo
1084 1240 1171 1295 etiam
1187 1241 1370 1295 Testamenta
1387 1241 1489 1295 Petrus
1507 1239 1649 1294 Ananiam
1676 1244 1706 1293 et
1733 1238 1837 1310 Saphy·

87 1330 338 1396 verisconsilium,
364 1331 541 1400 utaceipias,
564 1331 617 1385 tibi
642 1331 835 1386 concedimus.
865 1331 936 1386 Sunt
988 1345 1050 1385 ram
1064 1328 1186 1383 terrifice
1197 1328 1357 1383 mulctavit.

87 1423 115 1472 et
132 1418 188 1473 elia
204 1419 295 1472 multa
309 1418 427 1473 duriore
450 1434 516 1489 quae
543 1419 596 1473 tibi
615 1420 698 1490 juxta
722 1419 835 1490 pondus
862 1418 934 1473 tanti
988 1419 1053 1475 Cin.
1076 1418 1163 1472 XLIV.
1180 1447 1215 1457 —
1234 1420 1271 1472 lle
1288 1418 1345 1471 illis
1371 1419 1420 1486 qui
1434 1421 1498 1487 post
1514 1415 1678 1486 baptismum
1692 1416 1837 1485 capitalem

87 1505 222 1560 facinoris
235 1511 330 1561 essent
344 1507 505 1576 adjicienda
522 1523 529 1561 :
555 1507 604 1562 sed
619 1508 643 1560 si
659 1508 720 1561 hsce
743 1507 843 1562 omnic
870 1524 935 1579 quoe
1235 1489 1585 1557 ltfflfflle'umsellifflliam·

88 1609 175 1663 supra
191 1593 415 1648 misericorditer
440 1595 605 1660 dictasunt,
628 1595 752 1666 perfecto
775 1596 861 1651 corde
877 1598 933 1652 lieo
1027 1576 1087 1647 (Εω
1111 1577 1192 1631 dimi
1212 1576 1362 1630 mimmii
1384 1590 1477 1645 ΡΜ,
1501 1577 1590 1645 c“Pili
1608 1574 1667 1644 25·)
1682 1573 1836 1636 Quaeiilum

88 1681 244 1736 auxiliante
260 1681 421 1752 perfeceris,
446 1685 475 1736 et
501 1683 677 1750 custodieris,
702 1684 874 1739 confidimns
899 1642 971 1740 deB
991 1671 1034 1721 ⁸³*
1053 1665 1140 1720 emm
1164 1680 1251 1734 ⁵⁰P01'
1274 1664 1320 1718 his
1343 1663 1393 1735 (issi
1426 1668 1490 1735 P⁰⁵i
1518 1663 1695 1733 baptismum
1718 1663 1837 1716 adfflifli·

88 1769 296 1824 immensellci
319 1770 481 1837 clementia,
508 1770 709 1826 remissionem
732 1778 849 1826 tuorum
871 1789 935 1842 pic.
989 1758 1162 1819 straverunt,
1179 1759 1208 1808 et
1233 1758 1284 1807 eut
1306 1756 1450 1807 tormenta
1475 1752 1532 1806 sole
1558 1757 1760 1816 exercuerunt,
1790 1755 1837 1805 aut

88 1863 217 1912 catorum
232 1858 410 1922 habiturum,
426 1864 454 1912 st
478 1859 633 1913 seeundum
656 1860 724 1914 boni
738 1861 866 1931 jugique
883 1877 935 1930 pi.
990 1841 1076 1896 etiam
1088 1842 1240 1914 capitalem
1255 1842 1438 1913 protulerunt
1451 1841 1632 1895 sententiam.
1651 1841 1689 1894 De
1710 1839 1837 1895 bisnihil

88 1946 170 2000 eloris
187 1946 352 2017 imperium,
368 1947 534 2002 resolvatis
559 1952 655 2002 sancta
675 1950 794 2003 ecclesie
822 1949 856 2003 ab
883 1951 936 2004 boc
989 1929 1112 2000 legimus
1139 1930 1331 2001 ³m³i⁰fib¹¹⁵
1356 1929 1517 1995 dssfifliiumr
1541 1928 1736 1983 meminerant
1761 1928 1835 1981 enim

87 2035 325 2105 vinculopsccati
343 2035 479 2099 interris,
497 2041 530 2090 ut
553 2052 604 2106 per
619 2037 708 2107 ipsius
732 2037 855 2108 gretiam
883 2039 933 2110 qui
989 2020 1080 2073 ⁸⁰³⁰
1109 2022 1262 2089 P⁰iesi⁸t⁰⁸
1289 2017 1341 2073 ¹¹³⁸
1365 2017 1452 2073 filim
1482 2032 1639 2083 0⁰⁰00⁵⁸⁸⁸2
1665 2021 1694 2070 θ*
1719 2021 1837 2087 impiir

88 2139 219 2178 eamsuo
235 2123 374 2193 sanguine
401 2124 570 2192 redemerat,
593 2125 630 2178 sit
651 2126 761 2180 solutus
789 2126 819 2180 in
846 2127 933 2182 coelis.
989 2107 1145 2162 'indictam
1170 2105 1320 2161 ¹¹⁰¹i⁰i¹¹ffl
1345 2106 1473 2178 dlfldiflffl
1499 2106 1587 2160 f⁰i⁵⁵⁰
1610 2105 1836 2176 Ρθΐῐΰῑὸὅῡωιθῑ

88 2211 138 2266 Sin
154 2214 249 2264 eutem
265 2211 348 2264 aliter
365 2210 477 2277 leceris,
502 2217 531 2265 et
553 2215 658 2266 sanctes
680 2213 778 2266 matris
804 2213 935 2269 Ecclesia
990 2195 1040 2249 D⁰i
1056 2195 1220 2250 ministrum
1241 2211 1301 2251 ⁰⁵⁵0
1317 2195 1416 2249 ditum
1444 2193 1657 2265 iflhfli¹¹⁵ffl⁰di
1680 2193 1832 2248 Vindicem·

10 2363 17 2375 κ
87 2298 202 2353 salubre
217 2298 367 2352 consilinm
380 2299 554 2369 despexeris,
581 2299 643 2369 ipse
665 2299 717 2354 tibi
732 2300 770 2354 sis
792 2301 891 2371 judex,
907 2306 936 2357 et
990 2284 1140 2349 0¹¹⁰m⁰d⁰
1165 2283 1256 2354 igilur
1281 2283 1527 2354 ripsehefldefefli
1551 2282 1668 2346 facium·
1695 2283 1774 2353 qu⁰d
1802 2281 1835 2334 ib

86 2387 117 2442 in
133 2388 235 2458 laqueo
252 2387 357 2441 diaboli
373 2403 431 2457 quo
443 2387 571 2441 irretitus
587 2388 692 2441 teneris
717 2405 843 2456 minens,
870 2406 935 2445 sen·
989 2376 1104 2426 auctore
1130 2373 1186 2426 lieo
1206 2372 1339 2427 viderent
1353 2388 1413 2427 esse
1435 2371 1623 2427 concessum?
1637 2371 1677 2425 De
1705 2370 1751 2424 his
1769 2386 1836 2441 ergo

88 2477 211 2549 guisque
231 2480 297 2529 tuus
321 2476 354 2530 sil
386 2492 472 2546 super
497 2481 583 2547 caput
610 2482 716 2531 tuum:
739 2494 791 2531 nos
818 2477 936 2533 alienia
989 2460 1028 2514 iii
1042 2466 1074 2515 Ui
1095 2461 1232 2537 limem„
1253 2465 1398 2516 servatum
1422 2464 1465 2515 ⁰³¹
1490 2461 1529 2514 ⁵1⁰
1551 2461 1705 2527 hflhssmlssi
1729 2475 1766 2513 ΗΘ
1790 2462 1838 2512 ὃΰῑ

89 2564 233 2618 consortio
246 2569 305 2630 tuo,
332 2568 361 2618 ei
375 2564 427 2619 suh
446 2564 639 2620 indissolubili
661 2568 845 2622 inathemate
865 2584 935 2638 pei..
989 2549 1172 2620 disciplinam
1188 2555 1326 2614 evertere,
1343 2554 1393 2604 aut
1406 2553 1505 2604 contra
1518 2549 1719 2603 auctoritatem
1743 2547 1837 2601 Domi·

87 2667 215 2722 menese,
242 2652 332 2707 donec
372 2653 430 2707 Deo
465 2658 494 2709 et
530 2659 634 2709 sanctie
670 2655 802 2710 ssciieiioe
824 2656 935 2711 sarissa.
990 2638 1021 2693 ni
1035 2638 1133 2693 venire
1144 2638 1303 2693 videamur.
1319 2637 1390 2709 lpsis
1405 2642 1502 2692 autem
1512 2637 1664 2691 iuratione
1678 2634 1837 2700 reddenda,

87 2740 153 2795 cias.
990 2731 1070 2797 geste
1084 2743 1134 2781 see
1148 2728 1245 2781 omnin
1255 2727 1454 2781 servabuntur.

123 2828 187 2883 cii.
203 2828 274 2884 xer.
288 2859 323 2870 -
338 2832 375 2884 ne
388 2828 578 2885 oseemarsu
591 2834 703 2886 mortem
717 2834 886 2888 concertante.
990 2814 1055 2869 Cer·
1075 2815 1151 2869 ΧΙΝ·
1178 2845 1213 2854 -·
1232 2818 1272 2870 ne
1291 2815 1346 2868 sus
1361 2815 1420 2951 ‚rusi
1447 2815 1477 2895 ie
1497 2814 1681 2938 {retractione
1704 2811 1838 2866 idolorum

1310 2900 1390 2939 occist
1417 2899 1517 2938 uersu.

951 2923 971 2979 ⁶
1027 2956 1086 3026 (ne
1101 2957 1213 3010 concerto
1239 2955 1400 3021 creterras,
1428 2957 1516 3024 rapere
1537 2953 1594 3024 το.)
1618 2952 1648 3009 st
1674 2952 1740 3024 quis
1762 2951 1840 3006 reon

989 3043 1117 3114 fregerit,
1140 3049 1167 3101 et
1181 3044 1288 3098 ibidem
1302 3043 1413 3098 occisus
1426 3042 1522 3110 fuerit,
1541 3042 1607 3112 quie
1621 3041 1652 3096 in
1677 3041 1840 3111 Evangeliis

990 3131 1129 3203 scriplum
1160 3137 1294 3198 nonest,
1331 3146 1426 3202 neque
1450 3129 1598 3184 invenitur
1621 3129 1674 3184 sub
1701 3128 1841 3200 apostolis

87 3179 142 3236 hoc
157 3182 278 3252 probare
293 3187 388 3251 potest
402 3182 451 3237 ille
470 3183 514 3237 vir
535 3199 598 3237 eam
623 3200 701 3238 ream
726 3201 787 3239 esse
812 3185 933 3253 consilii,
990 3235 1119 3290 unquam
1132 3220 1238 3274 factum
1265 3219 1374 3291 placuit
1396 3218 1427 3272 in
1449 3233 1604 3273 numerum
1628 3233 1695 3272 sum
1712 3233 1771 3271 non
1796 3232 1847 3272 re·

87 3272 185 3340 potest
200 3274 230 3323 ut
245 3270 329 3324 nobis
345 3270 465 3337 videtur,
481 3271 573 3342 ipsam
589 3288 707 3327 uxorem
728 3273 883 3340 dimittere,
908 3277 936 3328 et
990 3308 1047 3378 cipi
1061 3259 1250 3379 martyrum·’

90 3357 113 3411 si
127 3358 249 3411 voluerit
264 3358 349 3412 aliem
364 3375 483 3414 uxorem
498 3359 638 3431 accipere,
655 3360 717 3431 ipsa
739 3366 836 3417 eutem
865 3362 934 3417 insi·
990 3397 1044 3452 Cn
1091 3397 1169 3452 XLVI
1214 3426 1249 3437 -
1283 3399 1316 3451 De
1348 3412 1376 3451 ω
1428 3397 1458 3450 m·
1479 3399 1593 3450 matrem
1616 3410 1695 3451 suam
1714 3396 1856 3450 crudete

87 3445 200 3513 diatrix,
229 3447 406 3516 poenitentiae
436 3447 572 3519 subJecte,
598 3448 705 3520 absque
730 3466 780 3521 spe
804 3451 931 3523 conjugii
1048 3437 1055 3450 ’
1173 3437 1180 3450 ’
1221 3412 1482 3537 qualiiirpoenqiim
1500 3467 1605 3521 digesti,

88 3539 213 3589 maneat.
800 3601 814 3612 ι
1026 3537 1081 3609 (Eur
1104 3539 1219 3608 epistota
1242 3537 1350 3594 Nicotoi
1375 3554 1455 3608 popu
1483 3537 1521 3591 aet
1543 3536 1697 3593 liudoldum
1725 3535 1756 3589 S.
1786 3539 1854 3590 Ar-

125 3623 280 3680 ctellbll.
296 3655 329 3665 -
346 3625 451 3692 Delios,
469 3627 598 3696 siptures
612 3629 934 3696 unumimpuqncuerint.
989 3633 1089 3696 pentes
1118 3629 1237 3683 tielensis
1260 3627 1391 3681 Ecclesiae
1417 3625 1592 3696 episcopum.)
1620 3625 1754 3678 Nicotaus
1783 3625 1855 3695 cpi-

122 3711 177 3781 (Ec
191 3713 281 3767 eodem
296 3712 419 3779 concilio,
435 3716 522 3783 capite
535 3713 590 3785 98.)
613 3715 641 3770 si
657 3720 779 3786 quatuor
793 3716 933 3787 autquin·
990 3730 1093 3786 scopus
1126 3731 1223 3769 servus
1262 3729 1409 3769 servornm
1450 3713 1512 3782 Ilei,
1541 3713 1782 3767 reverendissimo
1808 3715 1847 3766 et

87 3815 143 3871 que
158 3800 290 3855 homines
305 3818 353 3855 seu
377 3801 465 3855 etiem
487 3802 596 3871 plures,
621 3808 721 3857 contre
736 3819 827 3858 unum
842 3804 936 3859 homi·
990 3803 1170 3858 sanctissimo
1202 3802 1332 3858 Redoldo
1373 3802 1506 3874 episcopo
1545 3806 1648 3855 sanetae
1687 3803 1847 3874 Argenteus

87 3903 154 3943 nem
182 3889 264 3944 rixati
279 3889 397 3958 luerint,
425 3895 454 3944 et
479 3891 514 3945 eb
537 3890 583 3945 his
605 3892 772 3946 vulneratus
805 3897 935 3947 mortuus
990 3892 1120 3948 Retensis
1143 3891 1284 3947 Ecclesiee.
1309 3892 1383 3946 [lum
1409 3890 1550 3946 universis
1577 3890 1679 3944 mundi
1708 3891 1839 3960 partibus

15 4005 18 4009 .
86 3976 183 4046 iuerit,
199 3979 364 4050 quicunque
379 3995 480 4033 eorum
495 3979 522 4033 ei
537 3981 651 4050 plegem
666 3979 816 4051 imposuit,
833 3997 935 4036 secun·
990 3980 1167 4036 credentium
1184 3980 1302 4050 agmins
1317 3979 1457 4052 principis
1476 3979 1674 4050 apostolorum
1691 3978 1835 4033 liminibus

88 4066 158 4121 dum
173 4071 280 4122 statuta
295 4082 440 4121 canonum
453 4072 485 4121 nt
499 4068 645 4123 homicida
652 4068 809 4138 judicetur,
830 4069 935 4141 reliqui
990 4073 1157 4141 properant,
1196 4067 1314 4139 quidem
1351 4067 1394 4121 vir
1418 4067 1535 4122 nomine
1571 4067 1724 4122 Thiotbert
1761 4066 1834 4121 venit

88 4161 185 4211 sutem
205 4156 334 4227 quicum
354 4155 563 4226 impugnabant
586 4157 714 4211 volentes
738 4174 804 4212 eum
827 4158 972 4256 interii·D
992 4161 1092 4211 vestrm
1112 4155 1299 4211 beatitudinis
1325 4155 1478 4227 epistolam
1503 4170 1613 4225 gerens,
1637 4171 1727 4226 quem
1742 4159 1830 4209 nostro

87 4259 162 4313 cere,
187 4243 318 4298 similiter
345 4244 512 4314 poeniteant.
536 4244 590 4309 Qui
612 4261 664 4300 uec
693 4262 760 4301 eum
780 4246 937 4318 impugna·
993 4244 1115 4300 contulit
1146 4237 1324 4317 praesuletui,
1365 4245 1445 4316 cujus
1473 4243 1610 4315 peginam
1647 4245 1832 4315 perlegentes,

87 4332 168 4398 bant,
185 4349 237 4387 nec
251 4333 450 4399 vulnerabant,
465 4334 657 4401 necconsilio,
674 4350 727 4389 nec
746 4336 854 4390 auxilio
870 4352 937 4390 coo·
991 4333 1171 4388 matricidam
1186 4333 1269 4387 illum
1290 4347 1351 4388 esse
1365 4332 1561 4403 cognorimus,
1576 4347 1634 4404 quo
1650 4331 1725 4387 lacto
1743 4331 1834 4387 multis

87 4424 233 4493 peratores
263 4421 390 4489 luerunt,
425 4421 475 4476 ssd
498 4426 611 4477 tentum
650 4423 814 4490 adfuerunt,
857 4429 938 4480 extra
990 4422 1107 4479 fletibus
1125 4421 1316 4494 lacrymisque
1339 4420 1477 4493 profusis,
1500 4421 1583 4475 valde
1609 4420 1767 4476 doluimus.
1795 4421 1834 4476 ld·

89 4525 196 4565 noxam
212 4508 279 4563 sint.
990 4512 1065 4567 circo
1080 4509 1263 4582 precipimus
1276 4515 1306 4564 et
1319 4514 1434 4580 petrum
1460 4510 1603 4564 almorum
1632 4509 1760 4564 censuris
1781 4514 1836 4564 sta-

178 4597 242 4652 Cer.
263 4597 404 4651 xt111.-
420 4598 847 4668 Devindictouonpruttibeudu.
990 4599 1109 4665 tuimus,
1124 4602 1157 4654 ut
1170 4598 1223 4653 sub
1245 4597 1423 4669 poenitentiae
1440 4597 1513 4669 jugo
1541 4602 1721 4668 permoneat,
1749 4598 1790 4652 ita
1809 4601 1839 4652 ut

124 2917 175 2985 ilic
189 2918 301 2972 concilio
316 2918 392 2987 apud
411 2920 582 2978 Vermeriom.
601 2922 689 2988 capite
704 2919 742 2975 el
755 2921 783 2976 Si
798 2937 856 2992 que
871 2935 933 2975 mu·

87 3004 141 3059 lier
155 3010 277 3060 mortem
290 3005 344 3060 viri
360 3005 405 3060 sui
419 3022 484 3060 curn
500 3007 563 3061 eliis
577 3007 726 3062 conciliata
750 3013 802 3075 est,
820 3015 848 3064 et
873 3010 935 3081 ipse

87 3092 133 3146 vir
147 3092 273 3164 aliquem
295 3094 411 3149 illorum
433 3110 462 3148 se
477 3094 657 3150 defendendo
681 3096 827 3160 occiderit,
856 3102 885 3151 et
912 3114 935 3152 s1

126 4685 181 4756 (Ec
208 4684 290 4740 dictis
313 4687 440 4754 Apostoli
464 4688 593 4755 nmini.
614 4687 732 4756 August.
772 4687 864 4759 Grec.)
898 4689 938 4742 De
991 4704 1082 4743 unum
1097 4703 1151 4758 per
1176 4702 1285 4742 annum
1308 4686 1461 4742 Ecclesium
1486 4702 1544 4741 nou
1572 4685 1763 4757 ingredietur,
1792 4686 1840 4742 sed

88 4774 215 4829 vindicte
229 4789 289 4828 non
300 4774 479 4842 prohibenda
501 4775 530 4828 in
555 4776 633 4830 Novo
657 4776 849 4842 Testamento,
876 4776 939 4830 llis·
991 4776 1285 4832 snteloresbasilicas
1305 4791 1392 4830 orans
1416 4791 1447 4829 sc
1475 4776 1631 4847 deprecans
1654 4775 1745 4830 Deum
1773 4791 1839 4846 per·

88 4879 228 4934 ronymus
242 4862 277 4917 de
292 4862 421 4932 personis
447 4862 541 4934 dignis
563 4863 599 4918 sd
619 4863 776 4918 vindictam
801 4863 864 4919 ait:
885 4864 940 4929 Qui
991 4870 1109 4934 sereret,
1126 4864 1250 4937 qualiter
1263 4869 1343 4919 tento
1368 4863 1510 4934 eripietur
1537 4864 1661 4935 piaculo.
1691 4863 1841 4936 Completo

88 4951 213 5024 percutit
226 4951 315 5004 malos
329 4950 360 5004 in
376 4966 409 5004 eo
435 4951 512 5022 quod
536 4951 605 5006 mali
631 4958 707 5021 sunt,
724 4957 752 5007 et
770 4951 857 5007 hebet
870 4969 938 5008 ceu·
990 4970 1058 5009 vero
1071 4955 1139 5009 enni
1156 4953 1263 5008 circulo
1284 4951 1449 5007 introeundi
1464 4952 1495 5006 in
1522 4950 1675 5006 Ecclesiam
1694 4950 1844 5006 licentiam

88 5055 150 5094 sam
177 5038 383 5094 interiectionis
407 5044 440 5093 ut
460 5041 601 5110 percutiet
627 5041 778 5112 pessimos,
808 5041 939 5098 minister
991 5042 1107 5109 hebeat,
1135 5046 1232 5097 umen
1259 5041 1338 5098 inter
1362 5041 1512 5096 audientes
1552 5043 1616 5104 stet,
1644 5044 1673 5093 et
1711 5040 1844 5095 nondum

91 5128 205 5183 Deiest.
224 5129 307 5196 ltem,
322 5128 367 5182 lex
384 5131 413 5182 et
434 5127 558 5183 ministri
584 5129 647 5200 ejus
671 5135 821 5185 coerceant
839 5130 938 5186 inimi·
991 5131 1193 5185 communicet.
1240 5129 1396 5200 Completis
1438 5135 1537 5184 autem
1571 5129 1661 5183 trium
1699 5144 1844 5184 annorum

89 5230 137 5271 cos
163 5222 192 5271 et
221 5217 428 5287 constringent.
452 5218 605 5289 Apostolus
619 5217 739 5288 inquit:
765 5217 836 5289 Regi
855 5219 938 5291 quasi
991 5219 1115 5286 circulis,
1130 5234 1217 5274 sacrae
1238 5218 1451 5274 communionis
1478 5217 1520 5272 illi
1544 5216 1638 5288 gratia
1655 5216 1843 5272 concedetur.

90 5304 273 5376 precedenti,
302 5310 331 5360 et
353 5305 473 5361 ducibus
498 5310 637 5378 tunquam
661 5306 696 5361 ab
722 5322 755 5361 eo
780 5307 874 5361 missis
901 5307 938 5362 sd
992 5309 1154 5366 Oblationes
1171 5326 1238 5365 vero
1260 5325 1319 5364 non
1335 5307 1446 5375 offeret,
1466 5307 1522 5362 nisi
1535 5311 1690 5379 postquam
1716 5306 1845 5362 eliorum

88 5391 244 5447 vindictam
280 5394 509 5464 malefactorum,
547 5394 663 5449 laudam
690 5409 758 5450 vero
783 5393 936 5451 bonomm.
991 5402 1102 5468 septem
1117 5413 1260 5453 annorum
1279 5395 1423 5451 curricula
1436 5395 1615 5466 expleantur.
1631 5394 1667 5449 In
1682 5392 1729 5449 his
1745 5399 1844 5450 sotem

88 5483 161 5537 ltsm
178 5481 387 5554 llierouymus:
418 5472 579 5540 Homicidss
593 5486 622 5540 et
650 5482 803 5556 sacrilegos
822 5484 936 5556 punire,
992 5486 1127 5543 omnibus
1142 5486 1225 5543 snnis
1240 5488 1327 5558 etque
1341 5483 1524 5558 temporibus
1542 5497 1662 5539 monem
1673 5496 1735 5538 non
1760 5497 1845 5540 man·
