3878 6112
54 245 107 298 22¹
552 242 633 300 titt
651 245 679 301 S·
699 242 934 311 connovitius,
956 242 1015 302 Ulli
1035 243 1081 301 DE
1099 246 1130 303 S·
1152 244 1317 303 hunaldo.
1760 255 1813 309 222

56 362 165 418 noetus
179 362 353 434 augustensi
372 365 401 418 et
427 360 578 418 distetensi
602 367 631 420 et
652 364 736 420 honae
763 364 947 422 memorial
966 369 1028 421 tes:
1043 365 1133 421 sedet
1146 365 1203 421 alia
1215 365 1341 438 plurima
1356 366 1496 423 beneficia
1509 367 1566 441 piis
1581 368 1650 424 locis
1672 374 1701 427 et
1723 387 1816 426 vene·

56 452 282 523 Wirtzburgensi
297 451 448 524 episcopis,
464 456 493 506 et
507 451 618 507 dilectis
636 452 703 508 filiis
728 454 908 521 Eboraceusi,
963 453 1103 509 rabilibus
1130 453 1256 509 ecclesiis
1279 456 1474 522 contulerunt,
1510 457 1655 512 Christum
1683 457 1737 513 sibi
1772 459 1812 513 la·

57 540 286 607 lancheimensi,
302 546 331 596 et
355 541 571 596 iiailsbrunensi
592 540 649 612 (84)
678 542 830 597 abhatibus
858 557 911 615 per
964 541 1071 598 cientes
1100 543 1255 599 haeredem.
1280 545 1345 600 liae
1384 549 1413 599 et
1435 544 1492 599 alia
1520 545 1643 600 retulere
1665 546 1701 601 de
1729 546 1816 601 meri-

57 628 509 698 apostolicascriptacommisit:
533 634 597 699 post
629 630 710 701 cujus
729 629 841 685 obitum
859 647 910 685 us·
963 631 1024 687 tis:
1055 631 1089 686 de
1115 632 1258 687 miraculis
1299 637 1468 700 asserentes,
1505 634 1582 706 quod
1616 634 1657 688 eis
1685 650 1813 706 praesen-

57 733 117 789 que
134 718 205 772 adeo
228 717 407 772 manifestari
426 723 575 789 caeperunt
599 723 628 773 et
656 719 842 790 multiplicari
855 719 909 774 mi·
964 719 1040 775 tibus
1063 724 1092 774 et
1111 720 1274 775 videntibus
1300 721 1336 776 ad
1368 720 1539 776 memoriam
1574 721 1660 793 hujus
1692 721 1813 795 virginis

57 805 166 871 recula,
182 809 214 860 ut
229 805 416 862 exscidentia
430 807 538 878 pariter
559 812 587 862 et
606 807 778 878 frequentia,
804 805 908 861 sancti·
964 806 1144 877 caecivisum,
1160 809 1257 864 claudi
1279 825 1410 880 gressum
1427 851 1435 879 ,
1451 811 1524 866 muti
1541 810 1670 877 verbum,
1687 815 1717 866 et
1730 811 1813 866 surdi

58 900 103 948 tas
118 894 181 965 ejus
195 893 231 949 ab
250 894 384 950 omnibns
398 895 480 967 quasi
496 896 611 951 notoria
633 895 813 965 predicetur,
837 894 912 950 sicut
965 902 1207 968 recuperaverunt
1225 897 1370 967 auditum,
1396 898 1516 970 aliisque
1541 899 1730 971 languoribus
1756 899 1812 955 im·

58 998 93 1036 ex
117 983 217 1036 multis
242 980 489 1038 testimonialibus
497 983 602 1039 litteris
616 983 828 1056 episcoporum,
857 983 910 1037 ah·
965 985 1048 1055 petiti
1062 984 1228 1056 frequenter
1242 989 1271 1040 et
1285 985 1433 1041 evidenter
1445 987 1563 1057 plenam
1583 987 1730 1043 consecuti
1745 995 1816 1043 sunt

58 1071 174 1136 hatum,
190 1070 409 1142 prepositorum
420 1075 450 1126 et
463 1071 638 1143 principum,
661 1087 772 1126 necnon
795 1076 824 1124 at
844 1069 912 1124 alio·
965 1073 1118 1127 sanitatem
1136 1089 1143 1140 ;
1159 1079 1198 1140 et,
1214 1073 1290 1144 quod
1309 1077 1352 1127 est
1374 1073 1514 1128 mirabilis
1540 1073 1675 1128 novitatis
1692 1079 1721 1128 et
1746 1073 1816 1129 novi

58 1175 126 1212 rum
168 1159 326 1214 multorum
360 1174 454 1231 nuper
477 1164 574 1215 nostro
610 1160 717 1215 exstitit
735 1156 911 1230 apostolatui
965 1160 1109 1228 miraculi,
1126 1162 1220 1231 pulvis
1231 1161 1266 1216 de
1282 1163 1394 1216 tumulo
1413 1163 1476 1231 ejus
1488 1163 1642 1232 assumptis
1657 1178 1736 1233 saepe
1747 1178 1817 1217 cun·

58 1250 233 1302 reseratum.
965 1253 1121 1304 versusest
1138 1249 1169 1304 in
1197 1249 1386 1304 trumentum.
1414 1249 1553 1321 Nosergo
1579 1250 1615 1305 de
1648 1249 1761 1305 meritis
1786 1257 1816 1305 et

95 1335 249 1390 Venientes
267 1334 356 1406 igitur
373 1335 410 1390 'ad
435 1335 620 1407 apostolicam
647 1336 745 1392 sedem
770 1353 804 1391 ex
829 1340 911 1408 parte
967 1336 1112 1393 miraculis
1128 1337 1190 1408 ejus
1204 1337 1340 1391 multiset
1358 1336 1471 1407 magnis
1486 1352 1543 1392 non
1569 1339 1663 1392 solum
1682 1337 1815 1393 testimo·
1894 1378 1897 1384 1

57 1428 155 1477 vestm
182 1421 278 1477 dilecti
317 1423 370 1478 lilii
395 1424 426 1479 D.
455 1424 543 1479 abhas
568 1424 813 1480 michelveldensis
844 1424 910 1496 (85),
966 1426 1032 1494 niis,
1044 1425 1133 1480 sedet
1155 1425 1275 1480 testibus
1289 1424 1424 1480 certiores
1443 1424 1546 1493 eliecti,
1561 1441 1627 1479 cum
1654 1425 1812 1480 secundnm

59 1511 212 1567 Gundelus
225 1511 360 1582 decanus,
379 1512 529 1568 cunradus
552 1517 654 1576 custos,
682 1514 791 1569 llarcus
816 1513 911 1567 archi·
966 1515 1140 1585 Prophetam
1168 1512 1328 1568 landandus
1342 1512 1379 1566 sit
1392 1513 1467 1567 Deus
1486 1513 1516 1566 in
1544 1513 1648 1567 sanctis
1668 1512 1747 1580 suis;
1776 1512 1812 1567 de

58 1600 211 1667 diaeonus,
230 1601 390 1657 llermanus
413 1601 604 1657 subdiaconus
637 1601 755 1673 majoris
782 1601 911 1657 ecclesiae
927 1641 947 1695 B
966 1603 1088 1658 fratrum
1101 1606 1266 1657 nostrorum
1275 1600 1406 1670 consilio,
1422 1607 1452 1656 et
1467 1600 1637 1673 pontilicum
1652 1601 1813 1656 multorum

58 1692 174 1753 vestrae,
212 1689 356 1759 hnpoldua
390 1688 527 1744 diaconus
551 1690 640 1744 sarrcti
668 1689 817 1761 Stephani,
843 1691 914 1745 Bur·
967 1691 1043 1761 apud
1056 1690 1152 1745 sedem
1167 1689 1353 1761 apostolicam
1367 1689 1563 1757 existentium,
1577 1689 1671 1761 ipsam
1698 1688 1813 1744 beatem

59 1775 186 1830 ahardus
213 1776 349 1832 diaconus
376 1782 478 1832 sancta
504 1778 609 1846 Mariae,
638 1777 775 1833 Henricua
797 1778 913 1849 presby·
966 1779 1109 1850 virginem
1136 1777 1340 1849 Cuuagundem
1364 1779 1494 1850 catalogo
1532 1782 1696 1832 muctmum
1723 1776 1812 1832 ascri·

60 1869 106 1916 ter
129 1862 224 1918 sancti
249 1864 402 1926 Michaelis,
427 1866 565 1921 ilenricus
589 1866 784 1922 subdiaconus
806 1872 912 1921 senctae
966 1867 1087 1938 psimus,
1107 1866 1226 1938 ejusque
1243 1866 1412 1921 memoriam
1426 1865 1502 1921 inter
1515 1869 1628 1921 sanctos
1638 1865 1814 1921 decrevimus

61 1950 169 2019 itariae,
182 1951 265 2007 nohis
279 1957 308 2007 et
320 1953 456 2009 iratribus
475 1954 578 2009 nostris
592 1954 742 2010 humiliter
770 1956 911 2027 supplica·
966 1956 1177 2012 celebrandam.
1191 1956 1371 2028 Quapropter
1382 1954 1597 2010 universitatem
1611 1960 1735 2010 vestram
1750 1970 1814 2009 mo·

62 2043 142 2107 runt,
177 2045 210 2094 ut
236 2056 271 2095 ex
310 2041 489 2113 plenitudiue
523 2043 672 2115 potestatis
708 2060 795 2116 quam
832 2046 913 2099 iesus
967 2043 1316 2100 nemusethortamurin
1339 2043 1471 2110 Domino,
1489 2059 1541 2113 per
1564 2042 1718 2114 apostolica
1744 2041 1813 2097 scri-

62 2127 194 2183 Christus
223 2128 387 2207 beatissimo
416 2132 501 2186 Petro
536 2131 686 2199 concessit,
716 2132 912 2203 praenomina·
966 2139 1017 2205 pta
1044 2133 1223 2198 mandantes,
1239 2136 1381 2203 qnatenus
1412 2131 1490 2202 quod
1503 2148 1554 2186 nos
1583 2131 1754 2187 solemniter
1785 2135 1814 2186 et

63 2223 120 2271 ιιιιι
138 2217 351 2288 imperatricem
378 2223 543 2274 sannorum
573 2219 703 2292 catalogo
728 2220 915 2290 dignaremur
967 2228 1048 2279 cauta
1071 2221 1235 2290 statuimus,
1269 2236 1320 2275 vos
1343 2220 1491 2275 humiliter
1515 2223 1544 2274 et
1571 2220 1673 2274 devote
1695 2219 1814 2274 servetis

63 2304 217 2372 ascribere,
247 2305 434 2362 decernentes
461 2308 523 2378 ejus
556 2310 726 2363 memoriam
751 2308 828 2363 inter
847 2325 913 2363 sau·
968 2316 1001 2367 ut
1015 2311 1199 2382 meritisejus
1212 2307 1387 2380 etprecihus
1413 2308 1489 2380 apud
1515 2307 1816 2363 misericordissimum

63 2399 122 2447 ctos
136 2393 175 2448 ah
195 2393 335 2449 universis
355 2393 488 2451 fidelihus
507 2395 543 2450 de
568 2401 671 2450 caetero
687 2395 912 2451 celebrandam:
965 2401 1093 2472 judicem
1106 2397 1316 2470 indulgentiam
1338 2412 1558 2469 consequamur.
1579 2395 1736 2452 collectam
1764 2411 1816 2450 au·

64 2497 127 2536 cum
145 2482 330 2538 hocsuhlime
340 2483 481 2554 judicium
496 2483 530 2538 ad
546 2499 613 2540 eum
635 2488 747 2540 tantum
771 2484 915 2557 pertineat
969 2493 1067 2544 temet
1084 2487 1155 2542 alias
1179 2486 1322 2542 orationes
1347 2485 1379 2540 in
1402 2483 1677 2540 commemoratione
1700 2483 1762 2554 ejus
1776 2482 1818 2538 di·

64 2570 112 2641 qui
125 2574 171 2625 est
184 2570 258 2626 beati
275 2571 352 2627 Petri
375 2576 563 2628 successerat
592 2572 714 2628 vicarius
736 2575 801 2628 lesu
830 2572 914 2627 Chri·
968 2576 1073 2632 cendas
1091 2574 1245 2642 edidimus,
1262 2590 1333 2645 quas
1347 2574 1378 2628 iu
1392 2573 1445 2628 hac
1459 2572 1566 2644 pagina
1585 2571 1720 2626 duximus
1736 2570 1818 2625 subs·

64 2658 108 2711 sti.
122 2658 182 2712 Nos
198 2658 294 2730 itaque
306 2670 520 2731 cognoscentes,
536 2661 614 2733 quod
641 2661 696 2716 hoc
718 2676 817 2716 revera
835 2661 912 2732 judi·
970 2663 1139 2720 cribendas:

64 2747 141 2801 dum
152 2746 304 2803 sublimius
320 2751 363 2802 est
375 2749 452 2804 inter
465 2755 570 2804 cetera
581 2750 691 2820 judicia
711 2750 915 2820 judicandum,

64 2833 202 2904 inipsius
223 2836 433 2892 examinatione
458 2837 619 2908 plenariam
644 2839 779 2893 volumus
808 2838 914 2893 habere
1722 2903 1727 2913 Ι

64 2923 218 2979 cautelam,
240 2923 359 2980 ntideo
383 2926 605 2997 prenominatos
634 2925 823 2997 jurisjurandi
846 2918 954 2982 reli-C
1004 2911 1193 2982 Omnipotens
1209 2914 1238 2965 et
1260 2908 1423 2963 misericors
1444 2908 1529 2974 Deus,
1546 2904 1597 2978 qui
1624 2903 1749 2976 agiona
1766 2906 1816 2958 tua

63 3011 151 3081 pone
161 3012 395 3082 constrinximus,
420 3010 452 3069 ῃ(
469 3030 572 3084 puram
594 3015 677 3069 nobi,
701 3030 787 3085 super
801 3015 856 3070 1100
870 3015 912 3070 di.
970 3003 1083 3057 nullum
1094 2999 1199 3070 excipis
1210 3014 1320 3066 sexum,
1334 2998 1502 3067 nullamque
1512 2994 1709 3093 conditionem
1719 2991 1814 3047 exclu-

64 3102 164 3154 uerent
182 3100 341 3156 veritatem.
358 3102 414 3167 Qui
424 3102 515 3173 jurati
525 3103 661 3158 dixerunt
674 3102 762 3174 quod,
787 3103 861 3159 sicut
881 3120 915 3158 ex
969 3091 1023 3156 <11⁸2
1041 3096 1069 3145 20
1096 3087 1263 3160 θΠΡΡῙῙθῘῑθΓ
1281 3103 1350 3141 0¹⁰¹·
1350 3090 1500 3183 ⁸¹11¹1⁵2⁶⁰i
1514 3087 1588 3138 ⁸¹⁰⁰i
1610 3083 1703 3180 1)θᾶῑῦ
1714 3080 1816 3179 ηὓῦῑῑθ·

63 3187 173 3243 celebri
187 3187 264 3244 iama
289 3195 318 3244 et
339 3190 462 3246 solemni
484 3191 625 3263 scriptura
652 3196 805 3256 noverunt,
831 3192 915 3247 beata
969 3177 1255 3250 gundilifdissiwoes
1275 3181 1459 3246 posituram
1474 3174 1589 3270 culmen
1618 3184 1745 3268 “filma
1760 3183 1818 3223 00³·

64 3275 253 3348 Cunegundis
269 3283 366 3333 sancto
396 3279 515 3334 ilenrico
542 3278 710 3351 imperatori
734 3279 790 3334 fuit
813 3278 915 3334 matri.
969 3267 1048 3322 lestis
1072 3264 1156 3337 regni
1188 3263 1294 3318 solium
1327 3260 1481 3328 contulisti,
1506 3264 1554 3358 tta,
1570 3264 1681 3313 meritis
1712 3258 1820 3354 ⁰³⁰⁸.⁰.‘

63 3364 232 3420 monialiter
243 3367 386 3437 copulata,
401 3367 450 3422 sed
465 3368 501 3423 ah
517 3384 551 3423 eo
567 3385 623 3423 non
634 3369 742 3424 exstitit
763 3369 916 3424 carnaliter
970 3354 1114 3427 Pi0⁰ib⁰⁸s
1132 3352 1216 3408 ”libii
1239 3367 1356 3423 ‘1¹1⁰‘l110
1380 3349 1496 3448 famuli}
1514 3353 1571 3403 ¹⁰¹³
1589 3358 1703 3402 oeiflfflffi
1732 3344 1820 3400 f⁰¹¹⁰¹·

62 3452 193 3523 cognita.
220 3453 299 3510 Unde
322 3470 389 3509 cum
417 3455 554 3512 dominus
584 3457 742 3529 imperator
766 3462 865 3529 ageret
883 3455 914 3510 in
971 3444 1036 3499 ielis
1050 3441 1170 3515 praemia
1188 3439 1328 3512 largivi&
1346 3440 1399 3493 Per
1415 3438 1583 3493 Dominum·

63 3540 217 3608 extremis,
236 3540 415 3614 principibus
433 3548 462 3598 et
476 3543 645 3615 parentibus
667 3543 764 3616 inquit
784 3544 821 3599 de
841 3543 913 3598 illa:
963 3575 966 3581 ·

65 3628 221 3693 «Qualem
241 3629 312 3685 mihi
337 3645 402 3686 eam
428 3632 603 3702 assignastis,
623 3632 711 3687 talem
743 3629 823 3687 vohis
852 3646 916 3687 eam

65 3718 197 3788 resigno.
217 3717 362 3790 Virginem
379 3734 442 3776 eam
453 3719 583 3788 dedistis,
595 3724 623 3775 et
634 3719 778 3792 virginem
792 3721 888 3776 reddo.
901 3742 915 3769 a
1006 3715 1183 3774 Sacrificium
1201 3712 1295 3768 laudis
1309 3717 1367 3768 tuas
1382 3709 1445 3777 tihi,
1462 3708 1583 3764 Domine
1611 3709 1687 3763 lteus
1709 3710 1816 3774 noster,

66 3807 155 3860 Suam
176 3820 245 3878 ergo
272 3807 435 3879 virgitatem
464 3808 585 3864 Domino
604 3810 782 3865 consecravit
809 3813 837 3864 et
858 3824 917 3863 ser-
972 3805 1129 3870 offerimus,
1159 3808 1239 3859 tuam
1266 3799 1449 3857 clementiam
1482 3797 1681 3868 implorantes,
1713 3798 1745 3848 ut
1767 3809 1820 3864 per

67 3892 295 3950 vavitintectam
310 3911 319 3950 t
332 3895 372 3951 ita
385 3896 462 3968 quod
480 3912 547 3952 cnm
571 3897 737 3970 aliquando,
763 3897 919 3969 instigante
972 3894 1059 3966 hujus
1071 3889 1241 3946 sacramenti
1263 3888 1408 3954 virtutem,
1437 3884 1632 3941 intercedente
1654 3882 1739 3936 beata
1765 3879 1819 3936 Cu·

69 3981 193 4038 humani
212 3983 326 4053 generis
347 3983 474 4054 inimico,
509 3985 634 4057 suspicio
657 3986 790 4058 quedam
820 3993 920 4044 uonna
972 3981 1105 4054 negunde
1121 3978 1232 4050 virgine
1247 3981 1305 4045 tua,
1329 3992 1381 4030 nos
1403 3979 1433 4030 et
1454 3991 1471 4029 a
1493 3971 1616 4045 peccatis
1630 3968 1774 4042 expedias,
1790 3969 1820 4021 et

68 4072 163 4144 ipsam
188 4071 287 4127 luisset
314 4079 421 4140 exorta,
457 4073 531 4144 ipsa,
555 4079 589 4130 ut
614 4090 694 4131 suam
725 4074 919 4132 innocentiam
973 4069 1138 4143 apericulis
1152 4065 1269 4122 tuearis·
1283 4062 1516 4120 P01D0missum·

70 4162 280 4215 demonstraret
310 4177 398 4232 super
419 4161 529 4233 ignitos
552 4178 683 4217 vomeres
705 4163 791 4218 nudis
813 4165 919 4235 plantis
931 4194 955 4249 D

69 4250 196 4315 incessit,
215 4255 245 4305 et
271 4251 410 4322 processit
431 4251 533 4307 illaesa.
565 4254 637 4308 Item
654 4259 780 4308 sanctus·
792 4253 917 4325 impera·

67 4343 114 4392 tor
127 4338 267 4393 ilenricus
290 4342 320 4393 et
344 4339 406 4394 hac
427 4339 596 4411 imperatrix
615 4341 732 4412 egregia
762 4341 917 4414 cunegun·
1007 4337 1223 4394 Sacramentum
1248 4329 1456 4400 redemptionis
1482 4329 1630 4394 humana,
1670 4325 1749 4399 qnod
1786 4325 1817 4380 in

67 4426 163 4482 diade
178 4425 304 4498 propriis
322 4427 507 4483 incolatibus
535 4429 830 4501 [lambenhergensem
851 4433 917 4486 fun·
974 4427 1082 4481 honore
1122 4422 1214 4477 beatae
1249 4417 1435 4490 cunegundis
1474 4416 1642 4482 obtulimus,
1677 4414 1729 4469 tihi
1754 4430 1818 4478 nos,

66 4518 210 4573 durarunt
229 4516 378 4572 ecclesiam
401 4522 431 4572 et
450 4517 642 4587 dotaverunt3
667 4535 754 4590 quam
769 4535 835 4575 cum
858 4520 918 4574 suis
973 4513 1105 4578 Domine,
1121 4510 1221 4565 reddat
1243 4512 1382 4578 acceptos,
1396 4511 1428 4561 ut
1440 4521 1492 4578 per
1506 4505 1563 4560 huc
1586 4503 1665 4576 quod
1679 4507 1710 4559 et
1736 4517 1820 4558 acce-

67 4599 206 4656 omnihus
230 4599 411 4672 pertinentiis
442 4616 477 4656 ex
503 4600 615 4657 fervore
641 4601 801 4657 devotionis
829 4618 918 4674 quam
972 4603 1068 4675 pimus
1083 4600 1139 4673 ipsi
1156 4599 1193 4655 de
1220 4602 1284 4667 tuo,
1307 4602 1335 4652 et
1360 4594 1511 4667 suscepisti
1533 4594 1569 4649 de
1598 4597 1706 4661 nostro,
1731 4590 1820 4647 intui

67 4689 102 4744 ad
135 4688 327 4760 apostolicam
348 4689 448 4746 sedem
468 4689 623 4759 hebebant,
644 4691 728 4747 heato
748 4692 831 4747 Petro
847 4707 917 4763 apo·
973 4706 1088 4764 semper
1096 4688 1206 4744 unione
1221 4683 1432 4756 vivamus2qui
1445 4699 1513 4740 cum
1526 4683 1619 4738 Patre.

67 4778 210 4833 stolorum
222 4777 346 4849 principi
360 4777 539 4847 obtulerunt,
555 4779 721 4834 annuumei
740 4795 869 4847 censum,
881 4781 918 4836 ad
1011 4781 1112 4835 ilatum
1156 4775 1287 4831 Laterani
1315 4789 1346 4828 ιιι
1375 4773 1471 4828 Nonas
1496 4771 1613 4844 Aprilis,
1637 4767 1821 4842 pontificatus

66 4866 209 4922 indicium
231 4866 308 4938 qnod
332 4866 407 4938 juris
430 4867 467 4922 sit
491 4868 622 4923 Ecclesiae
644 4869 793 4936 Romane,
809 4870 920 4936 solven-
973 4867 1064 4923 nostri
1085 4864 1269 4921 annotertio.

1336 2799 1447 2840 ORATIO.

1334 3594 1461 3634 secante.

1315 4221 1485 4262 murmane.

100 5051 159 5118 (84)
176 5049 335 5105 Eboracum
347 5050 435 5120 vulgo
461 5049 580 5118 Ebrccb,
595 5048 809 5106 nobilissimum
834 5052 920 5106 Fran·
1009 5050 1065 5120 (85)
1077 5047 1154 5103 Alias
1182 5045 1327 5103 ldicheelis
1347 5044 1479 5117 Campus,
1506 5042 1616 5096 illustre
1636 5036 1747 5117 ordinis
1769 5053 1822 5092 nu·

66 5121 158 5176 conius
170 5120 383 5175 monasterium
399 5119 510 5175 ordinis
525 5120 729 5187 cisterciensis,
750 5123 780 5176 in
801 5121 918 5178 dioecesi
974 5121 1025 5175 stri
1045 5117 1206 5174 coenohium
1222 5118 1258 5172 ab
1281 5117 1383 5172 eodem
1409 5118 1507 5194 sancto
1527 5113 1631 5191 Ottone
1660 5108 1820 5190 conditum,

66 5189 271 5263 llerhipolensi
284 5191 381 5245 situm.
395 5192 528 5260 Ejusdem
538 5191 648 5248 ordinis
662 5197 706 5247 est
724 5193 917 5259 Mnckbnmb,
973 5192 1055 5260 cuius
1070 5189 1205 5244 abbatum
1213 5188 1377 5259 catalogum
1392 5183 1507 5239 exhibet
1522 5182 1673 5261 Bucelrnus
1694 5195 1725 5234 ιιι
1752 5179 1821 5235 Ger·

65 5263 161 5319 sedin
176 5261 240 5334 ipsa
267 5261 383 5317 diaecesi
405 5262 618 5335 bambergensi.
649 5263 804 5320 conditum
831 5263 919 5319 inita
974 5260 1169 5324 maniasacre,
1198 5274 1232 5314 ex
1251 5273 1309 5330 quo
1333 5261 1411 5335 patet
1431 5259 1498 5308 tunc
1522 5261 1582 5333 tem
1604 5267 1663 5333 ‘ris
1686 5248 1822 5334 aldelber-

65 5334 150 5389 beato
165 5332 273 5390 ottone
282 5332 415 5404 episcopo
429 5332 643 5405 bambergensi,
662 5333 735 5389 sicut
745 5339 774 5389 et
796 5349 919 5407 sequens
973 5337 1035 5386 tum
1050 5332 1113 5401 ejus
1137 5328 1193 5410 loci
1212 5328 1345 5410 abbatem
1371 5325 1467 5382 luisse.
1495 5324 1567 5380 Hinc
1601 5321 1724 5378 atteral)
1745 5319 1820 5376 iorte

63 5405 273 5472 Ηιϋὸνιιιυιιιι,
286 5402 357 5460 item
369 5403 480 5460 ordinis
497 5403 702 5488 Cisterciensis.
973 5402 1157 5458 hicdomnasn
1171 5399 1323 5472 sagntdcat.
