3878 6112
89 255 146 308 529
683 247 867 306 PROOElild.
889 277 924 290 -
943 250 1020 307 vlla
1040 248 1251 310 nubendum.
1791 255 1844 311 tut

87 371 285 429 manducarit.
310 370 380 438 Quis
405 375 449 428 est
479 369 558 428 cibus
581 371 712 439 coelestis,
740 373 786 428 rel
806 371 872 444 quis
896 375 977 429 esti.
995 372 1086 442 igitur
1095 372 1166 445 quia
1174 372 1211 428 ab
1223 371 1307 428 initio
1322 371 1408 428 fallax
1424 388 1456 428 ac
1465 373 1604 431 dubiosus
1615 375 1680 444 fuit,
1695 375 1772 433 inter
1784 392 1845 433 ans·

89 462 173 517 cibus
195 460 364 532 angelicus?
385 460 459 526 Quia
479 476 560 532 ergo,
579 460 634 530 fili,
658 461 735 516 dices
756 461 791 517 ad
813 459 942 517 narcisi
994 461 1163 532 pensionem
1187 461 1377 516 dubitationis
1400 461 1502 518 incidit
1521 463 1683 534 periculum
1704 464 1843 536 despera·

90 550 203 606 nodum
223 549 360 621 quaesisti,
376 565 440 604 erce
465 549 607 604 invenisti.
622 550 685 605 lam
699 551 808 610 resolve
823 550 940 615 nodum,
994 549 1091 618 tionis,
1102 555 1131 604 et
1145 565 1197 621 par
1211 550 1325 605 ruinam
1336 551 1545 621 desperationis
1560 551 1721 623 passionem
1736 553 1845 624 patitur

89 643 120 694 et
142 639 220 693 bunc
245 653 386 709 cognosce
408 638 537 693 modum.
564 638 696 704 Putasne,
716 638 844 693 coelestes
867 637 942 692 cives
995 643 1110 693 aeternae
1125 638 1331 708 damnationis,
1350 643 1437 711 atque
1455 640 1591 710 expulsus
1606 641 1636 696 in
1651 642 1786 698 tenebras
1800 656 1846 697 ex-

89 726 174 783 siouli
194 731 322 782 terrenos
342 731 433 781 rastro
449 726 494 780 vel
510 730 605 781 aratro
627 726 763 781 sudantes
786 725 941 782 laborando
994 727 1125 794 teriores,
1149 726 1303 782 infernales
1327 727 1428 783 merito
1449 729 1569 799 pertulit
1590 729 1748 801 passiones.
1763 729 1845 795 Quod

89 831 222 888 quaerere
237 813 363 886 paneml
374 816 571 887 Nequaquam.
589 814 643 870 Sed
654 816 846 884 estjustorum
860 814 942 886 panis
996 820 1092 870 antem
1109 814 1294 887 interrogasti
1306 816 1342 871 de
1360 815 1474 888 jejunio
1499 818 1597 884 llelirr,
1623 819 1676 874 beo
1703 817 1846 874 sententia

88 902 277 960 indefectivus
304 904 389 965 Deus,
411 903 462 958 Dei
477 902 574 970 Filius,
595 902 765 974 angelorum
788 909 900 958 creator
914 908 943 959 et
995 900 1135 974 intellige.
1163 903 1267 975 Legisti
1289 903 1386 972 etiam,
1412 908 1493 975 puto,
1520 908 1548 960 et
1571 905 1746 975 intellexisti,
1771 921 1845 979 quo·

88 992 238 1060 dominus,
255 991 292 1047 de
314 1007 372 1062 quo
388 990 526 1062 scriplum
544 994 607 1047 est:
623 1010 637 1044 a
656 991 689 1046 ln
712 990 856 1063 principio
881 994 943 1046 erat
995 989 1081 1045 modo
1094 995 1159 1061 post
1172 990 1417 1062 imprecationem,
1434 1008 1521 1063 quam
1541 992 1608 1048 fecit
1629 1009 1716 1065 super
1729 993 1845 1050 habita-

90 1080 248 1136 «tertam
272 1083 300 1135 et
316 1079 437 1135 Verbum
462 1084 524 1134 erat
539 1079 615 1151 apud
632 1080 723 1135 Deum
737 1084 766 1135 et
790 1080 867 1135 Deua
881 1083 943 1134 erat
995 1083 1073 1135 tores
1096 1079 1226 1143 Galaatla
1250 1079 1344 1135 ilelias
1374 1080 1531 1135 absconsus
1553 1082 1590 1138 ab
1613 1082 1710 1138 Achab
1728 1082 1845 1156 rogoin

92 1167 246 1223 sVerbum
271 1167 366 1238 (doen.
382 1184 402 1235 ι,
419 1167 452 1235 l).
470 1186 484 1219 a
502 1169 571 1223 Ecce
591 1167 674 1240 panis
695 1168 860 1239 angelicus!
878 1168 943 1222 «Et
995 1170 1122 1222 torrente
1151 1166 1248 1223 Cerilli
1271 1168 1329 1223 Deo
1351 1168 1472 1238 jubente
1495 1185 1512 1223 a
1533 1169 1626 1224 corvis
1648 1174 1792 1226 recreatus
1816 1176 1846 1227 et

91 1255 240 1311 «verbum
257 1255 441 1310 carofectum
456 1259 538 1310 estet
553 1255 728 1310 habitavitin
744 1255 837 1311 nobis.
852 1255 940 1326 (Ibid.
995 1259 1093 1326 pastus
1116 1260 1159 1310 est
1184 1256 1230 1325 (lli
1252 1258 1315 1326 nep.
1343 1256 1420 1327 aru).
1450 1258 1517 1311 Post
1543 1260 1602 1312 tres
1629 1262 1726 1314 autem
1753 1274 1846 1315 annos

91 1362 143 1413 «ι,
168 1344 248 1414 liis
267 1346 336 1400 Ecce
359 1343 439 1398 cibus
463 1344 586 1399 coelestis
608 1343 765 1414 descendit,
787 1350 816 1400 at
837 1360 942 1416 panem
995 1350 1140 1416 precepto
1159 1344 1208 1399 Dei
1224 1344 1348 1399 ostendit
1371 1360 1400 1399 sa
1416 1345 1523 1413 Achab,
1539 1346 1655 1416 qnando
1676 1348 1772 1403 celans
1795 1362 1845 1403 ae·

90 1434 260 1505 angelornm
275 1433 361 1488 horno
386 1432 577 1499 manducavit,
594 1432 710 1504 quando
732 1432 857 1488 Verbum
875 1448 941 1488 caro
996 1430 1056 1484 lum
1073 1430 1187 1485 flumini
1208 1429 1436 1502 quinquagintos
1452 1432 1663 1503 quinquaginta
1686 1435 1846 1490 sacerdotes

89 1523 195 1579 factum
213 1523 244 1577 in
258 1521 340 1578 nobis
353 1520 500 1576 habitavit.
523 1522 586 1593 lpse
604 1520 757 1576 enimait:
777 1522 862 1593 «Ego
878 1537 941 1575 sum
997 1517 1063 1572 naal
1083 1516 1244 1573 interlicere
1263 1518 1367 1588 jussit,
1387 1518 1490 1572 eodem
1505 1518 1552 1574 die
1571 1536 1587 1573 a
1613 1521 1671 1576 Deo
1687 1521 1845 1593 impetrans

92 1632 103 1661 ι
120 1609 207 1683 panis
219 1610 311 1677 vivus,
328 1609 379 1681 qui
401 1608 437 1664 de
451 1610 523 1664 coelo
538 1609 673 1664 descendi
693 1609 781 1680 (loun.
795 1625 832 1676 vr,
848 1612 877 1664 51
896 1627 903 1676 ·,
925 1633 939 1657 a
961 1604 1134 1706 Bplurium.
1150 1606 1258 1661 Deinde
1273 1606 1379 1660 timens
1391 1606 1612 1673 minaslesabel,
1628 1610 1847 1665 furibundaero·

89 1714 242 1772 perquem
262 1714 365 1771 panem
381 1697 505 1752 mundus
520 1697 660 1763 consistit,
677 1704 705 1752 et
724 1712 775 1770 per
789 1714 874 1769 quem
887 1713 941 1769 po·
995 1693 1082 1764 ginae,
1098 1709 1151 1765 per
1164 1693 1309 1748 desertum
1334 1694 1407 1765 fugit
1421 1701 1451 1749 et
1472 1695 1622 1750 inumbra
1642 1696 1771 1768 juniperi
1792 1712 1846 1769 pro

89 1788 177 1861 pulus
194 1786 310 1842 llomini
324 1786 516 1858 qnadraginta
529 1802 620 1841 annos
637 1786 724 1853 vixit;
739 1787 775 1842 de
791 1801 849 1859 quo
865 1787 941 1858 lloy·
995 1783 1081 1837 taedio
1105 1783 1210 1837 anima
1235 1782 1418 1838 obdormirit.
1438 1784 1519 1838 Tunc
1542 1800 1658 1857 quoque
1683 1785 1718 1841 ab
1741 1786 1845 1858 angelo

89 1872 206 1943 sesjam
223 1877 290 1926 tunc
305 1870 441 1943 gustarit,
463 1871 579 1942 quando
594 1870 667 1925 rubo
690 1870 825 1942 flagranti
839 1871 941 1926 aliatus
994 1869 1040 1925 bis
1058 1870 1205 1939 excitatus,
1223 1874 1252 1925 et
1275 1871 1310 1926 de
1336 1871 1518 1942 longitudine
1544 1871 1596 1927 vim
1623 1874 1790 1940 instructos,
1813 1889 1847 1929 ac

89 1959 310 2032 sicrespondit:
330 1958 489 2028 «Obsecro,
508 1959 640 2026 Domine,
661 1959 742 2015 mitte
767 1974 855 2031 quern
871 1959 942 2015 mis·
995 1958 1181 2014 subcineritia
1208 1975 1282 2030 pane
1307 1965 1335 2014 et
1358 1974 1433 2031 equa
1459 1959 1592 2026 refectus,
1621 1961 1843 2018 infortitudine

91 2070 106 2101 e
118 2065 204 2105 surus
217 2065 248 2104 es
258 2047 362 2119 (and.
380 2065 418 2118 ιν,
434 2051 479 2117 13)
497 2066 530 2114 ις
547 2051 575 2103 ο1
594 2047 665 2104 alibi
679 2049 715 2104 de
728 2049 829 2104 eodem
845 2054 942 2120 gusta·
995 2045 1053 2102 eibi
1064 2046 1143 2101 illius
1158 2047 1317 2102 ambulavit
1333 2048 1523 2119 quadraginta
1537 2049 1597 2104 dies
1616 2055 1646 2104 et
1659 2050 1780 2111 totidem
1796 2067 1846 2106 no·

87 2139 143 2210 rit,
159 2137 276 2211 qnando
300 2137 377 2192 inter
396 2136 523 2209 plurima
537 2136 676 2204 doctrinm
696 2152 755 2191 sum
775 2137 861 2192 rerba
876 2135 941 2191 liliis
995 2141 1063 2192 ctea.
1081 2136 1161 2192 Unde
1176 2142 1261 2208 putas
1276 2137 1357 2209 panis
1378 2136 1433 2192 iste
1445 2137 1533 2204 venit,
1557 2139 1601 2192 rel
1623 2153 1681 2210 quo
1704 2141 1740 2195 de
1765 2141 1845 2196 fonte

88 2228 180 2284 lsrael
204 2226 271 2282 ait:
300 2247 311 2276 a
336 2225 508 2297 Prophetam
529 2223 678 2280 suscitabit
703 2224 785 2280 vobis
807 2225 882 2280 Deus
906 2224 941 2280 de
994 2223 1057 2279 lraec
1076 2240 1151 2295 aqua
1171 2224 1273 2279 hausta
1296 2222 1374 2279 fuit‘l
1396 2225 1478 2291 Nam,
1502 2229 1534 2280 ut
1557 2225 1688 2297 legimus,
1711 2227 1805 2283 ilelias
1829 2244 1847 2284 a

89 2334 105 2370 a
118 2315 259 2372 tractibus
273 2314 385 2382 vestris,
398 2314 495 2385 ipsum
510 2313 633 2369 audietis
648 2313 742 2384 (Deut.
760 2329 838 2381 rvur,
856 2316 909 2381 15).
928 2335 939 2364 s
996 2313 1054 2368 Deo
1070 2317 1168 2380 raptus
1180 2327 1232 2382 per
1250 2312 1395 2368 turbinem
1415 2312 1445 2366 in
1460 2313 1563 2368 coelum
1580 2314 1675 2368 adhuc
1688 2315 1846 2386 corporalis

89 2405 130 2461 lle
145 2420 205 2478 qno
224 2418 298 2477 pane
313 2401 448 2475 gustavit,
469 2417 535 2457 cum
548 2400 740 2474 quadraginta
754 2400 942 2472 diesjcjuna-
993 2400 1073 2455 risit.
1088 2399 1144 2456 Sed
1163 2399 1199 2455 de
1220 2416 1278 2470 quo
1303 2416 1376 2473 pane
1400 2399 1539 2467 relicitur,
1561 2405 1611 2455 aut
1633 2401 1669 2457 de
1685 2418 1743 2474 quo
1766 2403 1846 2460 fonte

87 2491 148 2548 vit:
178 2493 246 2565 quia
275 2506 333 2547 non
360 2491 390 2546 in
417 2491 476 2546 solo
502 2489 643 2562 corporali
665 2489 730 2545 cibo
753 2489 823 2544 rivit
844 2491 941 2558 bomo,
996 2496 1081 2564 putas
1096 2491 1216 2563 potari?
1236 2492 1303 2546 ilico
1318 2491 1370 2546 tibi
1385 2507 1438 2562 pro
1456 2491 1585 2559 veritate,
1602 2493 1678 2565 quod
1696 2493 1768 2565 ipse,
1784 2493 1845 2566 qui,

88 2580 140 2637 sed
156 2580 277 2636 inomni
290 2579 377 2635 verbo
395 2579 446 2635 Dei
460 2580 533 2642 (bue.
552 2595 589 2646 ru,
606 2578 643 2648 t).
660 2579 714 2633 Per
726 2576 804 2649 quod
818 2577 942 2632 Verbum
995 2583 1028 2635 ut
1043 2579 1114 2649 diri,
1129 2579 1213 2650 penis
1224 2579 1369 2650 justorum
1393 2579 1531 2644 consistit,
1555 2581 1724 2637 alimentum
1740 2583 1847 2638 saturi-

88 2672 382 2735 eunctacreatasunt,
393 2671 422 2724 et
432 2667 531 2722 omnia
542 2667 665 2738 quasiex
675 2665 940 2733 nibiloconsistnnt‚
995 2667 1064 2722 tatis
1081 2667 1169 2722 Helia
1184 2667 1291 2738 absque
1311 2666 1398 2721 dubio
1413 2667 1523 2721 tribuit.
1539 2669 1621 2739 Aqua
1635 2683 1703 2722 vero
1721 2669 1847 2739 potatio-

88 2758 230 2831 qniaipse
242 2758 317 2812 lleus
331 2756 454 2812 Verbum
466 2759 516 2810 est.
530 2775 545 2806 «
556 2754 679 2810 Verbum
692 2757 754 2809 erat
761 2753 839 2825 apud
853 2755 942 2810 Deum
997 2755 1042 2810 nis
1060 2770 1095 2809 er
1112 2755 1190 2809 illius
1204 2753 1282 2809 fonte
1295 2759 1419 2820 emanat,
1434 2755 1485 2827 qui
1499 2754 1587 2810 dixit:
1605 2758 1743 2828 «Aquam
1759 2772 1848 2830 quam

90 2851 145 2902 «et
159 2847 235 2902 lleus
248 2851 310 2901 eret
321 2845 448 2902 Verbum
460 2845 554 2910 (doun.
568 2860 587 2910 r,
606 2843 642 2914 1.)
654 2863 668 2893 »
678 2843 709 2897 ln
721 2842 944 2914 hocquippein·
998 2858 1081 2913 rego
1106 2841 1211 2898 dedero
1233 2841 1283 2914 qui
1309 2841 1425 2909 biberit,
1447 2858 1479 2897 ax
1496 2859 1530 2898 ea
1547 2858 1605 2898 non
1619 2844 1697 2899 sitiet
1718 2859 1847 2916 unquam

89 2934 262 3007 telliqimns,
278 2933 348 3006 quia
363 2934 438 2989 Deus
448 2934 532 2988 Pater
549 2931 636 2987 Filius
650 2932 712 3004 ipse
726 2923 780 2999 est',
801 2935 830 2987 et
844 2931 941 3001 Filius,
957 2933 978 2989 C
997 2953 1011 2981 «ι
1020 2932 1108 3003 (Joou.
1120 2947 1157 2998 rr,
1170 2934 1202 2986 13
1215 2930 1295 3003 ;»)ο1
1305 2929 1425 2986 iterum:
1438 2930 1515 2995 «Qui
1526 2931 1633 2987 biberit
1642 2948 1748 3005 aquam
1759 2948 1847 3005 quam

89 3023 147 3079 boc
161 3028 207 3078 est
216 3024 350 3085 Verbum,
361 3020 445 3093 panis
459 3018 581 3076 coelestis
594 3025 647 3085 est,
666 3025 696 3074 et
710 3019 795 3091 panis
808 3019 940 3088 coelestis,
998 3038 1013 3073 a
1028 3035 1082 3091 ego
1095 3019 1143 3085 do,
1160 3018 1208 3074 liet
1223 3018 1253 3073 in
1264 3034 1298 3074 eo
1310 3018 1372 3072 fons
1388 3034 1473 3090 aqum
1483 3019 1612 3075 salientis
1626 3020 1752 3076 invitam
1766 3025 1848 3076 reter-

88 3111 144 3168 noc
159 3116 205 3167 est
218 3110 352 3178 Verbum,
367 3125 434 3165 caro
452 3109 626 3180 factumest,
641 3108 704 3180 ipso
722 3109 828 3164 fatente
849 3114 880 3164 et
895 3108 943 3163 di·
1000 3130 1011 3158 ι
1029 3123 1096 3163 nam
1111 3107 1202 3177 (lom,
1217 3108 1259 3162 14.
1274 3107 1394 3161 »Helius
1407 3108 1484 3162 enirn
1496 3113 1537 3163 est
1544 3109 1650 3180 justus,
1665 3120 1694 3165 et
1707 3115 1770 3165 erat
1783 3109 1847 3166 ideo

90 3206 194 3257 cente:
214 3222 225 3250 ι
245 3199 328 3255 Panis
351 3213 437 3270 qnam
454 3213 508 3269 ego
525 3197 642 3266 dedero,
667 3212 732 3252 caro
747 3213 811 3252 mea
826 3201 869 3252 est
889 3213 941 3268 pro
993 3196 1114 3268 iustitia
1141 3195 1247 3267 pabulo
1285 3195 1426 3264 refectus;
1455 3195 1524 3252 vivit
1557 3203 1586 3252 et
1613 3196 1737 3266 virebat,
1775 3197 1849 3253 sicut

91 3288 226 3345 emundi
248 3288 305 3343 vita
320 3287 412 3359 (loun.
438 3302 474 3344 vr.
491 3285 546 3356 51).
564 3308 578 3336 u
600 3287 663 3357 lpse
687 3286 796 3357 quippe
818 3285 878 3340 vita
900 3291 943 3340 est
997 3285 1135 3357 scriptum
1154 3288 1217 3340 est:
1233 3305 1248 3335 «
1263 3285 1359 3340 Justus
1373 3300 1408 3341 ex
1430 3284 1487 3341 tide
1502 3285 1571 3341 vivit
1592 3286 1668 3357 (Gal.
1693 3303 1734 3352 ιιι,
1759 3286 1814 3359 11.)
1832 3305 1846 3338 a

90 3383 119 3434 at
132 3378 304 3433 alimentum
319 3375 488 3448 angelorum
503 3391 536 3429 ec
551 3375 714 3441 bominum,
726 3375 777 3447 qui
787 3373 855 3430 facit
867 3379 944 3429 utra·
998 3374 1157 3441 Sufficiant,
1172 3373 1226 3441 flli,
1241 3373 1294 3429 tibi
1311 3375 1372 3429 haec
1394 3390 1484 3448 pauca
1499 3375 1686 3430 correctionis
1704 3374 1801 3443 verba,
1817 3379 1849 3430 nt

91 3482 148 3539 qne
162 3481 274 3533 unum;
291 3465 353 3535 ipse
368 3479 485 3535 quoque
495 3463 608 3534 Moysen
622 3462 810 3534 spiritualiter
818 3462 941 3531 satiavit,
997 3478 1032 3518 er
1051 3461 1096 3517 bis
1117 3461 1245 3517 minimis
1266 3462 1397 3517 imbutus
1420 3463 1498 3518 dicas
1520 3466 1630 3531 majora
1654 3464 1779 3536 perfecte
1803 3464 1848 3520 in·

91 3553 210 3629 quando
219 3552 410 3626 quadraginta
420 3552 481 3608 dies
493 3552 681 3623 corporaliter
689 3551 841 3622 jejunavit.
857 3551 944 3623 Cujus
997 3549 1128 3620 telligere
1146 3554 1176 3604 et
1189 3549 1299 3605 nodum
1320 3550 1421 3606 similis
1436 3551 1602 3622 quaestionis
1625 3552 1726 3607 leviter
1744 3552 1848 3608 dissol-

90 3643 235 3699 excelsam
257 3641 417 3714 potentiam
443 3655 638 3711 magnamque
668 3639 893 3695 misericordiam
915 3645 945 3694 et
999 3651 1074 3705 vere,
1089 3636 1361 3709 quiaquncumqua
1380 3638 1488 3710 scripta
1506 3644 1583 3707 sunt,
1604 3639 1639 3695 ad
1653 3645 1780 3694 nostram
1794 3639 1848 3694 do·

90 3732 248 3805 antiquum
262 3729 415 3786 eonsilium
427 3727 557 3785 diabolus
576 3744 636 3783 non
649 3727 823 3799 recognovit,
837 3742 903 3782 cum
917 3727 944 3782 ei
998 3725 1120 3781 ctrinam
1146 3726 1251 3796 scripta
1266 3731 1342 3791 suut,
1367 3730 1399 3780 ut
1419 3741 1472 3797 per
1495 3727 1664 3798 patientiam
1678 3731 1707 3782 et
1719 3727 1848 3782 consola·

91 3821 238 3892 triplicem
252 3823 282 3874 et
301 3817 521 3890 temptationem
545 3816 703 3889 proposuit.
722 3817 788 3871 Erat
808 3815 887 3872 enim
909 3814 944 3870 ab
997 3813 1107 3870 tionem
1136 3813 1348 3885 seripturarum
1381 3829 1460 3884 spem
1496 3815 1655 3870 babeamus
1680 3815 1708 3870 in
1738 3813 1849 3872 Christo

90 3908 178 3965 initio
201 3909 324 3963 fratrum
337 3910 485 3962 accusator
497 3921 529 3960 ac
544 3905 681 3977 nequitie
695 3904 803 3960 arbiter
824 3903 944 3959 menda·
997 3903 1064 3958 lesu
1076 3902 1198 3959 llomino
1210 3907 1318 3968 nostro,
1335 3901 1386 3973 qui
1401 3902 1470 3957 vivit
1483 3907 1511 3958 at
1525 3909 1629 3975 regnat
1642 3904 1717 3959 Deus
1731 3903 1772 3959 im
1783 3919 1849 3958 orn-

90 3997 191 4071 eiique
214 3998 347 4052 inventor
360 4000 389 4051 et
410 4009 553 4067 nugarum
568 3994 772 4065 canopicorum
797 3991 945 4065 sagacissi·
998 3992 1047 4048 nia
1062 3995 1158 4048 secula
1170 3992 1343 4062 seculorum,
1356 3993 1458 4046 Amen.
1475 4010 1490 4043 a

92 4102 161 4144 mus
175 4085 322 4158 magister.
341 4083 435 4140 Latuit
449 4084 528 4139 enim
547 4082 577 4137 in
592 4083 678 4137 corde
696 4082 863 4146 Pharaonis,
878 4098 944 4137 exa·
1034 4081 1221 4138 convenienti
1244 4095 1310 4135 vero
1334 4086 1462 4152 tempore
1482 4079 1722 4139 confabulationis
1744 4081 1849 4154 praedi·

82 4172 193 4249 ‘gissus
205 4173 320 4246 lloysen
339 4188 392 4244 per
404 4174 613 4242 temptamenta
635 4170 754 4225 diversa
767 4169 943 4242 questionis.
1000 4174 1062 4226 ctus
1079 4170 1205 4242 juvenis,
1228 4169 1400 4241 quibusdam
1417 4168 1608 4225 familiaribus
1629 4170 1690 4225 suis
1708 4185 1850 4226 convoca·

93 4265 171 4334 Ergo
185 4262 300 4334 lioysen
314 4260 463 4315 homiuem
483 4258 659 4330 recognovit,
680 4258 729 4313 sed
745 4257 851 4314 Christi
872 4256 945 4313 divi·
1001 4258 1048 4327 tis,
1063 4263 1096 4314 ut
1109 4257 1172 4329 ipse
1189 4257 1344 4326 fatebatur,
1363 4273 1400 4312 ne
1416 4263 1475 4312 tam
1489 4258 1671 4314 delectabiles
1686 4258 1850 4316 animarum

92 4351 216 4407 nitatem
236 4364 321 4404 carne
332 4349 456 4403 velatam
475 4362 535 4402 non
550 4345 702 4414 intellexit,
714 4345 838 4417 ideoque
853 4347 945 4401 ileum
999 4346 1099 4417 epulas
1112 4341 1149 4381 ⁸⁸⁸
1169 4344 1247 4399 solus
1261 4344 1436 4399 ruminando
1451 4345 1650 4415 absconderet,
1668 4348 1747 4419 larga
1762 4363 1851 4404 manu

92 4437 243 4494 bominem
255 4437 413 4508 perfectum
427 4435 578 4492 dubitavit.
588 4435 724 4500 Quamvis
737 4434 815 4489 anim
825 4449 945 4489 uxorem
999 4433 1057 4489 illis
1078 4434 1140 4489 brec
1152 4432 1307 4488 distribuit.
1326 4433 1370 4488 llli
1389 4439 1485 4489 autem
1501 4441 1587 4506 caput
1600 4452 1664 4491 cum
1688 4437 1808 4509 pedibus
1822 4442 1851 4493 et

92 4525 181 4584 Pilati
198 4540 253 4597 per
271 4525 363 4580 visum
386 4540 438 4598 pro
461 4523 659 4595 redemptione
675 4523 738 4594 ejus
757 4525 883 4584 vexaret,
899 4525 946 4576 ta-
1000 4521 1154 4587 intestinis,
1170 4526 1203 4576 ut
1218 4521 1356 4593 scriptum
1372 4527 1425 4589 est,
1446 4523 1615 4578 devorantes
1629 4524 1735 4592 (and.
1751 4541 1797 4588 ιιι,
1810 4527 1849 4598 9),

93 4631 167 4670 men
179 4615 271 4671 neam
293 4612 441 4671 bominem
457 4629 519 4669 esse
543 4628 701 4668 venenosus
722 4611 771 4666 ille
787 4609 944 4666 dubitabat.
1000 4627 1065 4684 qnae
1093 4609 1297 4682 superfuerunt
1314 4626 1379 4665 cum
1402 4610 1466 4665 aliis
1488 4610 1624 4667 fratribus
1647 4613 1747 4684 partiti
1771 4617 1848 4682 sunt,

93 4697 252 4760 Dubitabit
268 4718 394 4775 namque
409 4701 486 4774 apud
507 4703 596 4758 Deum
620 4717 681 4758 esse
707 4698 944 4766 misericordiam,
1000 4699 1085 4755 etita
1108 4697 1144 4753 ad
1167 4700 1293 4752 nostram
1318 4697 1448 4753 notitiam
1473 4709 1676 4770 pervenerunt.
1705 4700 1759 4757 Sed
1782 4700 1851 4773 quia

92 4797 129 4847 nt
148 4790 359 4847 humanitatem
378 4790 499 4846 induere
524 4806 648 4863 suosque
670 4805 768 4845 servos
789 4787 945 4844 divinitatis
1001 4791 1117 4860 propter
1131 4786 1185 4841 hoc
1198 4785 1526 4857 longiusarectitudine
1542 4788 1594 4844 viar
1616 4795 1721 4844 nostrae
1740 4788 1849 4860 digres-
1876 4794 1884 4812 ·

94 4895 156 4935 sure
186 4878 349 4934 admirabili
370 4878 543 4934 commercio
569 4894 705 4934 renovare
733 4878 778 4934 vel
803 4876 945 4933 redimere
1001 4892 1049 4930 sus
1063 4875 1210 4945 demoror,
1226 4874 1262 4930 ad
1284 4879 1409 4946 coaptum
1426 4875 1482 4929 iter
1503 4875 1597 4931 redire
1618 4875 1788 4949 quantocius
1801 4892 1850 4933 eo·

94 4967 243 5024 voluisset.
258 4966 381 5024 sienim
397 4983 457 5022 non
470 4967 616 5023 dubitaret
629 4983 682 5022 nec
692 4967 771 5039 justo
792 4966 944 5033 invideret,
1001 4964 1101 5020 nabor.

93 5056 209 5113 ludens
223 5055 352 5112 infelices
372 5056 408 5112 ad
423 5055 649 5111 inobedientiam
664 5070 697 5110 ec
711 5055 862 5126 perfidiam
877 5071 945 5110 con·
1035 5055 1080 5108 20.
1101 5049 1138 5089 ’θ’
1160 5051 1253 5123 igitur
1270 5050 1309 5088 ⁸⁶⁶
1330 5051 1399 5125 quia
1422 5052 1498 5108 Deus
1521 5052 1557 5108 ad
1582 5068 1662 5107 suam
1684 5053 1851 5109 servitutem

94 5149 140 5200 tra
155 5144 246 5200 Derim
269 5159 329 5199 non
348 5144 537 5200 sicercitaret
551 5159 645 5215 neque
669 5159 721 5215 per
743 5159 795 5199 ora
816 5144 945 5212 illorum,
1000 5147 1131 5199 nostrum
1155 5140 1236 5213 pium
1256 5139 1293 5179 ⁸⁶⁷
1316 5148 1460 5214 pastorem
1484 5141 1581 5214 elegit,
1604 5149 1739 5200 consueta
1761 5141 1852 5199 mise·

96 5231 295 5306 Crocillgatur,
312 5234 458 5289 clamaret.
474 5232 595 5303 Et‘quie
615 5231 775 5297 dubitabat,
792 5232 945 5288 nesciebat.
1001 5231 1124 5288 ricordia
1151 5247 1218 5287 eum
1244 5229 1280 5268 ⁸⁴⁸
1303 5232 1448 5304 flagellare
1469 5231 1587 5299 curavit,
1613 5230 1686 5286 sicut
1709 5232 1850 5304 legimus:

800 5337 920 5393 VARlAE
940 5338 1141 5394 LECTIONES.

133 5424 171 5462 *ὅ*
210 5425 346 5498 epistolas
380 5430 404 5482 l.
444 5424 481 5461 ’θ’
513 5429 539 5480 1.
575 5424 642 5480 odd.
679 5425 806 5481 rubrum:
840 5426 880 5481 De
915 5421 1083 5481 infirmitate
1115 5424 1207 5479 sancti
1245 5423 1400 5484 Burcbardi
1434 5423 1569 5497 episcopi.
1609 5423 1647 5462 ⁸⁶⁸
1677 5425 1788 5497 ingiter
1821 5426 1848 5480 2.

99 5492 136 5529 “7
175 5511 352 5552 suumacn.
369 5501 440 5569 past.
456 5499 483 5551 1.
523 5493 687 5552 ”⁸deestl.
1385 5510 1389 5517 ·
