3878 6112
57 288 110 344 tas
713 294 810 351 ACTA.
830 322 867 339 -
884 291 1169 353 hbbli'ssffliifl.
1766 305 1817 365 iti

55 430 102 468 cor
125 429 214 470 meren
236 415 266 468 iu
287 410 375 469 medio
397 415 459 484 mei,
488 419 705 472 contremuerunt
728 422 819 474 omnio
846 434 908 476 osso
925 424 945 475 Α
964 418 1104 474 sermode
1119 434 1153 474 ea
1168 417 1260 473 fuerat
1276 415 1405 489 anditns;
1428 423 1456 476 et
1471 436 1571 478 omnes
1591 422 1714 481 invicem
1729 443 1816 499 super

55 518 126 557 meu.
143 504 202 557 lloc
219 502 337 574 angelus
362 503 412 558 illo
431 504 540 573 videns,
572 507 700 561 modeste
727 507 821 562 femur
849 508 912 579 ejus
966 506 1020 561 hoc
1050 506 1124 561 facto
1156 507 1341 574 musitabant,
1368 509 1499 579 quisdam
1515 524 1599 582 super
1624 512 1677 567 hac
1697 513 1817 571 infamia
1907 583 1908 587 ἵ

55 590 153 661 tetigit
168 599 197 646 et
216 592 311 657 inquit
327 609 333 646 :
350 594 390 648 Ne
415 594 521 661 nmen,
545 595 625 648 eleum
640 596 697 660 Dei,
727 609 809 665 surge
839 598 911 652 ueto·
965 593 1196 661 condolentibus,
1212 595 1276 648 aliis
1298 601 1395 651 autem
1411 614 1474 653 eam
1493 601 1619 670 maligue
1634 602 1813 659 rodentibus.

56 680 135 737 citer.
149 681 260 746 mamm
275 682 353 749 pacis
376 680 508 735 diuinitus
534 683 585 736 tibi
608 685 799 738 transmissum
823 687 909 739 susci·
966 685 1015 739 llle
1030 698 1097 737 vero
1113 683 1295 738 milleartifex
1315 700 1373 739 non
1402 693 1552 741 contentus
1578 688 1632 743 bac
1658 688 1719 744 sola
1743 690 1814 756 vice,

56 768 134 834 piens
162 768 303 821 alacriter.
333 767 480 839 Extemplo
493 770 588 823 femur
612 770 675 840 ejus
703 772 853 839 emarcuit,
883 776 912 826 et
964 772 1097 843 sequenti
1112 771 1169 837 die,
1190 772 1240 826 sed
1256 777 1284 827 et
1299 774 1384 828 tertia
1397 775 1455 840 die,
1471 778 1562 830 multo
1578 777 1710 847 pluribus
1724 794 1812 849 quarn

58 853 163 908 exinde
186 855 266 909 omui
291 861 423 926 tempore
447 856 503 910 vite
531 857 710 912 claudicavit.
728 858 839 913 Similis
858 875 911 930 per
964 861 1058 930 prima
1080 859 1126 914 dia
1153 860 1347 925 cernentibus,
1375 862 1409 917 de
1424 864 1550 919 thalamo
1576 871 1705 920 matrone
1727 867 1813 937 pudi-

58 944 156 996 omnia
176 949 296 998 eventus
310 944 345 999 de
361 945 446 999 beato
460 945 546 999 Jacob
571 945 688 1017 legitur,
710 949 792 1017 cnjus
816 948 911 1002 femur
963 948 1075 1002 cissime
1088 965 1117 1002 se
1137 949 1291 1003 simulabat
1303 950 1390 1016 exire,
1407 956 1436 1006 et
1461 953 1535 1007 miro
1557 953 1643 1007 modo
1670 956 1812 1025 presenti·

59 1031 93 1085 ad
119 1035 231 1086 laetum
258 1033 353 1102 angeli
378 1048 477 1087 secum
497 1034 630 1089 luctantis
657 1035 798 1090 emarcuit
827 1035 908 1107 (den.

10 1172 12 1185 ,
58 1134 140 1185 xxxu,
171 1121 227 1189 δι).
244 1121 300 1175 llec
314 1121 443 1191 quidem,
459 1126 602 1177 utrarum
618 1123 718 1190 fatear,
734 1124 763 1177 in
778 1124 910 1195 Scriptu-

59 1206 96 1258 ris
114 1223 178 1260 uon
191 1207 299 1272 inveni,
314 1208 361 1263 sed
378 1210 470 1263 relatu
484 1209 629 1265 veracium
654 1216 682 1265 et
702 1211 909 1266 venerabilium

10 1292 12 1363 ξ
57 1293 200 1356 virorum,
216 1295 270 1349 hec
280 1313 346 1351 vera
358 1312 431 1363 esse,
447 1296 477 1351 in
487 1297 606 1352 veritate
620 1299 758 1368 comperi.
772 1298 910 1370 Equidem

10 1382 13 1447 ξ
56 1389 216 1453 prepotens
241 1385 428 1440 cancellarius
469 1390 499 1440 et
525 1387 675 1458 episcopus
699 1387 910 1458 llerbipolensis

57 1469 212 1526 Conradus
243 1473 370 1538 numine,
396 1474 446 1545 qui
472 1474 702 1543 persecutionem
745 1492 845 1547 passus
866 1480 910 1529 est

57 1561 338 1630 pmpterjusliciam,
361 1561 413 1616 hec
429 1578 485 1633 que
501 1563 577 1617 dicta
595 1568 664 1618 sunt
678 1580 708 1617 se
725 1564 827 1632 legisse
842 1581 908 1618 cou-

57 1653 168 1701 stanter
195 1649 360 1717 ailirmavil,
373 1655 403 1704 et
421 1652 451 1705 iu
475 1651 593 1705 ecclesia
609 1635 837 1722 babenbergensi
854 1669 908 1724 po·

58 1735 127 1789 situs
144 1737 247 1790 multis
275 1737 457 1792 audientibus
476 1740 628 1806 enerravit,
655 1740 808 1810 exquibus
833 1757 909 1796 nnus

61 1821 131 1876 mihi
148 1824 302 1877 familiaris
318 1831 347 1878 et
359 1825 419 1896 ipse
434 1825 478 1879 vir
491 1827 577 1895 plane
592 1828 734 1882 veridicus
748 1828 820 1882 mihi
835 1828 908 1882 fide·

61 1911 293 1978 literiulimavit,
317 1920 345 1967 et
368 1914 480 1968 valente
504 1931 549 1968 me
574 1916 689 1969 silentio
719 1916 908 1987 supprimere,

59 2000 164 2053 obnixe
188 2001 302 2071 rogavit
316 2006 347 2056 ut
376 2002 541 2057 scriberem.
558 2003 684 2057 Tandem
716 2020 769 2074 ego
786 2006 909 2074 petentis

59 2087 196 2141 melantia
211 2096 241 2142 et
264 2090 416 2144 sedulitate
440 2091 585 2145 monentis
610 2092 755 2158 inductus,
783 2093 908 2147 fideliter

57 2177 226 2249 conscripsi,
243 2185 384 2249 qnatenus
398 2179 450 2233 hec
466 2187 637 2235 enarrantur
655 2182 685 2234 iu
714 2182 852 2254 progenie
864 2183 908 2236 al-

57 2269 127 2318 tera.
153 2265 267 2320 tlallem
279 2283 402 2337 sompno
428 2284 492 2322 meo
517 2270 707 2338 requiescere,
729 2286 816 2341 qnam
842 2270 908 2325 ficta

57 2353 98 2406 vel
114 2353 222 2408 frivola
235 2354 271 2409 de
284 2355 389 2410 sanetis
406 2357 454 2410 liei
468 2356 659 2424 conscribere,
675 2358 825 2428 presertim
841 2374 906 2413 cum

56 2458 127 2512 opus
143 2458 205 2496 non
221 2442 344 2499 habeant
355 2446 433 2499 falsis
445 2446 579 2501 laudibus
594 2447 724 2514 exaltari,
751 2448 801 2518 qui
816 2447 907 2518 signis

55 2534 84 2583 et
108 2531 253 2601 prodigiis
278 2532 415 2587 divinitus
445 2550 575 2588 meruere
594 2535 733 2590 decorari.
764 2537 821 2591 Hec
851 2537 906 2607 (67)

54 2619 226 2673 omittamus
242 2624 272 2673 et
287 2618 324 2674 ad
335 2620 482 2675 historiam
495 2621 655 2676 redeamus.

963 1035 1017 1090 bus
1032 1036 1182 1090 videbatur
1205 1037 1283 1107 quud
1309 1054 1375 1092 eum
1391 1044 1591 1109 agnoscerent,
1618 1057 1683 1096 cum
1715 1047 1813 1097 tamen

963 1125 1028 1195 quis
1040 1130 1114 1180 asset
1127 1124 1269 1196 ignorent,

1056 1229 1194 1293 Extemplo
1211 1230 1315 1294 patulas
1327 1231 1418 1294 populi
1433 1234 1552 1295 pervenit
1566 1233 1599 1282 nd
1612 1247 1689 1283 aures

1055 1300 1138 1350 Velox
1153 1301 1232 1360 fama,
1248 1300 1348 1350 malum
1366 1314 1419 1364 qua
1429 1315 1484 1351 non
1500 1303 1618 1352 velocius
1632 1303 1727 1353 ullum.

1382 1372 1455 1421 Vua.
1473 1373 1530 1421 AEn.
1547 1388 1582 1431 lv,
1594 1377 1649 1432 til,
1663 1377 1718 1425 its.

964 1477 1070 1532 Exinde
1094 1477 1148 1531 viri
1176 1494 1240 1532 cum
1256 1478 1437 1544 mulieribus,
1451 1494 1533 1533 senes
1547 1495 1613 1534 curu
1636 1480 1811 1550 junioribus,

963 1565 1059 1635 pusilli
1086 1582 1150 1619 cum
1168 1565 1325 1636 majoribus
1350 1566 1526 1637 imperatrici
1539 1568 1664 1637 gloriose
1676 1567 1812 1622 detrahe-

965 1655 1048 1718 bant,
1063 1658 1091 1707 et
1105 1654 1178 1707 lacta
1197 1659 1239 1707 est
1251 1652 1348 1708 fabula
1369 1655 1515 1722 omnibus,
1545 1654 1717 1726 quibusdam
1747 1657 1812 1726 qni-

965 1740 1143 1810 demproea
1172 1741 1358 1795 vehementer
1383 1741 1547 1796 dolentibus
1575 1749 1692 1814 propter
1716 1744 1811 1797 varias

964 1828 1082 1882 virtutes
1108 1828 1180 1898 ejus,
1204 1830 1376 1899 quibusdam
1400 1847 1467 1884 vero
1492 1831 1617 1900 maligne
1634 1831 1812 1887 detrahenti-

964 1916 1032 1982 bns;
1049 1922 1107 1970 eta
1123 1917 1221 1970 multis
1235 1917 1423 1987 obprobrium
1450 1921 1587 1974 sustinuit
1607 1925 1635 1974 et
1660 1925 1812 1974 contume-

964 2005 1044 2074 liam,
1070 2000 1180 2075 quibus‘
1202 2021 1362 2077 numquam
1393 2007 1454 2077 ipsa
1477 2008 1616 2063 intulerat
1637 2009 1808 2063 molestiam.

964 2094 1029 2146 Erat
1043 2100 1139 2147 autern
1164 2109 1214 2147 cor
1240 2095 1302 2164 ejus
1325 2095 1433 2148 habens
1453 2095 1482 2148 in
1514 2097 1636 2150 llomino
1664 2096 1811 2165 fiduciam,

963 2180 1031 2252 quia
1059 2198 1139 2237 snam
1165 2183 1273 2236 sciehat
1300 2182 1507 2237 innocentium.
1549 2184 1675 2238 Prevldlt
1713 2190 1811 2241 tamen

962 2268 1015 2322 sibi
1042 2284 1197 2338 gravamen
1210 2275 1239 2323 et
1250 2271 1378 2324 laborem
1392 2270 1554 2337 imminere,
1571 2278 1600 2325 et
1613 2271 1679 2326 licet
1691 2272 1811 2327 haberet

961 2356 1129 2411 thesaurum
1151 2359 1225 2412 boue
1247 2359 1433 2427 conscientie,
1463 2366 1561 2414 tamen
1585 2375 1601 2413 a
1625 2360 1751 2415 lacrimis
1778 2378 1808 2416 se

961 2461 1020 2499 non
1035 2451 1149 2516 poterat
1167 2446 1326 2512 abstinere3
1353 2448 1399 2500 cui
1424 2447 1493 2501 boni
1519 2447 1638 2519 quique,
1655 2453 1686 2502 ut
1701 2449 1809 2505 dictum

961 2539 1012 2600 est,
1038 2534 1219 2597 condoluere,
1245 2534 1373 2589 malivoli
1399 2551 1465 2589 vero
1494 2540 1523 2588 et
1552 2535 1675 2590 maxime
1701 2537 1809 2591 nefarie

961 2622 1140 2689 muliercule,
1162 2622 1243 2691 quasi
1257 2638 1323 2675 suas
1345 2622 1489 2692 nequitias
1501 2637 1552 2692 per
1577 2639 1639 2676 eam
1652 2623 1808 2690 obtectare,

88 2708 115 2760 3.
139 2705 263 2760 Predicti
277 2713 306 2762 et
319 2723 386 2778 sepe
401 2709 514 2763 dicendi
524 2709 624 2764 fideles
639 2710 743 2765 Christi
754 2711 906 2766 unanimes
960 2709 1151 2763 detrahebant
1170 2710 1195 2763 ei
1227 2709 1353 2764 dicentes
1386 2726 1393 2763 :
1422 2712 1498 2777 Ecce,
1529 2716 1632 2778 quantu
1660 2712 1810 2766 calliditate

54 2793 225 2850 habitabant
253 2795 283 2849 in
298 2813 397 2866 reguo,
418 2798 523 2869 quibus
537 2803 595 2852 erut
625 2814 671 2852 cor
684 2814 747 2853 num
772 2804 798 2853 et
812 2802 905 2855 animo
960 2798 1087 2853 hacteuus
1112 2798 1162 2852 boc
1184 2801 1273 2867 specie
1300 2800 1477 2852 sanctimonie
1503 2813 1581 2852 snum
1613 2800 1810 2868 turpitudinem

52 2897 118 2948 mre,
148 2889 280 2937 eterant
303 2884 550 2940 duonoutamin
574 2902 738 2940 carneuna
762 2901 849 2957 quam
873 2889 904 2942 in
957 2886 1097 2954 pulliuuit.
1126 2886 1218 2941 Hiset
1240 2886 1413 2957 hujusmodi
1455 2888 1637 2942 contumeliis
1662 2889 1809 2942 innocenti

54 2985 111 3024 uno
127 2973 244 3041 spiritu.
264 2973 331 3026 Erat
356 2973 558 3028 enimeisdem
587 2974 665 3028 idem
684 2975 800 3030 velleet
826 2975 939 3044 idemc
960 2973 1272 3037 detrahentibus,eura
1295 2973 1406 3027 sinistri
1421 2976 1546 3028 rumoris
1578 2991 1662 3029 aures
1684 2975 1808 3046 impera·

55 3058 229 3123 nolle,adeu
245 3065 278 3114 nt
301 3061 437 3133 quicquid
470 3063 607 3117 alteruter
630 3063 801 3132 inchoasset,
831 3064 903 3118 altre
957 3059 1509 3132 torisproculpositipercelluit,cujus
1529 3062 1678 3118 etiamcor
1697 3063 1807 3134 inipso

55 3146 106 3200 hoc
135 3147 233 3218 ipsum
262 3148 402 3220 sagaciter
429 3166 628 3205 consummare
660 3155 820 3221 satageret3
851 3169 903 3223 par
956 3148 1139 3214 contremuit,
1155 3154 1183 3202 et
1197 3149 1285 3203 tristis
1302 3149 1424 3203 nimium
1436 3149 1530 3221 inquit
1547 3167 1553 3205 :
1570 3151 1661 3218 Absit,
1675 3155 1799 3220 inquom,

53 3236 130 3290 enim
150 3237 285 3291 voluntas
313 3245 375 3292 erat
390 3238 430 3293 eis
454 3239 487 3293 ad
503 3255 588 3294 urnne
604 3239 681 3310 quod
704 3245 765 3294 erat
779 3240 901 3308 virtutis,
957 3239 1086 3291 obsitliec
1100 3239 1236 3306 iniquitas
1255 3253 1273 3292 o
1298 3239 1411 3308 conjuge
1424 3255 1482 3294 meu
1512 3239 1806 3313 dilectissimmsiqui-

53 3326 129 3394 qnod
166 3326 292 3396 pietatis,
322 3327 398 3396 quod
429 3327 588 3397 religionis.
614 3327 754 3399 Quicquid
788 3334 902 3383 acturus
956 3325 1022 3380 dem
1039 3325 1127 3380 nichil
1152 3326 1302 3381 sinistrum
1327 3327 1361 3381 de
1378 3327 1482 3382 dilecta
1508 3328 1563 3381 sibi
1591 3328 1805 3401 suspicabatur,

53 3418 113 3466 erat
127 3413 298 3484 imperator,
315 3414 418 3470 dilecte
447 3431 498 3470 sne
516 3415 637 3469 consilio
651 3414 857 3482 committebat,
875 3423 903 3471 et
956 3414 1024 3486 qnia
1039 3420 1099 3469 tam
1114 3415 1240 3469 sobriam
1256 3421 1356 3469 ettam
1371 3415 1506 3486 pudicam
1521 3415 1660 3470 feminam
1673 3432 1703 3471 se
1716 3432 1802 3472 num·

51 3501 192 3573 quiequid
216 3506 315 3572 agerat
340 3504 402 3574 ejus
431 3503 612 3558 conniventia
626 3504 825 3560 confirmabat.
845 3507 901 3560 lta·
954 3520 1041 3575 quam
1058 3503 1225 3574 cognovisse
1241 3504 1392 3558 fatebatur.
1415 3505 1542 3559 Tandem
1558 3504 1623 3559 aliis
1637 3510 1724 3576 atque
1740 3506 1805 3560 aliis

51 3605 104 3659 qne
118 3606 188 3645 cnm
207 3606 237 3645 se
252 3597 311 3646 tam
325 3597 425 3646 tenere
441 3599 541 3647 mutuo
566 3592 722 3662 diligerent
749 3597 778 3646 et
801 3597 899 3648 lamen
954 3593 1509 3657 eundemsermonemconfirmantibus,
1523 3591 1584 3663 ipse
1596 3593 1807 3648 nimirumcre·

49 3678 222 3749 virginalem
264 3679 471 3735 continentiam
512 3684 723 3746 conservarent,
763 3682 900 3753 spiritalis
954 3680 1806 3748 dulus,tactnsesldulorecordisintrinsecus,etstatuitin

50 3781 148 3821 corum
164 3767 283 3822 dilectio
293 3768 346 3823 soli
361 3769 420 3823 Deo
443 3769 567 3840 cognita,
582 3770 630 3823 sed
647 3769 814 3825 hominibus
828 3787 900 3842 pene
953 3769 1038 3823 corde
1052 3784 1103 3822 suo
1120 3773 1161 3833 ut,
1174 3768 1362 3839 quoadusque
1376 3768 1494 3834 viveret,
1509 3784 1668 3839 numquam
1685 3769 1805 3825 ulterius

51 3854 201 3927 incognita
210 3862 281 3912 erat.
299 3857 450 3913 Enimvero
474 3857 590 3912 invidus
609 3858 740 3913 omnium
755 3858 898 3914 bonorum
953 3873 1015 3912 cam
1031 3856 1150 3911 rideret.
1161 3857 1272 3911 interea
1281 3856 1416 3926 negociis,
1433 3872 1484 3927 pro
1497 3855 1602 3927 quibus
1614 3857 1731 3921 exierat,
1749 3857 1804 3910 im·

49 3943 180 3999 diabulus
208 3961 309 4000 eorum
323 3947 522 4001 castimoniam
537 3947 730 4015 corrsiderans,
745 3948 850 4002 invidit
872 3957 900 4003 et
952 3951 1068 4015 perator
1087 3943 1329 4014 benedispositis,
1360 3943 1526 4013 babenberg
1552 3948 1595 3997 est
1626 3958 1756 3997 reversus
1774 3943 1804 3996 in
1879 3931 1887 3948 ’

49 4032 222 4098 ubeseebat,
238 4035 355 4090 etaient
379 4035 458 4090 faber
472 4036 609 4091 ferrarius
622 4051 730 4106 prunas
745 4036 826 4106 operi
847 4053 898 4091 suo
953 4039 1049 4088 mente
1064 4032 1191 4104 lugubri,
1202 4037 1231 4086 et
1245 4031 1396 4102 conjugem
1411 4032 1481 4086 olim
1497 4031 1551 4085 sibi
1565 4030 1698 4086 dilectam
1724 4047 1803 4086 mora

51 4121 225 4176 necesmias
240 4123 330 4194 magis
346 4130 375 4179 at
391 4123 483 4194 magis
502 4125 574 4178 solet
598 4124 781 4191 succendere,
797 4124 837 4178 sic
863 4125 898 4180 ad
952 4122 1166 4177 solitosalutare
1176 4121 1313 4192 neglexit.
1326 4123 1424 4190 ltaque
1438 4121 1566 4190 prudens
1577 4119 1745 4191 imperatrix
1756 4134 1803 4188 pa·

51 4208 200 4264 libidinem
209 4217 393 4266 eurumcasta
404 4217 517 4283 pectora
528 4229 578 4266 sna
589 4211 898 4283 suggestioneSalanas
954 4210 1195 4265 tenterinlellexit
1204 4209 1280 4280 apud
1289 4209 1524 4264 auresilliussese
1536 4207 1712 4263 diffamatam
1724 4224 1798 4273 esse;

915 4259 935 4312 D

51 4297 197 4368 satagebat
205 4298 397 4355 inflammare.
408 4301 480 4356 Cum
493 4306 589 4355 antem
602 4300 654 4354 hae
663 4305 722 4354 erte
733 4299 820 4354 nichil
832 4318 899 4372 pro·
956 4305 1132 4370 quapropter
1149 4297 1246 4352 anima
1256 4299 1319 4368 ejus
1332 4298 1447 4352 turbata
1456 4297 1599 4365 estvnlde,
1611 4301 1639 4351 et
1652 4297 1803 4351 vulnerata

10 4443 13 4451 ,
51 4384 210 4441 hoeretille
235 4387 427 4456 milleartifex,
449 4389 572 4459 quosad
588 4388 764 4459 peccandum
791 4389 898 4458 impel-
955 4388 1073 4442 caritate
1102 4387 1346 4452 dilectumsunm,
1379 4387 1510 4458 quamvis
1540 4387 1601 4440 sine
1634 4401 1721 4440 causa
1749 4386 1803 4440 sibi

10 4462 15 4545 Ἰ
51 4470 104 4528 lere
116 4490 177 4529 non
195 4479 317 4546 poterat,
338 4476 393 4531 alia
407 4476 562 4532 ealliditate
578 4477 735 4531 conabatur
760 4477 899 4547 supplan-

10 4554 16 4571 *
53 4564 118 4616 tare.
144 4564 248 4635 ltaque
269 4564 454 4634 permittente
482 4567 551 4627 lieo,
582 4564 632 4636 qui
659 4581 727 4618 suos
756 4565 898 4636 permittit

51 4651 163 4719 probari
191 4653 441 4723 temptationibus,
463 4669 521 4708 non
537 4652 695 4724 reprobari,
723 4653 820 4707 beatos
834 4669 896 4708 con·

47 4735 135 4807 iuges,
151 4737 205 4792 aad
228 4739 356 4810 virgines
383 4741 437 4795 hac
459 4749 521 4795 arte
550 4741 670 4796 molitus
685 4747 728 4794 est
743 4741 893 4797 infamare.

10 4884 14 4907 f
46 4822 173 4888 dandam
196 4826 244 4880 die
272 4827 381 4883 inortu
410 4829 552 4899 surgentis
577 4845 691 4895 aurore,
722 4845 787 4883 cum
812 4829 897 4884 beata

10 4910 12 4919 '
46 4911 231 4985 denegandis
245 4915 280 4971 de
295 4917 379 4971 thoro
395 4921 525 4988 surgeret
539 4917 734 4982 immaculato,
748 4916 797 4971 ille
816 4916 894 4971 calli·

46 4999 180 5056 &imus
194 5009 343 5075 assumpta
365 5005 459 5060 forma
474 5005 572 5059 militis
587 5005 622 5059 de
648 5005 780 5059 cubiculo
795 5004 895 5073 regine

46 5090 120 5145 visua
144 5094 191 5145 est
218 5095 309 5160 exire;
331 5110 420 5166 quem
443 5099 592 5165 presentes
614 5093 805 5164 imperatricis
830 5109 893 5147 ver·

45 5179 111 5234 ule
128 5185 319 5235 eamenteset
332 5197 400 5237 enm
410 5198 475 5237 cum
489 5182 571 5237 beata
585 5181 761 5253 cunegunde
774 5180 894 5236 cubasse

45 5267 233 5339 aspirantes,
253 5268 444 5336 mirabantur,
460 5270 529 5341 quia
552 5285 711 5341 numquam
727 5268 893 5340 hujusmodi

75 5391 137 5462 (ti)
159 5390 226 5446 flac
239 5390 275 5446 da
285 5396 344 5447 tam
359 5391 485 5464 glorioso
500 5393 639 5448 miraculo
652 5392 727 5446 dicta
738 5392 891 5447 sufficiant.

47 5459 77 5515 u
87 5464 119 5516 iu
133 5462 254 5518 evidens
272 5462 361 5534 hujus
375 5463 452 5535 signi
467 5464 663 5519 testimonium
686 5462 777 5533 ipsius
801 5464 892 5517 sancti

48 5531 158 5588 beurim
176 5535 272 5604 imago
301 5539 367 5588 anm
379 5534 498 5606 januam
514 5533 683 5589 monasterii
702 5533 737 5588 ad
758 5532 891 5589 dextrum

955 4475 1109 4542 offensum,
1125 4475 1237 4529 ardenti
1264 4474 1406 4529 desiderio
1421 4475 1516 4529 ridere
1532 4474 1723 4528 desiderabat.
1746 4474 1803 4544 lgi-

954 4568 1001 4618 tnr
1029 4567 1140 4635 captata
1165 4562 1392 4634 opportunitate,
1409 4564 1527 4617 accessit
1556 4563 1592 4617 ad
1619 4578 1685 4617 eum
1716 4564 1801 4634 plenu

953 4651 1071 4705 caritate
1095 4656 1124 4705 et
1166 4650 1331 4715 dilectione,
1357 4663 1444 4721 quem
1471 4650 1558 4704 eliam
1595 4649 1801 4721 benignissima

953 4739 1079 4810 suscepit
1099 4744 1128 4793 et
1146 4738 1381 4794 affectuosissime
1410 4739 1555 4792 salutavit.
1576 4739 1626 4793 llle
1649 4753 1799 4791 ueroeam

954 4843 1013 4882 non
1027 4828 1184 4881 resalutare
1207 4825 1390 4896 dignabatur,
1407 4843 1460 4881 nec
1472 4830 1572 4882 saltem
1588 4826 1742 4896 respicere.
1763 4825 1801 4879 At

953 4915 1003 4970 illa
1016 4914 1168 4969 mitissima
1183 4913 1325 4968 offensum
1354 4913 1408 4968 sibi
1433 4915 1546 4984 placare
1574 4913 1702 4985 cupiens,
1729 4912 1800 4966 dixit

951 5019 1020 5058 voce
1045 5001 1240 5059 lacrimabili:
1263 5003 1376 5056 Domine
1403 5005 1442 5057 mi
1474 5002 1734 5066 desiderantissime,
1748 5014 1796 5054 cnr

951 5094 1019 5147 mibi
1030 5107 1083 5146 nun
1093 5092 1231 5160 loqueris?
1245 5095 1276 5144 ut
1291 5091 1360 5159 quid
1373 5094 1474 5145 aelerna
1488 5092 1587 5157 sociem
1603 5095 1677 5142 tunm
1697 5105 1714 5143 o
1734 5089 1799 5145 me?

951 5179 1229 5234 llledemissovnltu
1250 5179 1420 5249 respondit:
1445 5181 1505 5235 Non
1524 5182 1629 5246 oportet
1652 5193 1694 5231 me
1717 5193 1800 5247 super
1844 5170 1847 5175 ’

951 5268 1001 5321 tea
1012 5282 1040 5320 re
1056 5266 1215 5336 respondere
1229 5266 1301 5334 tila}
1315 5265 1474 5320 recurrenti
1494 5266 1684 5319 somniantium
1712 5269 1797 5333 tuum,

949 5391 1025 5446 latus
1042 5405 1130 5460 penes
1146 5389 1265 5444 chorum
1278 5389 1369 5444 sancti
1380 5388 1494 5459 Georgii
1509 5403 1544 5451 ex
1547 5427 1636 5444 ........
1654 5388 1724 5459 pillo
1739 5403 1798 5443 nno

950 5461 1098 5532 supposito
1115 5477 1150 5515 ex
1164 5461 1296 5532 oppositu
1312 5459 1473 5529 imaginum
1498 5458 1563 5513 Adae
1583 5463 1612 5513 et
1625 5459 1689 5514 Evae
1704 5459 1798 5514 lucide
1893 5470 1896 5475 ’

949 5535 1079 5603 apparet.
1095 5532 1193 5586 Gema.
1495 5552 1501 5561 ·
