3878 6112
816 307 915 362 ACTA.
1709 308 1745 361 82

70 425 487 496 ,budissindietualierone
504 433 532 482 et
557 426 706 500 Arnulpho
728 428 996 500 spiren-hsaucto
1021 429 1170 502 subjungit
1194 447 1200 484 ι
1225 452 1235 479 ι
1264 431 1303 484 De
1335 431 1509 500 Imperatore
1538 435 1634 486 nostro
1673 431 1745 487 mihi

75 553 95 569 ..
127 531 184 586 pax
210 514 398 571 sacramentis
424 517 537 572 firmata
563 521 655 571 astru
698 517 759 571 Kal.
789 517 839 571 Fe·
896 534 973 573 nunc
1000 535 1093 574 sermo
1121 518 1241 587 oriatur,
1266 519 1316 590 qui
1363 519 1398 574 de
1429 519 1521 573 inrisa
1561 519 1742 590 expeditione

70 601 113 670 rii,
139 619 197 658 non
225 608 258 658 ut
287 603 395 673 decuit,
427 605 476 660 sed
498 608 530 659 ut
553 608 622 659 tunc
645 604 709 659 lieri
735 605 840 675 potuit,
897 607 1009 678 (opinor
1034 609 1224 679 burgundion)
1240 623 1379 674 reuersus,
1395 608 1434 662 nil
1447 608 1481 662 de
1507 607 1654 679 promissis
1680 623 1741 678 per-

70 692 147 764 aque
187 690 335 746 obsidibus
378 691 511 762 acceptis,
549 691 679 763 predicti
715 690 841 745 seniores
895 697 979 767 cepit,
998 697 1046 752 sed
1071 713 1173 767 parum
1193 697 1248 751 sibi
1276 696 1465 752 renitentibus
1487 697 1595 751 nocuit.
1626 718 1640 745 o
1663 698 1741 751 llaba

70 779 186 836 nsunt.
217 780 418 852 alicujusmodi
442 780 551 835 iteratae
575 780 679 851 srepius
700 795 767 834 cum
785 780 840 834 Bo·
895 785 981 839 verba
997 784 1121 839 ultima:
1141 806 1151 833 ι
1171 784 1331 856 Imperator
1345 790 1442 839 noster
1471 801 1536 839 curn
1565 786 1599 839 de
1621 785 1742 840 hisom·

70 868 300 924 'transactiones
320 873 497 923 constantem
518 885 616 940 pacem
633 868 755 940 irnperio
781 883 840 922 non
895 873 990 939 uibus,
1007 890 1065 927 non
1095 872 1218 927 multum
1254 873 1425 940 laventibus,
1446 874 1608 928 elticeretur
1635 880 1739 937 certus,

70 956 153 1024 uere,
182 960 214 1012 nt
245 959 421 1012 demonstrat
447 957 581 1029 deinceps
601 957 743 1027 pluribus,
774 973 839 1028 quac
894 977 985 1016 unum
1012 961 1042 1015 iu
1071 960 1175 1016 Saeua
1193 960 1309 1030 regione
1329 962 1505 1033 colloquium
1533 963 1568 1017 da
1592 962 1742 1032 republica

70 1061 120 1101 ton
140 1046 298 1118 pertinent,
328 1045 432 1100 utinec
459 1045 612 1117 gentilium
636 1044 839 1100 amminauoe
894 1049 1005 1116 habuit,
1030 1054 1059 1104 et
1084 1065 1149 1103 mox
1174 1065 1225 1119 per
1246 1050 1380 1105 Rhenum
1408 1049 1545 1104 sollicitus
1584 1050 1739 1105 descendit.

70 1134 219 1197 stitiones,
236 1134 273 1190 ad
288 1150 358 1205 quas
374 1153 389 1184 ι
402 1134 496 1189 Cesar
507 1133 632 1204 graviter
649 1132 836 1203 suspirasse»
894 1138 1023 1209 Namque
1038 1141 1237 1208 cooperatores
1248 1138 1311 1207 ejus
1334 1143 1362 1192 et
1380 1138 1462 1207 regni
1475 1139 1581 1193 suimet
1600 1139 1742 1193 columnae

70 1237 95 1276 rr
116 1238 184 1294 pag.
208 1223 271 1288 tto,
298 1238 354 1293 qua
389 1222 506 1276 demum
539 1239 572 1275 en
600 1221 747 1292 subjungit
773 1237 838 1292 quae
893 1225 1019 1280 maxima
1032 1230 1123 1296 parte,
1148 1226 1220 1295 proh
1249 1225 1341 1290 dolor,
1361 1226 1499 1293 cecidere,
1529 1226 1641 1297 sibique
1656 1242 1741 1298 grave

70 1309 384 1381 integimentum,
414 1309 667 1381 inquitllitmarus
695 1310 837 1365 declinam
893 1313 1184 1385 pondnsoccultum,
1225 1313 1292 1367 lidei
1324 1313 1504 1369 simulatores
1547 1314 1665 1369 occultis
1692 1330 1741 1370 re-

70 1401 144 1465 s,et
167 1396 271 1467 loquar
293 1396 475 1467 imperatoris
500 1396 589 1450 nostri
616 1396 837 1468 prosperitatem
891 1400 992 1456 sistere
1017 1398 1128 1455 insidiis
1157 1414 1209 1469 per
1248 1404 1396 1454 extraneos
1436 1400 1578 1468 nituntur,
1615 1407 1649 1456 ut
1682 1417 1741 1456 non

69 1484 152 1539 rsihi
167 1488 305 1539 erorum.
321 1485 486 1539 Avunculus
508 1501 633 1557 namque
659 1500 737 1551 suus,
767 1487 837 1540 Bur·
892 1489 976 1544 liceat
1002 1487 1028 1542 ei
1055 1487 1186 1542 libertate
1207 1487 1377 1558 congruenti
1401 1487 1555 1559 imperare,
1582 1504 1741 1560 eorumque

70 1572 170 1630 unum
195 1588 244 1627 rex
295 1572 473 1644 liudolphus,
503 1588 638 1629 coronam
677 1576 705 1627 et
732 1573 837 1628 suimet
890 1577 1027 1646 injustam
1042 1576 1234 1630 temeritatem
1249 1576 1278 1630 iu
1295 1576 1392 1647 aliquo
1404 1575 1559 1630 minorare.
1584 1581 1701 1647 »Atque
1717 1577 1739 1631 is

70 1660 624 1732 mmcumuxoresnaetprivignisac
648 1661 835 1732 optimatibus
891 1664 1024 1720 chronici
1039 1664 1105 1719 linis
1120 1669 1170 1731 est,
1198 1680 1256 1735 quo
1286 1670 1315 1718 et
1336 1664 1410 1718 hanc
1422 1664 1493 1719 Vitta
1509 1664 1536 1720 S.
1565 1663 1740 1735 ilenrieipe-

70 1748 130 1803 :reis
158 1748 212 1803 sibi
241 1748 388 1815 concessit,
426 1750 635 1820 reiteraturque
663 1748 835 1803 sacramenti
851 1770 872 1823 g
891 1754 1002 1809 niodum
1030 1753 1240 1817 concludimus,
1274 1752 1343 1807 alibi
1363 1752 1513 1823 quaesituri
1527 1768 1592 1824 quae
1606 1752 1643 1806 ad
1669 1752 1738 1807 reli-

70 1837 179 1903 maun,
207 1843 359 1910 actumque
388 1842 430 1892 est
457 1837 529 1892 illud
562 1837 710 1908 llogontiae
714 1876 768 1892 .....
808 1841 836 1890 et
890 1859 963 1915 quos
976 1842 1041 1897 ritae
1057 1857 1149 1896 anuos
1162 1840 1336 1895 ordinandos
1360 1841 1522 1896 conducent
1550 1856 1557 1895 :
1586 1841 1616 1895 iu
1640 1840 1739 1912 quoid

70 1924 115 1980 nl.
132 1924 238 1996 Aprilis
253 1925 404 1996 mngoufit
429 1925 459 1980 io
485 1924 644 1996 Nuimtssen
668 1924 802 1995 synodus·
820 1946 834 1973 »
890 1932 1042 1986 molestum
1060 1930 1183 1988 maxime
1208 1929 1284 2001 qnod
1307 1930 1549 2002 chronographus
1568 1929 1640 1985 Suro
1668 1929 1740 1985 duos

70 2030 87 2069 ι
101 2012 133 2067 in
148 2013 227 2068 fonte
240 2013 361 2085 legenda
376 2018 452 2068 sunt.
661 2080 663 2084 y
888 2019 936 2074 hic
951 2035 1041 2075 annos
1052 2020 1083 2073 in
1097 2034 1187 2073 onom
1206 2018 1344 2073 conflasse
1360 2008 1506 2086 rideatur;
1522 2018 1598 2073 unde
1613 2016 1739 2072 turbatio

73 2101 149 2157 .Αά
176 2102 265 2156 linem
280 2101 375 2172 operis
402 2117 522 2172 vergens
549 2101 704 2168 Ditmarffl,
731 2099 834 2173 graiis·
890 2109 926 2163 de
955 2123 1012 2179 qua
1037 2106 1165 2179 proxime
1187 2106 1331 2176 agendum
1357 2107 1420 2162 erit.
1457 2106 1500 2161 Ad
1524 2105 1738 2161 indeficientem

70 2203 92 2244 n
115 2205 186 2260 ergo
218 2189 360 2244 Caesooem
386 2188 516 2243 animum
531 2188 630 2243 testari
645 2205 703 2242 non
719 2187 833 2254 desinit.
888 2196 983 2250 Sancti
996 2194 1199 2250 liberalitatem
1218 2194 1364 2266 pertinent
1386 2193 1493 2249 tabulae
1521 2195 1598 2266 apud
1622 2194 1737 2250 Schote-

70 2275 119 2331 lta
133 2276 259 2347 insignia
272 2276 329 2330 alia
345 2276 376 2332 in
391 2275 539 2331 ecclesiam
565 2291 647 2330 suam
669 2274 773 2330 collata
799 2273 834 2328 ab
889 2298 959 2337 num
975 2299 992 2336 a
1008 2298 1071 2354 pag.
1089 2282 1150 2336 138.

70 2363 189 2421 anelicia
230 2381 409 2420 enumerans.
454 2387 465 2414 ι
491 2365 610 2436 Oportet
632 2369 730 2419 autem
754 2369 834 2418 tuam
887 2389 984 2460 §m
1009 2388 1155 2456 Reliquum
1177 2390 1240 2442 ,Μ
1268 2389 1296 2443 s·
1325 2387 1437 2441 Hem-„-
1455 2400 1540 2454 usqu,
1568 2385 1606 2439 ad
1627 2386 1737 2453 fencem

76 2452 219 2528 pietatem
245 2454 321 2525 regis
349 2453 438 2508 nostri
455 2459 484 2508 et
510 2452 694 2523 imperatoris
721 2451 835 2507 Henrici
1036 2482 1043 2496 ·
1187 2459 1290 2512 exitam
1308 2459 1435 2514 MXXIV.

70 2542 195 2599 formem
237 2541 466 2597 benevolentiam
510 2541 635 2596 ecclesie*
677 2539 833 2595 exhibitam
925 2548 983 2602 lts.
995 2545 1149 2601 Deficiente
1162 2545 1333 2615 hicprorsus
1344 2545 1482 2609 illimem,
1498 2543 1638 2598 steriliora
1653 2549 1740 2599 erunt

70 2648 102 2701 e,
129 2631 165 2686 de
192 2648 249 2702 qna
274 2636 385 2702 partem
420 2630 576 2702 quamdam
599 2629 730 2701 superins
755 2645 833 2684 com·
887 2633 1001 2705 quaedo
1028 2633 1130 2688 ultima
1159 2633 1224 2686 ritae
1240 2633 1267 2688 S.
1300 2632 1412 2687 ilenrici
1447 2632 1581 2702 periocha
1610 2631 1737 2686 ordinari

70 2719 139 2788 indi,
165 2720 303 2790 majorem
328 2735 395 2773 vero
422 2717 491 2790 quia
511 2717 697 2772 indiscussam
718 2715 832 2787 reliqui,
886 2724 1043 2792 poterunt;
1066 2720 1154 2791 idque
1175 2720 1333 2776 dolendum
1360 2720 1513 2793 imprimis,
1555 2721 1737 2791 chronogra-

70 2807 197 2863 scribere
224 2806 275 2861 tibi
301 2806 442 2879 optimum
469 2805 536 2861 duri
572 2805 640 2860 Vide
665 2809 697 2860 ut
720 2804 834 2860 assidua
887 2810 979 2879 phum
999 2807 1140 2862 Saroaem
1156 2807 1209 2861 suh
1225 2807 1320 2877 ipsum
1350 2806 1526 2878 principium
1546 2812 1736 2862 lotoannoa

70 2895 186 2952 datione
213 2895 257 2951 tui
272 2894 311 2949 sit
332 2899 492 2963 renovator,
515 2899 544 2949 et
567 2894 734 2949 indeliciens
757 2892 834 2948 auxi·
887 2912 953 2950 vera
968 2895 1154 2966 chronologia
1170 2894 1331 2959 deflectere,
1346 2896 1416 2949 dum
1439 2911 1473 2949 ea
1501 2911 1566 2965 quae
1593 2894 1737 2949 Ditmarns

83 2982 189 3050 nostri,
204 2988 235 3037 ut
266 2982 443 3054 temporibus
464 2983 531 3043 illis,
559 2983 590 3036 in
619 2982 723 3052 quibus
754 2981 834 3036 deest
887 2987 1007 3038 recteet
1032 2987 1109 3037 certo
1134 2998 1210 3035 auno
1241 2983 1309 3036 tols
1339 2981 1530 3052 consignavit,
1548 2981 1609 3052 ipse
1632 2981 1668 3036 ad
1696 2998 1738 3035 se-

84 3071 210 3137 miseris,
253 3074 282 3125 et
310 3071 435 3126 ecclesiae
471 3069 698 3140 lderseburgensi
702 3109 756 3124 .....
801 3051 868 3123 EtC
889 3074 1105 3143 quentemlltte
1124 3085 1276 3140 perperam
1303 3070 1428 3137 reduxit,
1451 3077 1482 3123 ut
1519 3061 1677 3141 exprimis
1705 3075 1733 3124 et

79 3163 198 3231 tempus
226 3174 284 3212 non
312 3164 355 3212 est
395 3158 580 3228 singulariter
609 3173 743 3212 enarrare
768 3172 833 3227 qaae
890 3157 1000 3214 ultimis
1025 3158 1088 3228 ejus
1114 3157 1206 3213 verbis
1232 3158 1294 3228 jam
1318 3158 1383 3212 laxo
1412 3157 1567 3227 intelligas.
1591 3180 1605 3207 ιι
1629 3161 1732 3222 Caesar,

70 3247 282 3320 rptisejusdem
303 3247 472 3302 confirmata
502 3247 608 3316 poteris
637 3247 743 3314 videre,
772 3246 834 3300 hac
887 3247 1024 3319 inquit,a
1041 3247 1205 3317 bauenberg
1232 3262 1365 3318 pergens,
1391 3262 1444 3317 per
1472 3246 1631 3317 Wirciburg
1658 3247 1735 3302 venit

70 3336 177 3407 resigno
194 3351 270 3406 quae,
301 3335 466 3390 auctoritate
481 3335 618 3399 carentia,
646 3334 832 3404 imposterum
888 3334 1137 3402 Franckenvorde,
1165 3334 1216 3388 ubi
1246 3335 1374 3389 Natalem
1410 3333 1523 3388 Domini
1547 3336 1625 3404 regio
1653 3350 1733 3389 more

70 3442 106 3481 an
129 3425 260 3497 peritura
283 3426 371 3479 timeo
416 3425 556 3494 :,Sanctae
595 3423 833 3479 victoriosissime
887 3424 1008 3495 peregit.
1040 3425 1119 3478 »lta
1144 3423 1193 3478 ille
1215 3438 1358 3489 exerrans,
1392 3438 1459 3476 narn
1484 3423 1735 3478 circumcisionem

70 3530 79 3568 s
112 3517 225 3585 partem
258 3529 321 3567 cum
356 3512 458 3566 ceteris
493 3513 661 3567 Sanctorum
694 3511 832 3582 reliquiis,
887 3513 973 3566 etiam
990 3511 1103 3566 Domini
1123 3509 1368 3582 etTeophaniam,
1397 3527 1454 3564 uou
1486 3526 1562 3565 anno
1588 3514 1655 3566 1019
1686 3511 1735 3567 sed

70 3616 115 3656 rra
139 3617 271 3663 alueum,
294 3601 415 3671 gemmis
437 3600 594 3655 honorilice
617 3599 792 3659 distinctum,
806 3605 835 3654 et
891 3603 956 3656 1017
977 3599 1155 3655 Francolurti
1179 3600 1336 3653 celebrasse
1352 3605 1482 3652 sanctum
1518 3600 1734 3668 tmperatorem,

70 3704 114 3743 cnr
141 3704 258 3743 auream
283 3688 426 3758 lapidibus
447 3688 579 3759 pretiosis
606 3692 748 3750 ornatam,
776 3689 832 3741 col·
888 3706 920 3742 ex
950 3689 1050 3742 ordine
1081 3693 1109 3741 et
1136 3686 1213 3741 lluxu
1244 3703 1340 3742 rerum
1384 3691 1471 3756 atque
1512 3687 1736 3757 expressissimis

70 3777 272 3848 inmqnecum
299 3777 437 3847 impensis
460 3776 594 3846 propriis,
623 3777 753 3829 etetiam
778 3792 833 3829 no-
891 3774 1010 3830 llitmari
1032 3773 1166 3828 terminis
1188 3773 1371 3842 paragrapho
1402 3772 1575 3842 praecedenti
1606 3774 1734 3827 ostendi-

70 3865 233 3921 iecoratum
249 3880 314 3919 cum
330 3865 443 3919 duobus
456 3864 611 3920 thuribulis
640 3880 672 3918 ac
697 3868 833 3936 argenteo
888 3869 1010 3930 mns;et
1036 3877 1145 3929 rursus,
1176 3876 1252 3930 sape
1278 3860 1426 3914 laudatum
1455 3859 1615 3913 llitmarum
1644 3865 1672 3915 et
1697 3862 1735 3914 ri-

70 3970 112 4017 su,
128 3953 209 4023 larga
232 3954 424 4008 manuCresar
442 3959 549 4008 nostrie
560 3952 639 4007 dedit
662 3951 831 4006 ecclesie...
887 3950 973 4006 vendi
984 3956 1012 4006 et
1026 3948 1169 4004 scribendi
1183 3948 1271 4002 linem
1285 3946 1394 4013 iecisse,
1424 3947 1546 4017 utapod
1583 3948 1735 4017 scriptores

70 4040 178 4114 quiade
205 4040 488 4113 mellifluaejusdem
516 4041 622 4111 pietate
650 4038 717 4092 satis
741 4037 833 4094 dicare
889 4039 996 4110 passim
1016 4053 1115 4093 omnes
1131 4036 1159 4090 in
1187 4036 1316 4090 conlesso
1341 4039 1394 4100 est,
1422 4041 1630 4106 contraquam
1658 4036 1735 4091 idem

70 4144 172 4200 aquam
212 4128 333 4193 sullicio,
360 4129 470 4183 desua
508 4127 733 4194 conversatione,
762 4126 835 4180 sicut
888 4127 1128 4198 chronographus
1142 4125 1223 4191 Saxo,
1253 4125 1288 4180 ad
1317 4123 1425 4178 dictum
1447 4124 1501 4195 ipsi
1528 4140 1636 4178 annum
1668 4128 1735 4181 tote

70 4217 135 4283 uni,
153 4217 309 4271 ordinatim
335 4217 478 4287 explicare
504 4216 660 4271 studiosius
687 4214 831 4269 anhelo.»
888 4216 919 4271 in
937 4213 1145 4278 linesubdatu
1174 4214 1232 4268 Piae
1257 4212 1405 4267 memorioe
1421 4212 1603 4267 thietmarus
1630 4213 1737 4285 episco-

85 4305 198 4360 ntinarn
237 4305 272 4360 ab
305 4304 367 4375 ipso
404 4305 539 4376 explicari
580 4302 748 4373 potuissent,
784 4301 869 4381 quio
889 4321 943 4377 pus
953 4302 1194 4374 llerseburgensis
1209 4300 1342 4373 migrarit
1352 4301 1386 4354 ad
1399 4300 1555 4356 Christum.
1575 4304 1636 4356 snt
1658 4302 1736 4356 enim

70 4393 164 4449 tritae
189 4411 223 4448 eo
249 4409 324 4448 anuo
365 4393 432 4448 lecit
461 4409 467 4447 :
497 4393 550 4446 sub
578 4391 696 4458 exitum,
721 4391 834 4462 opinor,
889 4409 935 4448 res
963 4395 1023 4446 tota
1045 4392 1123 4445 salua
1148 4390 1286 4460 persistit,
1316 4388 1340 4442 si
1365 4389 1427 4443 sola
1455 4390 1503 4444 liat
1535 4391 1736 4445 transmutatio

79 4481 159 4537 ultra
202 4481 400 4552 Septembrem
438 4480 602 4537 chronicon
638 4495 724 4534 sunm
768 4494 834 4551 per·
890 4495 1043 4546 annorum,
1076 4479 1149 4533 forte
1173 4477 1395 4533 amanuensium
1422 4478 1552 4532 socordia
1581 4494 1732 4549 perperam

890 4569 1078 4640 signatorum,
1091 4566 1167 4637 qnod
1192 4583 1224 4620 ex
1239 4566 1357 4620 coulnso
1372 4566 1544 4635 precedenti
1561 4582 1680 4634 canone,
1701 4568 1737 4623 de

70 4663 87 4713 t.
104 4657 142 4714 Ut
164 4657 284 4730 reliqna,
300 4657 334 4712 ad
359 4658 436 4713 huno
453 4671 561 4712 anunm
590 4655 749 4727 spectantia
768 4672 836 4727 pau·
890 4672 948 4728 quo
967 4655 1097 4727 proxime
1111 4655 1306 4718 meminimus,
1325 4653 1495 4723 produxisse
1515 4654 1736 4710 existimandum

70 4759 205 4806 nomm.
231 4760 298 4816 pag.
326 4746 379 4800 413
409 4745 459 4813 ait,
484 4764 499 4797 a
525 4745 740 4814 Imperatorem,
773 4748 837 4815 post
890 4748 942 4799 est.

70 4845 105 4888 un
130 4830 369 4888 inhabitationem
395 4831 426 4887 in
456 4834 665 4902 Neumagen,u
688 4829 736 4885 nbi
764 4846 836 4884 non·
929 4832 987 4887 tlt.
1003 4833 1054 4888 Ast
1070 4830 1111 4885 ihi
1136 4845 1217 4884 error
1240 4845 1298 4883 non
1322 4828 1405 4897 sistit,
1430 4830 1530 4884 eodem
1557 4830 1737 4900 euimpassn

80 4919 220 4992 praeclare
245 4925 351 4976 statuta
362 4926 439 4988 sunt,
456 4939 470 4972 ι
486 4919 714 4985 descendentem,
739 4917 837 4973 solen·
890 4919 1082 4992 procedeudo,
1099 4934 1164 4990 quse
1179 4917 1216 4973 ad
1237 4933 1337 4972 reruni
1365 4932 1473 4972 annum
1500 4919 1568 4972 1019
1595 4923 1737 4988 spectant,

70 5008 256 5080 iogahonnm
288 5008 348 5065 dies
370 5009 401 5064 in
427 5008 599 5080 aquisgrani
621 5007 746 5062 studiose
767 5007 838 5061 ccle-
891 5009 944 5064 sub
971 5007 1118 5080 sequentis
1146 5005 1214 5060 anni
1240 5006 1407 5060 tototitulo
1430 5005 1566 5060 collocata
1585 5010 1661 5072 sunt,
1677 5006 1737 5076 ipse

70 5111 87 5152 e
87 5134 147 5153 .....
177 5097 365 5152 Pentecosten
389 5097 418 5151 in
446 5097 616 5167 lngelheim,
644 5094 753 5149 »uude
777 5115 791 5144 ι
807 5093 837 5148 in
894 5095 1031 5151 nimirum
1057 5092 1202 5149 benedicti
1226 5094 1282 5148 PP.
1308 5094 1366 5149 Vltl
1396 5093 1581 5161 bambergam
1595 5092 1629 5147 ad
1646 5092 1737 5148 Cesa-

70 5183 188 5241 nndiam
202 5185 379 5256 properarit3
398 5204 410 5236 ι
428 5185 597 5254 lmparalria
612 5200 690 5252 vero,
705 5183 838 5238 ordinata
891 5201 953 5239 rem
978 5184 1127 5250 adventus,
1144 5198 1230 5253 quem
1256 5182 1413 5236 certissime
1427 5184 1538 5234 constat
1564 5196 1641 5235 anno
1670 5185 1738 5238 1019

70 5287 181 5344 munga
202 5272 261 5326 rita
286 5272 454 5340 monastica,
480 5274 598 5326 lralrcm
622 5286 706 5325 suum
734 5270 837 5325 ducem
892 5272 1055 5342 contigisse,
1072 5275 1104 5325 nt
1126 5271 1234 5325 habent
1258 5268 1384 5324 Annales
1401 5268 1637 5339 hildesemenses,
1653 5269 1739 5325 breve

70 5358 207 5427 ioum,de
233 5376 292 5431 qno
327 5376 413 5431 snpra
435 5376 493 5415 non
515 5361 642 5424 semet»
675 5358 838 5430 Ratisponae
892 5357 1053 5413 chronicon
1090 5357 1328 5426 Wirciburgense,
1357 5357 1537 5411 hermannus
1570 5357 1739 5412 Contractus

70 5447 205 5504 cubavit.
230 5469 243 5497 ιι
270 5448 403 5504 Pluribus
442 5447 509 5503 hinc
541 5447 724 5513 intermistis,
751 5446 838 5502 etiam
893 5444 1060 5501 lambertus
1099 5443 1384 5515 schafnaburgensis.
1441 5443 1583 5499 llarianus
1627 5444 1738 5510 Suetus,

70 5552 108 5593 ιο
129 5554 148 5592 a
176 5536 306 5593 Boleslao
334 5541 447 5608 patrata
468 5539 546 5604 sunt,
573 5536 636 5592 burc
659 5536 777 5591 demum
804 5534 839 5589 de
895 5533 998 5590 ihtes.
1015 5529 1306 5589 lleinweroiinhctis
1331 5547 1345 5584 r
1366 5530 1445 5587 Junii
1470 5548 1537 5605 pag.
1565 5535 1629 5600 538,
1657 5548 1737 5588 ιιιιιιι.
