3878 6112
87 284 139 337 32!
722 279 920 336 pintolam
939 276 1216 362 scelestissumi.

87 409 183 471 vetur,
198 402 273 457 banc
297 401 426 457 chartam
453 400 521 456 indo
547 400 748 472 conscriptam,
774 401 847 456 sicut
870 401 981 456 infe-X
1368 404 1485 459 LXXXV.

87 493 152 547 rius
166 496 295 563 apparet,
309 490 397 562 sigilli
413 491 501 544 nostri
512 490 702 561 impressione
712 491 853 561 jussimus
867 490 941 545 insi·
998 481 1171 562 601101010ῑῖ0
1187 481 1294 564 jurium
1318 498 1349 536 ⁰⁶
1369 486 1576 552 lm'vtlediorttm
1602 489 1727 541 “Sititm‘t'
1750 503 1847 543 ⁸¹³⁶?ss-

88 582 178 653 gniri.
1032 567 1094 604 rum
1121 566 1260 618 carpinum
1283 554 1443 608 Lucmuium
1471 556 1499 611 S.
1523 556 1675 611 Sutuotom's
1697 560 1773 623 lucta
1797 561 1846 614 At-

128 672 199 724 Data
212 669 298 724 Nonis
313 667 486 733 Februariis,
501 665 657 722 indictione
680 683 730 734 ιιι,
747 684 823 722 anno
841 666 942 722 Domi·
1029 623 1275 690 mmmm
1286 623 1590 764 abdanffieffg's'w
1601 629 1738 694 mmm
1748 631 1847 697 ΜΦ

88 757 384 813 uicesima-nationis
406 758 485 822 1015,
514 771 590 810 ιιιιιιο
618 756 729 810 domini
754 757 867 811 ilenrici
897 771 941 811 se·
1089 759 1244 833 [liuratori,
1272 766 1611 833 Antiquit.ltutic.tom.
1628 767 1754 839 1,1001,1

87 847 178 902 cundi
194 846 342 917 regnantis
352 846 464 900 decimo
478 850 567 910 sexto,
584 845 812 915 impertientem
828 849 941 917 quarto.
1033 849 1064 902 lu
1079 850 1195 904 nomine
1213 857 1318 905 sanctie
1333 860 1362 906 et
1389 852 1546 908 individuae
1568 855 1725 923 Trinitatis,
1742 856 1846 912 linsm-

123 939 229 990 Actum
245 933 599 1076 Francoiordiisaffigiitgr.
611 938 715 988 Amen.
997 951 1055 1000 cus,
1071 937 1168 991 divina
1178 937 1458 1007 taventectemeutia,
1473 941 1671 997 Romanorum
1681 944 1840 1016 imperator

519 1063 526 1076 .
579 1063 586 1076 .
997 1026 1154 1095 Augustus.

1795 292 1846 346 sti

87 1112 119 1166 S.
135 1112 269 1165 Hernicus
292 1109 451 1166 abbacias.
481 1110 575 1164 vitoni
586 1110 767 1177 possessiones
794 1112 942 1178 confirmat.
1033 1112 1179 1184 Quidquid
1203 1113 1272 1168 locis
1302 1115 1399 1170 divino
1428 1118 1516 1172 cultui
1546 1119 1714 1191 mancipatis
1741 1127 1846 1175 nostrae

412 1201 506 1264 (Anno
532 1198 624 1264 1015.)
998 1199 1177 1255 liberalitatis
1197 1218 1314 1257 munere
1330 1203 1513 1272 conferimus,
1531 1205 1557 1260 id
1576 1206 1657 1261 nobis
1673 1208 1708 1262 ad
1731 1213 1846 1263 aeterum

92 1284 140 1359 [n.
156 1286 277 1353 Culmet,
293 1287 414 1341 Histoire
436 1285 626 1352 deborraine,
655 1287 780 1352 Pressius,
804 1303 834 1357 p.
862 1284 940 1358 398.]
997 1286 1467 1345 retributionisremunerationem
1483 1292 1618 1361 prodesse
1634 1292 1845 1349 minimedilli·

126 1376 161 1429 ln
184 1376 304 1429 nomine
323 1382 428 1429 sancte
443 1380 473 1428 et
500 1373 658 1429 individuae
684 1373 843 1439 Trinitatis,
868 1373 944 1427 lina·
999 1375 1104 1430 dimus.
1122 1375 1279 1446 Cognoscat
1293 1377 1523 1448 igituromnium
1537 1379 1781 1436 tideliumsanctae
1797 1383 1848 1438 Dei

89 1463 298 1530 arcus,dirine
319 1463 491 1533 disponente
509 1461 672 1530 clementia,
700 1461 859 1532 imperator
882 1465 944 1516 Au·
999 1463 1205 1529 Ecclesia,seu
1234 1469 1411 1532 nostrorum,
1431 1467 1619 1536 praesentium
1648 1469 1845 1524 scilicettotu·

89 1558 224 1641 gustus..
998 1567 1166 1623 rerumque,
1180 1553 1295 1608 solertia
1305 1554 1428 1626 qualiter
1443 1571 1505 1622 nos,
1522 1556 1686 1611 interventu
1714 1573 1747 1612 ac
1768 1558 1846 1628 peti·

130 1641 312 1706 Celebreest,
327 1645 384 1694 etc.
402 1639 496 1703 Quare
512 1639 646 1694 noverint
678 1639 1077 1738 omnesconsecresstioue
1101 1641 1286 1712 cunegunde
1318 1641 1519 1711 imperatricis,
1544 1649 1707 1715 nostreque
1734 1645 1846 1700 dilectae

90 1729 163 1782 tales
188 1727 294 1797 palatii
316 1727 469 1796 caeterique
497 1725 704 1779 lldelesnostri
729 1725 861 1795 qualiter,
891 1740 944 1794 per
1000 1728 1140 1799 conjugis,
1156 1728 1295 1799 perhanc
1317 1729 1408 1783 nostri
1431 1731 1568 1801 praecepti
1591 1732 1739 1802 paginam,
1761 1741 1848 1805 prout

89 1816 286 1870 interventum
302 1815 458 1886 lleymonis
481 1814 574 1868 tidelis
603 1814 704 1880 nostri,
718 1819 823 1867 sanctie
839 1813 943 1867 Virdu·
996 1816 1072 1886 juste
1087 1823 1115 1870 et
1128 1817 1258 1888 legaliter
1275 1834 1437 1888 possumus,
1449 1821 1653 1874 continuamus
1669 1827 1698 1874 et
1711 1821 1848 1876 corrobo-

89 1905 188 1958 nensis
200 1904 332 1959 Ecclesiae
356 1903 493 1973 episcopi,
521 1902 640 1972 expetiti
664 1918 764 1955 sumtis
790 1906 821 1956 ut
837 1918 882 1954 res
897 1917 944 1954 ec·
1000 1920 1097 1958 ramus
1113 1905 1318 1959 monasterium
1333 1905 1429 1961 Sancti
1444 1909 1608 1970 salvatoris,
1631 1909 1706 1980 quod
1721 1915 1764 1964 est
1773 1910 1848 1965 inira

90 1993 185 2048 etesia
201 2008 272 2059 suae,
290 1998 373 2046 antea
384 1992 630 2064 perapostolicum
643 1991 836 2063 privilegium,
851 1995 879 2043 et
893 2006 944 2060 par
998 2007 1097 2047 muros
1122 1991 1201 2046 urbis
1217 1994 1298 2047 Lucae
1313 2001 1517 2059 constructum,
1546 2012 1604 2049 una
1629 2013 1694 2050 cum
1707 1998 1849 2053 abbatissa

91 2082 167 2136 dive
184 2082 330 2136 memorias
373 2080 561 2136 antecessoris
587 2079 679 2133 nostri
707 2079 818 2134 0ttonis
835 2095 944 2149 praece·
997 2080 1260 2151 nomineleerga,
1278 2097 1342 2134 cum
1358 2082 1491 2136 omnibus
1508 2085 1789 2140 sanctemonialibus
1806 2087 1846 2142 ibi

91 2176 187 2241 ptum,
216 2170 344 2224 ecclesias
363 2174 393 2223 et
416 2167 592 2222 monasterio
620 2167 696 2222 beati
720 2167 797 2221 Petri
815 2166 943 2232 collatas,
999 2169 1058 2223 Deo
1078 2167 1606 2239 famulantibus,quomodosunt,aut
1636 2188 1689 2242 pro
1711 2178 1844 2244 tempore

91 2257 140 2312 nbi
152 2259 345 2328 berengarios
359 2257 448 2312 beatoe
464 2255 669 2311 recordationis
688 2255 838 2326 episcopus
858 2271 943 2325 regu·
997 2256 1057 2311 Deo
1077 2256 1147 2310 inibi
1164 2256 1378 2318 famulantibus,
1392 2273 1457 2311 cum
1473 2257 1608 2312 ominibus
1635 2274 1735 2314 eorum
1760 2260 1847 2315 rebus

91 2347 242 2401 lambenti
266 2345 410 2401 Benedicti
436 2344 547 2399 abbatis
569 2360 649 2397 secra
680 2343 832 2398 devotione
858 2343 945 2397 incoe·
999 2350 1028 2399 et
1039 2343 1272 2416 proprietatibus,
1286 2345 1393 2399 scilicet
1408 2350 1437 2398 et
1447 2345 1542 2407 terris,
1556 2345 1656 2408 vineis,
1668 2347 1768 2418 pratis,
1784 2365 1847 2419 pas-

90 2442 181 2505 ptem,
198 2450 251 2506 pro
264 2450 346 2506 posse
361 2432 532 2498 monachali,
546 2431 646 2486 ordine
661 2431 814 2499 decoravit,
826 2432 943 2502 suisque
998 2431 1068 2499 cuis,
1085 2431 1172 2495 silvis,
1189 2438 1338 2501 pascentes
1352 2433 1594 2503 pascuationibus,
1606 2450 1638 2488 ac
1663 2436 1761 2489 omnia
1776 2435 1846 2490 sub·

90 2523 304 2578 successoribus
317 2521 536 2594 perdonandam
547 2520 675 2591 reliquit,
689 2536 743 2590 per
765 2526 942 2590 preceptum
997 2520 1102 2574 stantia
1116 2536 1180 2591 quae
1194 2519 1270 2574 idem
1284 2521 1362 2575 locus
1373 2527 1500 2575 meretur
1515 2522 1630 2590 babere,
1643 2524 1848 2578 confirmamus

90 2609 330 2674 confirmationis,
347 2609 389 2662 uti
403 2607 628 2678 imperatoribus
649 2613 678 2661 et
706 2605 822 2676 regibus
850 2607 944 2659 deces-
997 2623 1050 2678 per
1063 2615 1166 2661 nostrae
1176 2608 1480 2678 augustalispotentise
1494 2606 1848 2683 {pracceptuml,perquod

90 2698 208 2753 soribus
222 2696 313 2752 nostri
324 2695 412 2751 moris
430 2696 545 2760 iuerat;
561 2695 683 2765 insuper
697 2709 772 2766 quie
800 2692 857 2765 ipsi
876 2709 943 2748 mo·
997 2696 1206 2750 monasterium
1218 2696 1299 2763 illud,
1313 2712 1358 2749 res
1372 2697 1484 2751 habitas
1498 2703 1526 2751 et
1535 2697 1665 2752 adhocin
1678 2698 1744 2768 jure
1759 2699 1849 2770 ipsius

90 2786 221 2840 nasterio
240 2785 461 2849 condonaverat,
492 2782 674 2851 offerremus,
693 2788 849 2853 nostraque
876 2781 943 2836 asti·
998 2783 1164 2837 monasterii
1178 2783 1256 2854 juste
1268 2794 1428 2850 manentes,
1445 2785 1594 2856 possintin
1609 2785 1738 2840 futurum
1753 2787 1848 2842 conti-

92 2874 517 2945 putationeoorroboraremns.
538 2870 621 2934 Quod
651 2870 752 2925 devote
779 2870 942 2940 expostula·
998 2872 1070 2926 nori.
1089 2870 1248 2926 statuimus
1268 2887 1348 2943 ergo,
1373 2873 1537 2944 acperboc
1564 2879 1669 2928 nostras
1693 2874 1847 2930 conlirme-

92 2969 154 3017 tam
169 2968 225 3029 est,
240 2967 270 3017 et
283 2959 374 3031 regali
398 2958 568 3014 auctoritate
583 2974 758 3012 concessum.
776 2959 882 3012 Damus
895 2973 940 3012 er·
957 2963 978 3017 c
996 2957 1083 3012 tionis
1097 2964 1284 3029 preceptum,
1302 2965 1332 3012 ut
1345 2958 1380 3013 ab
1404 2959 1469 3013 binc
1493 2966 1521 3015 et
1534 2961 1565 3015 iu
1593 2960 1721 3016 futurum
1742 2964 1849 3034 presla-

91 3067 128 3123 go
139 3058 172 3105 et
185 3050 216 3105 in
228 3051 277 3121 jus
287 3049 416 3104 Ecclesiae
427 3048 488 3118 jam
498 3047 582 3102 dictae
604 3046 778 3101 conterimus
799 3046 944 3101 abbatiam

92 3140 264 3211 ipsamque.
289 3138 318 3194 S.
344 3136 439 3192 vitoni
468 3135 584 3203 dicitur,
612 3150 679 3190 cum
704 3134 839 3189 omnibus
867 3135 944 3190 adse

92 3227 319 3299 pertinentibus,
334 3230 387 3280 etc.
398 3226 479 3279 Dono
495 3223 612 3279 Gerardi
627 3222 740 3277 comitis
762 3223 796 3277 ad
812 3223 840 3277 S.
855 3223 944 3277 Julia-

93 3332 165 3372 nnm
181 3331 314 3370 mansum
333 3330 399 3368 cum
414 3312 546 3377 dimidio,
565 3317 595 3366 et
617 3311 742 3378 vineam,
771 3317 824 3366 etc.
843 3312 946 3366 Noster

95 3421 162 3459 sero
177 3403 272 3458 tidelis
286 3417 381 3456 comes
397 3399 566 3456 Godeiridus
579 3399 719 3470 quasdam
741 3415 787 3453 res
815 3399 850 3453 ad
870 3414 944 3469 prae·

94 3476 292 3547 iatomlocum
307 3489 468 3545 subdotatas
488 3488 568 3543 dedit
593 3487 623 3541 in
650 3487 719 3541 villa
745 3503 812 3558 quae
840 3487 946 3541 Borhat

95 3587 290 3652 noncupatur,
306 3594 405 3633 mansa
419 3593 455 3633 ιι
468 3593 535 3632 cum
549 3575 678 3640 ecclesia,
695 3580 748 3629 etc.
766 3576 946 3629 llermannus

96 3681 214 3740 quoqne
229 3665 400 3721 venerabilis
412 3680 508 3719 comes
518 3664 548 3718 in
558 3663 694 3717 comitatu
705 3662 945 3716 Bracbautineuse

95 3757 123 3811 in
137 3755 251 3828 praedio
265 3754 343 3826 quod
358 3752 464 3808 llaslud
488 3757 616 3817 vocatur,
632 3766 687 3805 xxx
715 3750 808 3804 eidem
822 3750 945 3804 contulit

96 3861 207 3910 mansa,
221 3849 277 3898 etc.
292 3843 393 3898 Comes
407 3841 493 3895 etiam
529 3839 668 3895 lotardus
696 3839 727 3893 in
755 3838 858 3893 eodem
882 3855 946 3893 mo-

96 3933 224 3989 nasterio
238 3933 396 3986 monachus
408 3930 509 3994 iactus,
525 3928 606 3984 dedit
619 3929 650 3981 in
671 3943 745 3998 pago
760 3927 897 3998 vaprensi
916 3927 945 3981 in

96 4022 237 4077 comitatu
256 4019 399 4075 Decasteri
421 4017 564 4090 predium
583 4016 764 4081 Balliodium,
797 4015 945 4069 ecclesiam

96 4112 207 4165 scilicet
229 4125 295 4164 cum
315 4109 391 4175 dote,
407 4112 436 4161 et
449 4121 582 4160 mansum
613 4104 852 4159 indominicatum
880 4120 945 4158 cum

92 4200 156 4256 eliis
169 4214 219 4264 ιι,
236 4203 291 4252 etc.
307 4198 364 4252 ttos
379 4200 475 4251 autem
490 4192 637 4265 predicta
667 4192 798 4247 Ecclesiae
822 4209 876 4262 pro
898 4208 941 4246 re-

998 3052 1060 3101 tum
1075 3047 1294 3110 monasterium,
1310 3063 1367 3101 una
1381 3064 1445 3101 cum
1461 3047 1546 3102 rebus
1574 3049 1618 3102 vel
1643 3047 1761 3104 familiis
1775 3050 1847 3106 inibi

996 3135 1073 3206 juste
1088 3134 1308 3206 pertinentibus,
1325 3135 1369 3189 vel
1389 3151 1570 3207 quecunque
1584 3135 1615 3190 in
1637 3142 1719 3190 antea
1733 3153 1787 3208 per
1798 3139 1848 3193 da·

998 3222 1108 3277 tionem
1123 3221 1326 3293 religiosorum
1354 3223 1482 3276 virorum
1504 3239 1554 3278 seu
1578 3223 1745 3278 devotarum
1760 3224 1847 3279 lemi-

999 3327 1102 3365 narum
1117 3311 1254 3367 collatum
1269 3309 1419 3378 exstiterit,
1435 3310 1487 3364 sub
1503 3310 1594 3365 nostri
1620 3311 1759 3383 precepti
1783 3328 1849 3366 con·

998 3399 1192 3454 firmationem
1208 3404 1387 3470 permaneat,
1404 3405 1432 3454 et
1447 3399 1544 3454 nullus
1558 3400 1693 3470 quislibet
1707 3403 1742 3456 de
1770 3418 1848 3472 prm-

999 3488 1081 3542 dictis
1096 3487 1193 3553 rebus,
1207 3504 1279 3558 quas
1293 3489 1362 3541 tunc
1380 3492 1477 3541 tenere
1504 3488 1600 3558 quiete.
1616 3504 1647 3541 ac
1662 3488 1794 3559 legaliter
1807 3490 1848 3543 vi-

999 3574 1150 3642 debantur,
1165 3574 1293 3645 aliquam
1317 3573 1548 3645 inquietudinem
1579 3577 1638 3631 ullo
1664 3593 1793 3647 unquam
1818 3577 1849 3632 in

998 3669 1129 3735 tempore
1142 3665 1234 3718 iacere
1249 3668 1407 3734 praesumet
1423 3664 1490 3730 ,sed
1506 3680 1558 3735 per
1573 3664 1646 3719 hanc
1657 3671 1785 3721 nostram
1802 3684 1850 3722 au-

999 3751 1159 3806 ctoritatem
1175 3767 1275 3805 omnes
1285 3767 1329 3804 res
1339 3751 1430 3823 ipsius
1441 3751 1609 3805 monasterii
1624 3753 1681 3806 sint
1695 3753 1849 3817 defensatae

999 3840 1051 3894 snb
1067 3840 1158 3894 nostri
1173 3838 1309 3910 precepti
1327 3839 1587 3893 conlirmetionem.
1612 3840 1749 3895 Volumus
1762 3842 1849 3897 eliam

999 3934 1031 3984 ut
1055 3929 1220 3983 subnostra
1238 3927 1421 3982 immunitate
1445 3926 1521 3981 idem
1548 3928 1717 3999 praedictum
1744 3946 1847 3984 mona-

999 4016 1118 4071 sterium
1130 4015 1234 4070 nostris
1249 4019 1278 4070 et
1293 4014 1396 4069 tuturis
1410 4015 1589 4086 temporibus
1601 4017 1701 4071 existat
1716 4033 1773 4072 una
1783 4034 1848 4072 cum

999 4103 1134 4159 omnibus
1145 4106 1231 4159 rebus
1241 4120 1273 4159 ac
1288 4103 1405 4158 familiis
1416 4104 1450 4158 ad
1460 4121 1526 4158 eum
1536 4105 1613 4175 juste
1624 4105 1846 4176 pertinentibus,

999 4191 1033 4244 Et
1048 4190 1072 4244 si
1086 4192 1202 4261 quaudo
1216 4190 1360 4245 abbatissa
1384 4190 1499 4257 obierit,
1524 4192 1559 4246 de
1574 4193 1632 4246 suis
1646 4192 1715 4264 ipsis
1730 4195 1849 4265 eligant,

90 4287 302 4344 medicanimm
315 4291 430 4352 nostrie,
446 4290 475 4338 et
490 4281 682 4339 dilectissimos
697 4281 827 4352 conjugis
837 4287 943 4336 nostrae
1000 4295 1087 4350 quam
1103 4278 1186 4333 bone
1201 4278 1425 4334 conversationis
1457 4280 1621 4336 invenerint
1634 4283 1784 4337 meliorem
1799 4283 1848 4338 ab·

91 4376 290 4448 Cunegondse,
301 4379 329 4428 et
343 4389 396 4444 pro
410 4369 684 4427 commemoratione
694 4371 824 4424 omnium
839 4385 943 4440 paren·
998 4367 1144 4422 batissam.
1158 4367 1360 4438 Praecipientes
1379 4383 1495 4439 quoque
1511 4369 1646 4439 jubemus
1674 4376 1701 4424 et
1721 4370 1850 4441 jubendo

91 4471 165 4534 tum,
181 4479 308 4537 quornm
319 4458 781 4525 memorimdebitoresexistimus,
794 4457 944 4513 dimidiam
998 4455 1183 4526 precipimus
1200 4463 1230 4509 ut
1244 4456 1440 4526 nullusjudex
1469 4458 1610 4528 publicus,
1635 4465 1682 4514 aut
1698 4460 1801 4533 aliquis
1816 4477 1850 4515 ex

90 4561 206 4624 partem
230 4550 347 4618 telonei,
375 4555 510 4618 monetae,
526 4554 554 4602 et
567 4547 655 4602 totius
671 4546 863 4618 debiti·quod
877 4546 944 4600 inde
995 4543 1147 4615 judiciaria
1171 4548 1310 4614 potestate
1335 4544 1409 4598 inira
1437 4545 1531 4615 ipsum
1550 4549 1767 4617 monasterium,
1800 4566 1850 4604 seu

91 4643 126 4698 sd
141 4647 275 4697 nostrum
282 4641 330 4711 jus
341 4637 457 4708 respicit
472 4637 500 4691 in
513 4636 576 4690 loco
589 4636 640 4707 qui
653 4635 759 4690 dicitur
772 4634 943 4699 Mosomum,

89 4727 289 4800 inproprium
321 4727 433 4780 damus.
463 4724 527 4778 liaec
555 4739 608 4794 per
635 4723 831 4778 interventum
861 4720 942 4775 lieri·

90 4816 194 4871 manni
205 4813 327 4878 comitis,
351 4813 434 4883 cujus
457 4811 630 4867 beneficium
655 4816 740 4865 antea
766 4808 829 4878 luit,
852 4807 943 4862 tradi·

90 4921 156 4960 mus
167 4920 200 4958 ac
215 4901 359 4974 imperiali
371 4899 540 4955 auctoritate
554 4898 785 4964 corroboramus,
799 4901 853 4952 etc.

125 4994 246 5060 Signum
285 4989 388 5045 domim
423 4989 532 5042 ilenrici
566 4987 740 5041 invictissimi
770 4986 943 5054 irnperotoris

90 5082 226 5151 Aupusti.

125 5167 300 5225 Gontberius
330 5163 516 5220 cancellarius
542 5161 603 5217 vice
640 5159 816 5216 llerimbaldi
849 5160 942 5215 erchi-

90 5256 256 5313 macellarii
271 5253 432 5324 recognovi.

127 5347 201 5401 Data
229 5359 305 5398 anno
332 5340 486 5396 [lominicis
521 5335 727 5392 incarnationis
757 5336 836 5400 l0l5,
866 5352 942 5390 anno

91 5452 161 5490 vero
176 5431 289 5489 domini
304 5429 417 5486 Henrici
428 5445 458 5496 u,
474 5427 557 5498 regui
579 5441 635 5494 ιιν,
649 5425 765 5496 imperii
791 5432 887 5479 autem
911 5442 941 5479 u.

126 5530 231 5581 Actum
245 5520 436 5590 Noviomago.

998 4631 1192 4687 ecclesiasaut
1211 4632 1302 4701 villas,
1325 4639 1375 4687 aut
1399 4649 1494 4703 egros,
1526 4640 1580 4689 etc.
1602 4635 1686 4699 Quod
1710 4639 1849 4693 utverius

1000 4721 1143 4786 credatur,
1157 4727 1209 4774 etc.

1033 4807 1150 4876 Sipnum
1164 4808 1258 4862 domni
1279 4809 1402 4863 Heinrici
1423 4811 1589 4864 serenissimi
1609 4813 1783 4866 invictissimi
1797 4815 1848 4867 im-

996 4901 1133 4967 peratoris
1147 4899 1277 4965 Augusti.

1035 4986 1183 5040 lleinricus
1206 4986 1391 5040 cancellarios
1416 4986 1476 5043 vice
1511 4987 1645 5041 Everardi
1673 4986 1798 5061 episcopi
1820 4996 1850 5046 et

998 5073 1239 5129 archicancellarii
1254 5074 1429 5145 recognovit.

1034 5162 1229 5216 Datumauno
1256 5163 1412 5216 Dominicis
1431 5161 1636 5215 incarnationis
1666 5166 1744 5232 1015,
1772 5166 1847 5222 indi·

997 5249 1091 5303 ctione
1105 5266 1154 5316 ιιι,
1169 5265 1245 5303 anno
1261 5249 1361 5304 domni
1378 5249 1501 5304 Heinrici
1517 5249 1698 5319 imperatoris
1722 5256 1846 5325 Augusti

998 5337 1145 5407 regnantis
1159 5352 1206 5403 ιιι,
1224 5336 1335 5406 imperii
1353 5337 1415 5407 ejus
1428 5335 1530 5406 primo.

1033 5429 1133 5478 Actum
1145 5424 1174 5477 in
1191 5425 1327 5478 comitatu
1336 5424 1451 5493 Pisano,
1462 5423 1493 5478 in
1505 5423 1649 5498 villaque
1662 5436 1848 5503 nuncupatur

999 5512 1130 5580 Pasiano,
1149 5513 1279 5568 feliciter.
1295 5515 1396 5567 Amen.
