3878 6112
88 292 121 344 aa
738 291 766 347 s.
789 291 928 348 annulat
950 288 1191 348 tenueramus
1543 246 1549 252 ’
1814 295 1849 347 se

89 411 167 468 euim
192 412 321 468 llcelerus
340 417 398 467 tam
424 427 509 482 sagax
535 417 629 467 estut
656 417 721 484 post
743 411 942 484 septingentos
959 415 982 468 Α
1001 411 1127 468 illustres
1150 412 1336 469 continentias
1361 412 1502 485 imagines
1532 413 1567 468 ad
1585 415 1694 468 cultum
1708 420 1738 469 et
1751 414 1848 470 imite-

94 515 187 556 aunos
200 516 234 556 ea
247 500 304 555 illis
320 499 439 556 Litaniis
450 501 721 556 odoretursobolem
735 501 855 572 regiam.
871 516 943 571 quo·
998 500 1106 555 tionem
1120 502 1215 572 palam
1228 500 1363 574 proponi,
1379 507 1458 556 actrrs
1474 502 1554 557 rabie
1569 507 1598 557 et
1608 501 1726 564 invidia,
1747 500 1850 556 nititur

92 589 177 646 modo
191 588 424 660 bambergenses,
441 588 491 660 qui
510 589 635 644 Litanies
660 589 943 660 illastemporesan·
997 589 1112 644 casdem
1135 589 1216 644 tetris
1245 590 1388 645 coloribus
1416 591 1579 659 obscurare,
1610 589 1683 644 sicut
1702 589 1772 644 olim
1797 604 1850 659 per

90 678 129 734 cti
142 677 254 734 henrici
267 676 465 738 decantarunt,
482 679 605 732 etannis
621 677 838 748 insequentibus
851 693 943 749 usque
997 676 1183 734 iconoclastis
1209 679 1313 733 Christi
1339 684 1368 733 et
1391 680 1560 734 Sanctorum
1587 679 1728 749 imagines
1743 694 1777 732 ex
1794 679 1847 733 ho·

89 775 125 825 ad
146 771 208 824 haec
223 773 366 838 tempora,
379 767 410 822 in
433 768 542 823 Libello
567 768 696 839 graduali
711 768 876 840 descriptas,
893 783 943 839 po·
998 766 1109 821 minum
1136 767 1225 820 oculis
1244 766 1345 821 tollere
1360 771 1480 821 conatus
1500 767 1564 827 fuit,
1579 783 1614 820 ne
1629 766 1686 828 isti,
1700 781 1847 821 erearum

89 872 186 912 nessa
213 858 405 923 retinuerunt,
428 855 532 926 saepius
554 855 750 927 inspexerunt,
773 861 802 910 et
815 855 880 910 aliis
902 856 944 909 in·
997 860 1123 926 aspectu,
1154 854 1190 909 ad
1218 854 1358 910 imitanda
1387 855 1503 927 egregia
1534 855 1704 910 Sanctorum
1730 854 1847 910 illorum

91 945 254 1016 spiciendas
273 944 481 1011 exhibueruut3
500 945 654 1014 quomodo,
679 943 810 1016 inquam,
830 943 946 998 illiom·
997 941 1069 996 lacta
1097 942 1295 997 excitarentur.
1321 963 1336 993 s
1367 943 1402 998 Os
1430 942 1549 998 durum!
1580 943 1620 997 mi
1651 943 1771 1008 lloelere,
1798 943 1848 998 sed

93 1050 144 1089 nes
158 1033 230 1089 nihil
244 1049 370 1104 unquam
380 1034 414 1087 de
432 1033 483 1087 tali
497 1033 558 1087 iilia
571 1033 744 1103 cogitarunt,
770 1038 820 1088 aut
842 1033 944 1088 exinde
997 1030 1074 1100 quod
1091 1031 1165 1085 tuin
1180 1031 1306 1086 medium
1322 1035 1430 1087 temere
1453 1031 1607 1104 projecisti,
1633 1031 1742 1086 caeteris
1756 1047 1844 1103 argn-

92 1121 289 1192 collegerunt?
310 1122 472 1175 Fueruntne
500 1137 601 1175 ornnes
628 1136 681 1190 per
710 1125 819 1191 septem
841 1121 945 1176 smcula
997 1119 1302 1191 mentisjamabuude
1322 1120 1454 1192 superins
1478 1120 1586 1176 dilutis.
1613 1121 1650 1175 Te
1678 1119 1846 1174 unumhaec

93 1213 164 1267 adeo
180 1209 298 1280 stupidi,
318 1214 351 1264 ut
374 1210 471 1263 nullus
485 1215 600 1280 caperet
620 1209 799 1280 mysterium,
816 1209 846 1263 iu
872 1208 945 1265 Lita—
994 1208 1090 1278 jacula
1117 1208 1236 1275 feriunt,
1263 1213 1348 1280 teque
1376 1209 1446 1264 adeo
1461 1214 1562 1279 petunt
1582 1223 1773 1280 quecumque
1793 1209 1846 1262 hoc

94 1296 149 1352 uiis
162 1295 351 1362 reconditum,
366 1294 444 1365 quod
464 1311 540 1350 nuuc
561 1295 677 1350 undem
692 1295 821 1350 Koelerus
836 1296 943 1351 mundo
997 1300 1056 1351 toto
1078 1298 1257 1368 paragrapho
1285 1298 1430 1368 disputata
1449 1301 1529 1353 suut:
1559 1303 1620 1353 tute
1645 1299 1700 1352 hoc
1730 1296 1846 1361 intristi,

91 1387 218 1440 revelat?
246 1384 326 1439 Etsi
351 1384 586 1454 bambergenses,
613 1389 742 1455 tempore
761 1385 788 1439 S.
816 1382 941 1452 lleurici,
995 1384 1047 1439 tibi
1058 1401 1144 1440 omne
1158 1385 1337 1441 exedendum
1352 1385 1508 1453 est;u0bis
1533 1389 1685 1457 supersunt
1701 1383 1849 1455 precipua

91 1473 180 1529 filiam
203 1474 266 1544 ejus
292 1476 444 1536 noverunt,
469 1476 613 1543 etproea
639 1472 753 1544 publica
771 1472 801 1527 iu
826 1473 943 1528 hitaniis
997 1474 1167 1529 sanctissimi
1210 1474 1397 1546 Imperatoris
1430 1478 1510 1545 gesta
1545 1473 1757 1544 chronologice,
1796 1488 1849 1544 pro

92 1562 199 1634 precati
211 1565 288 1630 suut,
312 1561 459 1632 quomodo
474 1567 503 1614 et
526 1560 642 1631 quaudo
666 1567 823 1632 potuerunt
848 1561 942 1616 delabi
996 1566 1095 1617 nostro
1113 1562 1254 1631 instituto,
1265 1563 1431 1633 digerenda.

92 1651 122 1705 in
135 1667 198 1705 eam
211 1649 438 1721 persuasionem,
452 1653 483 1703 ut
505 1649 656 1704 crederent
677 1649 725 1706 SS.
747 1650 898 1704 Henricum
915 1654 977 1742 etB
997 1669 1054 1738 gx·
1084 1669 1225 1739 pompm,
1250 1669 1277 1724 g⁸
1308 1671 1508 1738 mmmmm
1533 1668 1571 1722 ad
1593 1674 1743 1738 amporam
1771 1668 1850 1723 ordi.

92 1738 345 1811 Cuueguudemiu
371 1754 422 1792 suo
442 1737 577 1809 conjugio
603 1737 815 1810 paricouseusu
844 1755 943 1810 perpe·
1032 1755 1093 1794 nem
1111 1745 1245 1805 reuocata,
1262 1756 1280 1792 a
1294 1742 1373 1808 regen
1389 1742 1529 1810 principio
1552 1739 1590 1794 od
1607 1739 1755 1806 fundatam
1770 1740 1851 1794 eccle

92 1832 171 1882 tuem
185 1842 310 1881 servasse
321 1825 552 1882 continentiam?
565 1847 579 1875 a
1034 1815 1103 1865 isam
1115 1810 1345 1880 bambergensem.

129 1917 173 1968 95.
198 1915 384 1984 Importunas
409 1914 546 1984 quaesitor
575 1917 617 1968 est
639 1912 798 1969 Pottunius.
829 1933 843 1965 s
870 1914 944 1979 Ouo·
1034 1918 1077 1970 97.
1094 1916 1162 1981 Qum
1178 1920 1403 1986 antesuscaptas
1430 1914 1850 1985 reguihabeuassauctissimo

93 2001 188 2068 modo,
200 2001 305 2073 inquit,
324 2000 360 2055 ad
373 2001 450 2056 idem
472 2000 653 2055 sentiendum
670 2007 761 2055 totum
777 2001 944 2072 imperium,
998 2004 1174 2075 Imperatore
1196 2007 1275 2073 gesta
1298 2008 1374 2072 suut,
1390 2018 1455 2059 cum
1468 2017 1525 2057 ,nec
1540 2003 1610 2058 Vitae
1624 2001 1779 2074 scriptores
1799 2018 1851 2056 uec

94 2094 209 2145 ettotus
228 2090 284 2143 lata
308 2089 486 2144 Christianus
509 2089 587 2145 orbis
614 2090 711 2145 induci
740 2091 851 2161 potuit?
865 2092 943 2156 Quo·
1000 2092 1144 2147 [litmarus
1172 2098 1221 2146 aut
1248 2092 1297 2146 alii
1321 2091 1553 2153 memorareriut.
1589 2091 1735 2146 frustraa
1768 2091 1850 2146 nobis

96 2179 181 2233 modo
202 2178 406 2233 celeberrimus
420 2178 489 2233 ordo
513 2179 544 2233 u.
570 2178 714 2233 Benedicti
738 2179 764 2235 S.
788 2180 945 2250 Cuuegun-
999 2196 1100 2236 eorum
1126 2180 1197 2234 ordo
1212 2179 1391 2252 requiratur3
1416 2179 1451 2234 ab
1476 2178 1586 2235 ottonis
1611 2180 1647 2234 lll
1666 2179 1745 2235 obitu
1763 2179 1851 2234 series

96 2266 172 2333 dem,
189 2266 379 2337 postobitum
403 2267 431 2322 S.
460 2267 583 2332 henrici,
601 2269 635 2321 ad
651 2267 815 2323 caenobium
838 2267 945 2323 Conlu-
1000 2273 1097 2322 nostra
1112 2268 1273 2322 deducitur.
1290 2269 1388 2339 Neque
1416 2268 1851 2339 verosingulascrupulosedi·

96 2355 194 2427 gieuse
213 2355 338 2426 suscepit
354 2359 385 2409 ut
398 2355 551 2426 virginem,
569 2372 598 2409 se
610 2354 746 2424 deinceps
761 2355 853 2426 ipsam
875 2371 944 2410 con·
999 2355 1143 2416 scutimus.
1159 2354 1208 2409 sed
1233 2356 1377 2427 praecipua
1403 2371 1453 2411 seu
1469 2356 1626 2410 illustriora
1652 2362 1681 2410 et
1695 2356 1730 2410 ad
1745 2355 1851 2410 sancti·

95 2449 204 2498 stanter
228 2450 258 2499 ut
283 2444 372 2498 talem
399 2443 500 2498 habuit
526 2447 554 2497 et
577 2443 676 2507 coluit,
701 2444 725 2496 si
751 2444 839 2510 sciuit,
867 2442 945 2513 quod
1000 2449 1088 2499 tatem
1108 2449 1281 2515 craterasque
1296 2460 1340 2498 res
1356 2445 1443 2499 totius
1458 2446 1539 2517 regni
1553 2443 1706 2515 etimperii
1721 2449 1852 2515 tempore

96 2532 205 2588 nescire
226 2531 546 2602 nonputuit,illamin
564 2547 616 2585 suo
637 2531 946 2603 conjugioiuissema·
1000 2534 1093 2600 gestas
1121 2531 1287 2601 spectantia,
1319 2547 1442 2604 quaeque
1466 2549 1483 2587 a
1513 2533 1671 2589 notissime
1697 2533 1770 2587 Vitae
1801 2548 1851 2586 seu

95 2625 169 2676 trem
183 2620 249 2675 titire
261 2620 385 2690 regalis?
395 2620 457 2685 Quo
468 2620 581 2681 seculo.
599 2624 628 2672 et
642 2620 716 2673 circa
734 2635 820 2691 quem
836 2635 944 2674 anuum
1001 2619 1097 2689 potius
1111 2619 1196 2690 elogii
1211 2621 1398 2692 compilatore
1421 2626 1573 2691 anonymo
1588 2638 1621 2676 ex
1645 2625 1725 2690 parte
1737 2636 1850 2675 memo-

97 2709 312 2765 memoriatiliae
323 2708 406 2762 istius
415 2707 577 2762 oblitterata
588 2707 651 2772 fnit,
664 2713 693 2762 et
703 2708 764 2778 ejus
775 2708 837 2763 loco
848 2715 946 2763 exorta
1000 2713 1062 2762 rata
1074 2708 1190 2780 quidem
1207 2713 1283 2774 sunt,
1296 2714 1339 2763 ast
1356 2709 1398 2764 ita
1422 2710 1575 2764 commixta
1591 2715 1622 2764 ut
1643 2725 1787 2779 nusquam
1799 2726 1852 2780 ap-

96 2796 243 2868 persuasio
265 2801 300 2852 de
329 2795 463 2866 virginali
491 2795 669 2850 coutinentia
696 2797 743 2852 SS.
768 2799 947 2869 conjugum?
1000 2801 1100 2868 pareat
1112 2812 1171 2868 quo
1187 2813 1263 2851 auno
1277 2797 1418 2868 alliganda
1434 2798 1500 2862 sint,
1523 2802 1639 2852 auctore
1664 2797 1850 2852 adhaectam

99 2887 135 2941 Ex
160 2884 299 2956 rescripto
315 2883 435 2956 hugonii
464 2884 627 2938 lllconstet
647 2886 752 2939 soeculo
774 2901 812 2939 ιιι
844 2885 945 2956 idjam
1001 2899 1104 2955 parum
1125 2887 1243 2950 attento,
1263 2885 1492 2952 ut,uhiaunum
1514 2886 1659 2957 exprimit,
1679 2885 1854 2955 plerumque

97 2972 185 3029 tuisse
204 2973 356 3034 creditum,
386 2976 414 3027 et
436 2972 571 3043 legitimis
598 2973 770 3027 testimoniis
797 2962 981 3027 confirma-C
1001 2988 1018 3026 a
1044 2977 1121 3027 recte
1136 2972 1324 3043 chronologia
1337 2973 1467 3041 deflecta,
1488 2974 1655 3045 exemplum
1672 2973 1709 3026 sit
1726 2973 1759 3027 iu
1775 2973 1851 3043 ipsc·

98 3065 171 3126 tum,
193 3058 223 3114 S.
243 3059 407 3126 henricum,
423 3059 452 3113 iu
477 3064 539 3113 toro
554 3058 640 3113 etiam
665 3059 793 3129 legitimo
808 3061 944 3130 positum,
1001 3063 1061 3114 met
1071 3061 1131 3130 jani
1147 3060 1230 3114 dictae
1245 3060 1314 3114 Vita
1329 3059 1481 3131 principio,
1497 3076 1584 3132 quarn
1599 3063 1629 3114 ln
1644 3060 1719 3114 hunc
1733 3060 1852 3114 modum

99 3146 589 3222 iutegritatemcastimouiaetrsque
616 3156 652 3201 an
685 3146 773 3202 linem
797 3148 946 3202 vitecon·
1001 3148 1128 3204 orditur:
1153 3149 1284 3203 Aunoah
1309 3149 1505 3203 incarnatione
1523 3148 1638 3203 homiui
1654 3164 1694 3216 ιιι,
1718 3147 1754 3202 eb
1778 3147 1852 3203 Urbe

99 3251 239 3291 serresm:
256 3235 281 3290 si
308 3235 413 3291 seculo
435 3234 602 3290 immediate
620 3236 801 3306 praecedente
823 3237 850 3291 S.
876 3238 947 3291 lleu-
1001 3235 1113 3291 condita
1128 3252 1247 3304 unacurt,
1268 3235 1371 3292 orione
1398 3250 1489 3306 puero
1519 3237 1619 3291 Rome
1643 3234 1786 3300 cataracta,
1802 3250 1852 3287 ra-

99 3322 542 3394 ricusinsnocoujugiutiliam
559 3323 669 3394 genuit,
697 3328 726 3378 et
737 3340 790 3395 pro
805 3341 839 3379 ee
854 3325 883 3379 in
901 3325 947 3380 Li·
1001 3323 1406 3395 cauteregnisolio,cumde
1435 3323 1566 3395 principe
1585 3322 1770 3393 subrogando
1784 3337 1852 3393 ege-

100 3410 187 3467 taulis
201 3411 315 3483 publice
326 3411 519 3483 supplicatum
533 3411 598 3476 fuit,
615 3412 680 3482 quis
695 3412 750 3467 sibi
764 3416 945 3484 persuadeat,
1002 3418 1091 3481 retur,
1110 3413 1240 3468 omnium
1256 3418 1331 3479 rota,
1345 3417 1419 3467 nutu
1436 3411 1545 3479 diriuo,
1571 3413 1605 3466 ad
1625 3427 1693 3465 eum
1707 3410 1852 3465 inclinau-

99 3499 227 3572 potuisse
240 3505 300 3555 tem
322 3499 403 3555 brevi
419 3506 548 3571 tempore
569 3500 737 3555 memoriam
763 3500 948 3556 nobilissime
1002 3506 1059 3568 tur,
1076 3501 1127 3573 qui
1141 3506 1210 3555 tuuc
1223 3501 1253 3555 in
1269 3516 1359 3571 regno
1372 3500 1717 3571 habebatnrpotissimns.
1736 3519 1749 3548 a
1767 3499 1855 3553 Aber-

84 3588 191 3661 prolis
206 3587 310 3660 regalis
325 3587 401 3658 apud
415 3602 515 3641 omnes
540 3587 645 3659 perire,
660 3591 689 3642 et
716 3588 853 3644 fecundos
880 3606 948 3645 con·
1003 3595 1068 3644 rant
1097 3589 1145 3645 hic
1170 3590 1347 3644 characteres
1381 3605 1472 3660 prope
1500 3604 1615 3643 omnes:
1653 3602 1748 3658 neque
1775 3587 1852 3641 enim

98 3677 183 3749 juges
206 3676 306 3732 heberi
322 3692 374 3748 pro
388 3675 567 3748 virginibus?
589 3677 704 3732 Etiamsi
727 3676 757 3731 iu
773 3678 870 3748 aliquo
884 3695 951 3733 con·
1004 3694 1080 3732 anuo
1109 3679 1171 3732 tuot
1201 3681 1333 3732 mortuus
1359 3682 1400 3731 est
1432 3677 1498 3732 Otto
1513 3676 1561 3742 lll,
1587 3676 1637 3730 sed
1660 3677 1855 3746 ltldt,neque

97 3764 183 3838 jugio
199 3765 278 3819 uulle
294 3779 430 3836 umquam
454 3769 589 3836 appareat
606 3763 728 3833 soboles,
754 3764 885 3821 homines
907 3773 949 3822 ta-
1004 3770 1066 3821 erat
1091 3781 1184 3820 eunus
1199 3766 1280 3821 Urbis
1305 3765 1427 3820 conditae
1457 3767 1535 3820 tran.
1566 3764 1615 3818 sed
1643 3779 1710 3819 vero
1731 3762 1855 3818 similius

102 3869 170 3909 meu
184 3852 338 3908 difficulter
351 3853 529 3908 inducuntur
541 3852 578 3907 ad
593 3853 779 3919 credendum,
791 3855 867 3926 quod
879 3858 951 3911 tales
1007 3855 1089 3920 trah
1101 3869 1195 3924 neque
1210 3854 1309 3909 Romae
1332 3859 1465 3909 mortuus
1478 3855 1545 3909 Otto
1562 3853 1625 3920 iste,
1650 3851 1699 3906 sed
1723 3852 1855 3906 Paterae

69 3938 75 3946 ’
102 3943 238 4014 coujrrges
265 3942 345 4014 prole
360 3945 477 3997 careant
499 3957 533 3995 ex
558 3941 662 3996 virtute
687 3948 834 4012 perpetue
862 3943 950 3997 couti·
1006 3959 1058 3997 seu
1072 3943 1195 4010 Paterni,
1215 3947 1307 3997 castro
1331 3942 1494 4013 Campaniae
1519 3942 1666 4008 Romanae,
1688 3940 1717 3994 in
1747 3939 1855 3994 ditione

102 4030 224 4095 cautim
247 4030 297 4084 sed
326 4028 355 4084 id
391 4028 558 4084 adscribunt
589 4028 733 4082 sterilitati
759 4024 878 4097 naturae,
904 4035 953 4084 snt
1008 4030 1138 4085 Ecclesiae
1166 4036 1252 4101 atque
1277 4030 1307 4084 iu
1337 4029 1483 4084 maritimo
1511 4033 1614 4093 tractu,
1642 4028 1673 4082 iu
1698 4042 1748 4082 ora
1769 4026 1856 4081 meris

103 4116 953 4188 aliisimpedimentisueturelibus.ldultomiuushomines
1006 4119 1156 4190 tyrrheni,
1184 4119 1234 4174 uhi
1259 4119 1328 4173 alias
1356 4119 1423 4172 ailla
1436 4117 1521 4173 Plinii
1546 4115 1679 4187 junioris,
1700 4116 1855 4170 testellol·

104 4204 261 4278 propinqui
272 4203 348 4259 aetati
369 4203 415 4258 SS.
436 4204 592 4273 conjugum
603 4202 750 4258 scivissent
763 4220 793 4258 sa
808 4204 904 4259 induci
918 4206 952 4261 ad
967 4243 988 4297 D
1007 4207 1110 4274 stenio,
1126 4206 1267 4278 quidquid
1283 4205 1332 4260 alii
1347 4205 1430 4260 asitu
1444 4204 1589 4261 tantillum
1603 4204 1766 4258 detlectant.

104 4291 275 4348 credendam
293 4296 464 4363 perpetuam
482 4306 582 4346 eorum
598 4291 814 4359 continentiam,
830 4292 853 4346 si
866 4293 908 4348 illi
923 4293 952 4348 iu
1043 4297 1087 4350 98.
1101 4297 1124 4349 Δ
1139 4294 1189 4349 tali
1212 4293 1330 4349 exordio
1357 4293 1426 4366 quid
1442 4293 1588 4348 inordina
1604 4293 1640 4347 ad
1667 4288 1855 4363 digerendam

105 4396 157 4436 suo
168 4379 303 4451 conjugio
318 4379 510 4450 suscepissent
523 4379 622 4442 tiliam.
639 4380 717 4450 quod
740 4380 840 4451 utique
858 4381 953 4437 homi·
1009 4398 1105 4437 rerum
1131 4383 1234 4437 seriam
1258 4382 1367 4454 sperari
1390 4381 1490 4452 possit,
1516 4380 1599 4435 facile
1615 4379 1802 4450 intelligitur:
1827 4377 1855 4433 id

105 4484 167 4535 nes,
182 4468 259 4523 retati
275 4467 323 4523 isti
337 4468 409 4523 adeo
422 4467 529 4523 vicinos
543 4468 631 4522 latere
644 4484 704 4522 uon
719 4469 870 4538 potuisset.
1008 4471 1091 4527 uobis
1103 4470 1283 4542 potissimum
1305 4486 1380 4526 curae
1395 4470 1448 4525 erit
1472 4474 1503 4524 ut
1526 4470 1633 4523 selvam
1655 4483 1753 4523 rerum
1786 4467 1857 4521 veri·

142 4559 185 4612 au.
204 4577 214 4604 ι
234 4557 352 4611 Necesse
368 4563 412 4611 est
436 4555 526 4626 igitur
539 4555 634 4618 fateri,
662 4557 770 4628 legatos
784 4559 955 4629 apostolicos
1008 4564 1097 4615 tatem
1111 4560 1140 4614 in
1161 4566 1281 4626 rectum,
1297 4559 1393 4630 quoad
1409 4559 1472 4614 llari
1488 4559 1603 4629 poterit,
1619 4556 1748 4612 ordinem
1771 4556 1856 4610 chro-

106 4645 143 4700 ab
159 4645 285 4714 lingonio
305 4645 354 4705 tlt,
368 4644 404 4699 ad
418 4644 622 4715 inquirendam
637 4645 678 4701 rei
693 4645 839 4702 ceritatem
850 4649 954 4702 saeculo
1009 4647 1181 4719 molegicum
1203 4647 1377 4719 redigamus,
1401 4645 1517 4715 adjectis
1545 4659 1762 4715 nonnumquam
1778 4650 1808 4697 et
1823 4642 1858 4697 ad

105 4749 143 4788 ru
168 4733 355 4804 bambergam
372 4733 483 4799 missos,
510 4732 552 4788 uti
574 4737 603 4788 et
624 4734 731 4788 multos
749 4734 897 4806 religiosus
922 4752 955 4791 ac
1008 4737 1140 4808 proprios
1156 4735 1242 4790 etiem
1271 4734 1418 4790 hincinde
1433 4750 1523 4788 annos
1542 4732 1679 4788 reuocatis
1702 4730 1858 4802 largissimi

106 4822 243 4878 discretos
269 4823 347 4877 viros
372 4837 432 4876 nou
457 4822 583 4893 potuisse
611 4821 709 4878 induci
734 4823 954 4880 adcredeudam
1008 4825 1039 4881 iu
1062 4824 1194 4879 ecclesias
1213 4829 1243 4879 et
1265 4823 1438 4879 monasteria
1453 4822 1637 4892 imperatoris
1655 4819 1859 4875 donationibus

105 4911 341 4966 atattestandam
369 4910 564 4982 integritatem
585 4911 760 4968 castimoniae
788 4913 816 4969 S.
841 4914 956 4970 lleurici
1010 4918 1038 4969 et
1055 4913 1224 4985 privilegiis,
1249 4927 1374 4984 quornm
1401 4927 1466 4966 eum
1491 4912 1551 4981 jam
1579 4909 1735 4980 scriptores
1763 4909 1860 4978 plures

109 5016 198 5072 nsque
211 5000 241 5054 in
266 5001 353 5055 tinem
374 5001 451 5068 ritae,
466 5000 489 5054 si
505 5001 548 5054 vel
570 5000 600 5054 in
619 5001 804 5057 matrimonio
831 5019 883 5058 suo
907 5017 956 5073 ge·
1011 5001 1206 5068 meminerint,
1223 5002 1305 5056 nobis
1324 5017 1359 5055 ea
1369 5000 1462 5056 obiter
1474 4999 1603 5071 attigisse
1626 4997 1779 5051 statiecerit.
1800 4997 1859 5051 Ce-

107 5088 216 5144 nuisset
230 5089 329 5155 liliam,
345 5089 388 5143 rel
411 5088 434 5141 si
459 5089 495 5143 de
518 5088 567 5143 illa
591 5090 755 5161 integritate
779 5091 957 5146 castimonie
1010 5107 1098 5147 sarcre
1119 5090 1166 5145 isti
1186 5089 1311 5161 profusae
1327 5089 1417 5171 ferme
1442 5087 1639 5145 liberalitatis
1658 5084 1861 5157 reguiprinci-

108 5193 167 5232 non
201 5177 370 5232 habuissent
396 5176 513 5244 iudicia,
542 5178 707 5233 testimonia
734 5183 764 5234 et
788 5185 958 5251 argumenta
1010 5179 1060 5251 pio
1071 5178 1228 5233 intendisse
1245 5177 1374 5232 invenies
1396 5176 1471 5249 apud
1494 5175 1688 5232 itabillonium
1717 5172 1748 5226 iu
1767 5176 1861 5226 Anna·

108 5272 186 5322 certa
212 5281 244 5319 ac
274 5266 393 5320 minime
420 5273 565 5338 suspecta;
582 5267 611 5321 in
635 5267 741 5338 quihus
759 5267 850 5339 pietas
875 5267 957 5323 Chri·
1011 5264 1446 5320 libnsbenedictinisadanuum
1462 5265 1539 5328 tour,
1552 5278 1617 5333 pag.
1634 5263 1695 5326 tat,
1717 5276 1799 5314 uum.
1815 5262 1860 5325 td,

108 5355 202 5410 etiarm
217 5359 313 5426 posset
338 5355 442 5409 merito
462 5356 675 5427 conquiescere,
705 5355 957 5411 etmemoriatsru
1012 5354 1081 5411 dum
1110 5368 1206 5407 aream
1221 5353 1376 5424 quamdam
1397 5352 1473 5406 intra
1502 5366 1598 5405 muros
1625 5348 1704 5404 urbis
1727 5348 1860 5403 Ratisbo·

109 5443 230 5498 illustris
252 5443 377 5515 exempli
399 5444 581 5499 enmsolatio
602 5444 666 5498 inii>
695 5444 958 5500 Sedcurnhnmeui
1014 5440 1110 5498 nensis
1135 5441 1281 5496 atltahensi
1310 5440 1485 5496 monasterio
1512 5437 1606 5506 dedit3
1635 5442 1665 5492 et
1693 5436 1862 5509 plura.alia

109 5533 222 5602 generis
250 5533 340 5587 hostis
364 5533 562 5605 indignissime
590 5534 663 5588 ferat
690 5532 720 5588 iu
749 5531 870 5588 Ecclesia
888 5533 958 5587 adeo
1015 5532 1125 5600 majore
1153 5528 1293 5586 beneileie
1316 5529 1409 5585 eidam
1433 5528 1606 5584 monasterio
1631 5525 1862 5596 praestititannis
