3878 6112
87 217 135 272 tat
627 216 832 275 concussus
852 213 1120 274 woutlscluris1s
1138 215 1306 277 Ertscotu.
1787 223 1838 275 tut

88 347 141 413 est,
161 341 347 410 constituant,
371 340 471 414 ibique
493 356 546 412 per
569 356 712 414 caupones
740 340 841 398 vinum
865 341 969 396 aen-b
990 340 1206 413 transmigrare,
1241 344 1383 414 quatenus
1407 344 1436 399 et
1463 341 1498 397 ab
1529 339 1696 397 hostilitatis
1723 341 1839 396 incurso

89 432 166 493 dant,
191 435 240 485 aut
264 430 388 485 vendere
411 429 589 500 permittant,
609 435 638 484 et
661 428 710 484 ubi
735 429 936 484 tantummodo
992 429 1109 484 liberior
1131 430 1250 485 existere
1273 430 1379 496 velem,
1394 431 1430 501 {et
1445 429 1505 486 illic
1528 429 1769 486 consuetudinem
1792 446 1838 484 so-

89 519 233 574 oraIIoues
254 523 282 572 et
297 518 417 572 verbum
441 516 581 583 divinum,
600 517 707 588 Uquue
722 515 784 571 laus
805 515 938 572 debuerit
992 518 1131 573 Iomnium
1146 519 1286 574 festorum
1299 518 1443 591 disponas.

88 623 234 673 resonare,
256 606 298 660 ibi
321 605 541 661 comessationes
555 611 584 660 et
611 605 764 661 ebrietates
790 605 871 673 liant,
897 603 938 659 ibi
1117 607 1179 663 Car.
1197 608 1250 663 XC.
1267 637 1298 649 -
1316 608 1358 663 De
1370 608 1510 664 mutandis
1523 609 1626 664 soractis
1640 608 1718 664 iocis.

90 696 164 751 risus
182 700 211 750 et
239 696 355 765 plausus
380 693 508 749 etvcrba
534 692 640 763 turpia,
669 693 710 747 ibi
733 693 802 747 alxae
818 698 848 748 ct
870 709 937 747 con·
1030 695 1159 767 (August.
1191 696 1279 764 dicit.)
1315 697 1417 752 Tribus
1449 697 1542 752 causis
1577 698 1640 752 loca
1678 700 1839 751 sanctorum

90 781 235 838 tentiones
253 780 402 835 resultent.
419 779 499 844 Quod
521 796 608 851 quam
631 780 667 835 eit
684 782 742 836 er
763 781 939 835 contrariom
993 786 1212 840 transmutanda
1227 795 1302 840 suut.
1331 785 1438 852 urimo,
1463 801 1553 856 quum
1567 784 1726 840 necessitas
1749 800 1841 855 perse·

91 869 232 928 Dominus
255 869 336 924 Iesus
361 867 548 923 demonstrat.
573 867 713 933 Quicum
735 869 940 923 iuvenissetin
994 879 1124 928 catorum
1161 874 1225 929 ioca
1263 890 1365 929 eornm
1404 873 1539 945 gravavit.
1577 873 1724 939 meando,
1755 888 1840 943 quum

90 959 198 1030 templo
222 957 378 1012 vendentes
397 961 426 1010 et
448 962 587 1024 ementes,
609 961 638 1011 et
662 957 873 1012 nummularios
896 973 940 1011 sc·
993 961 1146 1017 difllcultas
1173 962 1302 1017 locorum
1327 961 1423 1018 luerit.
1451 961 1556 1032 Tertio,
1582 977 1673 1034 quum
1701 962 1840 1016 malorum

91 1049 190 1104 dentes
210 1047 284 1101 Iacto
297 1045 427 1100 funiculo
450 1045 485 1099 de
509 1044 659 1111 resticulis,
680 1061 780 1100 omncs
804 1046 889 1117 ejecit
904 1047 940 1102 de
994 1051 1129 1105 societate
1143 1055 1309 1120 gravamur.

92 1136 211 1208 templo.
229 1135 258 1191 Si
282 1133 360 1188 enim
375 1151 408 1188 ea
431 1150 495 1204 quae
519 1133 594 1187 licite
609 1134 692 1188 vendi
716 1133 886 1189 videbantur
909 1135 941 1189 in
996 1157 1059 1213 c„
1075 1156 1147 1212 χω,
1161 1186 1196 1198 ,,
1211 1157 1287 1223 Quod
1301 1158 1444 1212 mmm„
1458 1157 1639 1229 marm-gns,
1663 1156 1751 1212 gono,
1766 1157 1841 1210 snm,

91 1225 212 1296 templo,
238 1227 267 1278 et
281 1222 316 1277 ad
331 1223 385 1276 boc
407 1221 588 1292 emebantur,
610 1227 642 1277 ut
656 1221 685 1276 iu
709 1223 810 1277 eodem
832 1223 940 1293 templo
1029 1227 1095 1281 dum
1109 1243 1169 1282 cum
1182 1229 1239 1283 iliis
1253 1231 1361 1297 aripret,
1376 1228 1513 1283 Interdum
1527 1232 1557 1282 eis
1568 1228 1624 1282 loco
1637 1232 1807 1297 permoneat.

92 1312 264 1370 offerrentur
280 1311 411 1377 Uomino,
429 1309 583 1381 Ipseforas
607 1311 699 1380 ejecit,
716 1310 784 1382 quid
808 1312 941 1381 putasde
1031 1314 1086 1385 (Eu
1121 1315 1204 1370 dictis
1245 1316 1367 1386 Hieron)
1402 1315 1565 1371 Notandum
1596 1331 1664 1370 cum
1706 1320 1841 1369 transmu-

92 1406 151 1456 tam
172 1398 309 1471 pestilera
330 1398 554 1469 praesumptione
578 1404 606 1452 et
623 1398 673 1452 Uei
687 1403 854 1470 contemptu
868 1399 941 1454 fiet?
995 1405 1093 1456 tantur
1116 1401 1166 1456 alii
1182 1401 1232 1473 qui
1247 1402 1282 1457 de
1298 1401 1483 1474 martyribus,
1499 1418 1564 1457 com
1579 1401 1624 1456 his
1648 1403 1745 1457 bonor
1768 1418 1842 1456 com·

93 1489 172 1544 Etsi
198 1504 255 1543 non
286 1488 378 1542 solum
407 1487 601 1541 sacerdotibus
624 1488 673 1541 sed
698 1487 783 1541 etiam
808 1487 941 1542 omnibus
996 1490 1103 1560 migret
1129 1507 1136 1544 t
1164 1491 1228 1544 aliis
1254 1506 1322 1545 uero
1354 1490 1551 1545 transmutatis
1587 1490 1681 1546 honor
1715 1489 1746 1544 in
1777 1490 1840 1545 locis

96 1575 206 1632 clericis
227 1574 405 1647 precipitur,
421 1590 457 1628 ne
481 1574 615 1628 tabernas
638 1573 838 1643 ingrediantur
854 1591 860 1629 :
877 1574 942 1646 quis
997 1595 1097 1633 eorum
1114 1594 1248 1634 essenon
1263 1584 1359 1634 cessat.

94 1663 194 1720 audite
209 1668 305 1733 potest
327 1666 360 1717 ut
372 1661 504 1716 Ecclesias
519 1661 570 1716 Uei
593 1662 720 1717 tabernae
734 1662 827 1716 liant?
842 1663 942 1734 ltaque
1049 1685 1114 1740 Q
1129 1684 1209 1741 xmp
1225 1715 1259 1725 ,,
1274 1684 1351 1751 Quod
1364 1687 1477 1752 ,mmm-5
1492 1690 1646 1754 mmmm
1660 1690 1796 1740 mecm

94 1751 240 1808 interdicit
267 1767 318 1822 per
341 1750 438 1805 emula
466 1750 591 1821 synodus
614 1767 650 1804 ue
665 1751 720 1806 hoc
742 1751 773 1806 In
793 1755 941 1822 posterum
1205 1757 1299 1819 locum,
1315 1770 1369 1810 ucri
1383 1756 1455 1811 toccu
1468 1758 1638 1825 sanquinem.

94 1841 238 1897 ullatenus
254 1838 313 1893 liat.
330 1838 412 1903 Quod
437 1838 461 1892 si
475 1838 581 1892 iactum
607 1838 701 1906 ioerIt,
717 1840 866 1912 presbyter
891 1840 940 1896 de·
1032 1844 1088 1913 (Ec
1109 1843 1189 1899 dictis
1214 1844 1348 1915 August.)
1371 1844 1494 1916 Sanguis
1516 1849 1679 1916 martyrum
1703 1848 1837 1900 conmcrst

94 1932 229 2000 ponatur,
242 1926 306 1981 laici
319 1925 523 1981 communione
537 1926 641 1996 privati
655 1926 690 1982 ab
703 1927 837 1997 Ecclesia,
855 1943 943 2000 quam
997 1931 1103 2002 Iocum,
1120 1948 1178 1987 uon
1194 1932 1273 1987 locus
1293 1931 1473 2003 sanguiuem.
1489 1931 1519 1988 Si
1535 1931 1639 2003 aliquis
1653 1932 1762 1987 dixerit
1772 1949 1778 1987 :
1788 1933 1836 1987 dea

95 2016 365 2085 dehonestaverunt,
380 2016 568 2085 expellantur.
998 2024 1042 2074 est
1055 2020 1188 2087 Ecclesia,
1202 2019 1279 2075 dices
1299 2019 1353 2088 illi,
1370 2019 1449 2092 quod
1462 2020 1492 2074 in
1507 2020 1624 2075 (lentico
1640 2019 1752 2092 legitur
1765 2037 1773 2074 :
1786 2020 1834 2074 Um
1876 2030 1878 2045 ¹

286 2104 350 2160 Cer.
369 2105 487 2159 LXXXV.
502 2134 537 2143 —
555 2103 596 2158 Dc
611 2104 703 2159 eodem
717 2121 755 2160 re.
998 2107 1039 2157 est
1051 2104 1184 2158 columba
1199 2119 1272 2172 mea,
1287 2107 1316 2158 et
1328 2119 1404 2158 unns
1415 2107 1457 2158 est
1471 2103 1591 2159 dilectus
1606 2119 1703 2159 meus.
1728 2105 1761 2159 El
1773 2103 1833 2158 dices

132 2194 185 2264 (Ec
198 2192 298 2260 eodem
322 2207 383 2262 cop.
410 2192 446 2260 3.)
463 2193 492 2247 Si
517 2193 593 2247 enim
610 2193 714 2247 domus
736 2195 786 2248 Uei
807 2193 944 2249 orationIs
999 2189 1040 2245 illi
1058 2194 1186 2262 :Aptum
1202 2197 1245 2246 est
1266 2191 1359 2246 lilium
1378 2191 1467 2246 occidi
1482 2192 1513 2247 in
1536 2191 1600 2246 sinu
1616 2192 1723 2248 matris
1744 2197 1771 2248 et
1789 2207 1831 2246 uu·

96 2282 199 2340 domus
225 2286 352 2349 vocatur,
375 2281 429 2335 hoc
453 2281 535 2336 debet
563 2297 624 2335 esse
647 2281 724 2352 quod
749 2281 854 2337 dicitur
868 2299 875 2338 ε
891 2299 945 2338 nec
999 2278 1077 2333 tricis
1093 2279 1177 2336 suae?
1191 2281 1297 2335 Tamen
1311 2279 1383 2335 scias
1404 2280 1546 2335 nutricem
1566 2285 1683 2336 mutum
1699 2282 1831 2353 pollutam,

97 2372 137 2427 ibi
159 2370 236 2426 aliud
259 2368 342 2423 debet
366 2369 426 2439 geri
441 2373 491 2422 aut
513 2367 641 2422 recondi.
661 2367 713 2422 Ubi
732 2367 808 2422 euim
842 2384 945 2440 corpus
999 2371 1028 2422 et
1052 2383 1105 2439 pro
1128 2367 1180 2423 hac
1206 2368 1369 2439 pollutione
1396 2374 1602 2436 consecratam,
1629 2369 1728 2426 lilium
1754 2374 1832 2425 anum

98 2458 212 2514 Uomini
234 2462 425 2524 consecratur,
448 2456 489 2510 ibi
513 2457 683 2527 angelorum
707 2456 861 2527 praesentia
887 2474 945 2512 non
1000 2460 1145 2512 mortuum
1160 2473 1229 2512 esse.

99 2546 246 2604 dubitatur
266 2547 376 2602 adesse.
397 2545 448 2600 Ubi
464 2551 630 2600 sauctorum
645 2544 775 2616 reliquIae
790 2545 945 2602 reconditae
1177 2545 1241 2602 Cae.
1257 2545 1349 2600 XCIII.
1361 2545 1478 2612 -outu
1491 2548 1528 2601 sit
1543 2545 1671 2603 saitica.

99 2640 281 2702 venerantur,
314 2650 349 2688 nc
376 2633 445 2705 quid
474 2633 658 2689 inhonestum
689 2637 836 2705 appareat,
866 2635 945 2707 quod
1036 2632 1094 2703 (Ec
1127 2632 1209 2689 dictis
1236 2634 1266 2689 S.
1301 2632 1412 2702 isidor.)
1447 2633 1573 2688 Basilion
1603 2635 1768 2690 Groecorum
1795 2649 1833 2688 rex

98 2726 195 2781 oculos
211 2726 246 2779 ed
273 2723 431 2779 orationem
456 2722 635 2777 senlenlium
657 2720 794 2789 offendat,
822 2719 945 2792 nequid
1001 2726 1070 2777 erat.
1094 2721 1166 2777 ilinc
1180 2726 1209 2776 et
1229 2722 1345 2777 basilica
1368 2721 1483 2795 regalis,
1507 2722 1576 2795 quia
1599 2722 1630 2778 in
1653 2722 1756 2794 primis
1772 2727 1834 2777 tem·

98 2811 140 2866 ibi
155 2811 287 2866 videntur
311 2810 388 2882 quod
403 2811 439 2866 ad
463 2812 575 2866 lucrum
598 2812 758 2882 temporale
780 2811 944 2882 pertineat:
1000 2810 1119 2881 poribus
1139 2827 1222 2881 reges
1236 2816 1348 2866 tautum
1372 2811 1586 2882 sepeliebantur
1605 2811 1635 2866 in
1651 2827 1697 2879 ea,
1722 2811 1783 2867 ideo
1795 2827 1835 2866 no·

99 2900 149 2955 scd
164 2900 262 2954 omnia
276 2905 384 2968 sancta,
401 2899 497 2954 omnia
517 2900 635 2967 munda,
651 2905 680 2955 et
697 2900 897 2956 tantummodo
912 2901 946 2956 ed
963 2906 982 2962 c
1001 2915 1069 2954 men
1093 2899 1194 2953 sortita
1215 2903 1266 2954 cst.
1287 2900 1358 2954 Nam
1382 2914 1458 2955 nunc
1483 2899 1623 2969 temporis
1643 2899 1742 2955 caeteri
1759 2897 1835 2955 bom'e

102 2988 326 3043 Ecclesiasticum
340 2989 531 3044 miuisterium
547 2988 732 3059 perimentia.
1001 3002 1059 3052 nes,
1075 2987 1134 3043 slve
1153 2987 1214 3060 igni
1231 2988 1385 3053 combusti,
1401 2987 1461 3043 siue
1474 3003 1575 3043 acervo
1600 2986 1732 3059 lapidum
1746 2985 1835 3059 sepulti

102 3095 166 3151 Cae.
197 3095 326 3150 LXXXVI.
352 3123 389 3136 -
417 3098 452 3151 Ut
473 3097 620 3163 uuicuique
642 3097 673 3149 iss
694 3094 772 3150 dorm
794 3109 845 3150 suo
870 3109 947 3150 crore
1002 3080 1081 3130 ⁵⁰³²·

478 3164 569 3219 ²⁵⁶⁶&-
1001 3182 1066 3238 cia.
1090 3182 1177 3237 XCIV.
1201 3213 1234 3222 -
1258 3184 1296 3238 Ue
1319 3183 1445 3252 illisqui
1468 3182 1576 3237 domum
1596 3184 1645 3238 Uei
1665 3181 1833 3252 contemptibi·

136 3255 191 3321 (Es
204 3252 300 3306 concil.
316 3251 477 3318 Aureliano,
499 3266 559 3321 cup.
586 3252 624 3323 3.)
640 3250 800 3322 Unicuique
815 3252 947 3309 fidelium
1337 3253 1513 3320 lemsuciuct

102 3341 133 3395 in
153 3340 238 3394 domo
256 3356 307 3393 sua
330 3339 490 3394 oratorium
513 3339 582 3394 licet
606 3339 721 3405 habere,
745 3345 775 3395 et
799 3340 840 3396 ibi
854 3357 946 3411 orare,
1037 3339 1092 3409 (Ec
1104 3339 1201 3396 coacti.
1214 3339 1362 3409 (langres,
1375 3355 1436 3410 cop.
1454 3341 1492 3407 5.)
1507 3337 1536 3397 Si
1555 3339 1620 3411 quis
1634 3339 1720 3396 docet
1732 3340 1832 3396 domun

102 3427 199 3484 IIIssas
212 3430 308 3482 autem
324 3426 364 3483 ibi
377 3427 521 3482 celebrere
531 3442 590 3482 nou
605 3426 680 3483 licet.
1002 3426 1053 3483 Uei
1068 3426 1314 3498 contemptibilem
1337 3443 1407 3495 esse,
1422 3431 1452 3482 et
1464 3433 1621 3482 conventus
1635 3428 1688 3500 qui
1710 3429 1740 3483 in
1755 3443 1785 3481 es
1799 3441 1832 3480 ce·

102 3534 166 3590 Uer.
192 3534 338 3590 LXXXVII.
352 3562 389 3575 -
413 3535 447 3590 Ut
470 3537 605 3589 canticum
620 3540 700 3605 turpe
722 3536 795 3590 circo
809 3535 948 3591 Ecclesiae
1002 3516 1160 3582 lebfflmu‘s
1177 3515 1330 3570 mmm
1340 3515 1386 3571 ⁸1²·

460 3619 514 3659 uon
527 3605 589 3675 fiat.
1216 3604 1279 3659 Car.
1294 3605 1370 3660 XCV.
1385 3634 1420 3646 -
1440 3608 1479 3662 Dc
1493 3604 1586 3661 cedern
1598 3620 1638 3660 rc.

137 3694 194 3761 (lic
209 3694 303 3748 cmcil.
324 3693 471 3764 Cortice.)
488 3693 636 3749 Canticum
658 3698 743 3765 turpe
766 3696 851 3766 atque
868 3694 949 3749 luxu·
1038 3692 1098 3763 (Eu
1112 3693 1212 3760 cedern,
1240 3708 1301 3762 cop.
1327 3695 1367 3759 6.)
1395 3693 1424 3749 Si
1442 3693 1508 3765 quis
1530 3697 1609 3748 extra
1632 3692 1782 3748 Ecclesiam
1804 3706 1833 3745 ss

100 3781 209 3837 ciosum
224 3781 299 3837 circa
323 3781 459 3836 Ecclesias
474 3786 560 3855 atque
579 3782 609 3837 in
624 3781 705 3838 atriis
719 3782 849 3837 Ecclesiae
864 3797 949 3854 agere
1003 3795 1102 3836 orsum
1124 3785 1281 3836 conventus
1304 3781 1439 3851 celebrat,
1462 3786 1490 3836 et
1508 3781 1670 3851 despiciens
1690 3780 1832 3844 Ecclesiam,

102 3871 219 3926 omnino
233 3869 465 3939 contradicimus,
480 3871 558 3942 quod
572 3871 678 3942 ubique
693 3871 843 3926 vitandum
859 3875 910 3926 est.
1004 3885 1038 3922 ea
1061 3885 1126 3940 quae
1141 3874 1208 3924 sont
1231 3869 1361 3925 Ecclesia
1383 3869 1507 3924 voluerit
1528 3885 1681 3941 usurpare,
1704 3885 1762 3924 non
1783 3883 1832 3922 eor·

102 3976 167 4032 Cer.
189 3976 345 4031 LXXXVIII.
369 4006 404 4017 -
431 3978 464 4031 Ut
487 3980 642 4031 sanctorum
663 3975 788 4044 reliquiar
810 3978 840 4029 iu
855 3980 949 4030 croto·
1003 3956 1134 4011 V0fli⁰¹¹¹⁰
1162 3956 1329 4029 Ps⁸³byt0f⁰
1350 3957 1433 4028 ij
1451 3957 1598 4013 demum
1621 3957 1761 4030 episcopi,
1780 3971 1831 4012 ¹¹¹¹·

307 4049 358 4102 riis
372 4047 580 4102 vilioribusuou
592 4050 740 4116 ponuntur.
1003 4046 1101 4101 thema
1114 4046 1159 4100 sit.

138 4137 195 4206 (Ec
215 4137 309 4191 coacti.
332 4137 497 4206 Epcoueusi,
523 4150 583 4205 cop.
606 4136 662 4201 25.)
687 4134 852 4189 Sanctorum
878 4133 985 4238 reli-D
1004 4152 1069 4208 eff,
1093 4152 1181 4208 χρη
1200 4182 1235 4193 ,
1259 4154 1294 4208 gt
1307 4153 1381 4208 ,025oe
1394 4157 1421 4207 eg
1440 4155 1541 4223 palm
1555 4168 1589 4208 a.
1603 4168 1673 4208 ,m
1696 4157 1744 4209 ,mg
1756 4167 1788 4208 a
1799 4164 1832 4205 „a

42 4290 43 4293 Ἴ
103 4226 181 4297 quiae
195 4225 224 4279 in
246 4224 378 4279 oratoriis
393 4223 542 4278 villaribus
564 4238 623 4277 non
638 4228 794 4292 ponantur,
811 4222 868 4278 nisi
891 4223 948 4278 for·
1340 4228 1417 4291 penio
1437 4225 1515 4293 liunt.

104 4312 179 4368 sitan
207 4312 327 4367 clericus
356 4311 552 4383 cujuscunque
581 4310 724 4381 parochiae
752 4310 862 4365 vicinus
889 4326 949 4365 csse
1040 4311 1096 4382 (Eur
1123 4313 1217 4367 concii.
1246 4313 1379 4380 Rcmcnsa‘,
1409 4327 1471 4382 cop.
1506 4310 1543 4379 5.)
1570 4313 1606 4367 Ut
1638 4311 1710 4367 calix
1739 4306 1832 4367 bomini

104 4401 260 4471 confingat,
277 4400 327 4472 qui
343 4400 429 4454 sacris
444 4398 613 4471 pignoribus
630 4398 770 4471 psallendi
791 4398 950 4470 frequentis
1004 4416 1068 4455 cum
1094 4405 1208 4470 patena,
1223 4399 1248 4454 si
1262 4415 1321 4455 non
1335 4415 1369 4454 ex
1389 4416 1460 4455 auro
1479 4398 1665 4464 emutescere,
1688 4402 1832 4470 exurgente

104 4487 269 4543 famuletur.
1005 4488 1064 4543 liat.
1089 4487 1144 4543 Nec
1170 4492 1324 4543 causentur
1345 4487 1504 4559 presbyteri
1524 4485 1644 4542 avaritia
1667 4482 1834 4543 suadenteds

106 4577 170 4634 Usa.
205 4578 334 4634 LXXXIX.
369 4607 404 4618 -
437 4579 471 4633 Ut
489 4576 565 4632 sedes
592 4576 762 4646 episcopalis,
792 4577 818 4632 si
848 4591 952 4632 necesse
1004 4579 1174 4647 paupertate
1197 4575 1242 4631 vel
1264 4575 1506 4649 impossibilitate,
1525 4591 1592 4630 cum
1617 4580 1721 4647 quarta
1738 4584 1834 4648 passer

252 4651 348 4718 suerit,
362 4651 392 4703 ²³¹
407 4650 491 4703 “lium
506 4649 591 4703 ὈΜ
607 4648 802 4714 mimmi-
1006 4665 1141 4721 omnibus
1167 4680 1232 4736 qum
1257 4663 1293 4719 ad
1316 4663 1472 4718 Ecclesiam
1494 4663 1654 4734 pertinent,
1683 4663 1715 4719 in
1740 4658 1836 4719 fabricis

140 4755 202 4826 (Ec
220 4770 277 4825 reg.
294 4755 386 4828 Ureu,
403 4755 440 4809 od
461 4754 591 4810 Ioannem
615 4755 754 4810 billitran.
778 4752 951 4824 episcopum.)
1005 4754 1096 4825 ipsIus
1127 4752 1255 4807 Ecclesiae
1284 4753 1320 4807 sii
1347 4751 1549 4824 impendenda.
1579 4750 1783 4806 Admoneudus
1805 4749 1837 4801 est

104 4843 254 4915 Temporis
266 4843 388 4915 qualitas
402 4843 538 4898 admonet
557 4841 755 4913 episcoporum
776 4841 858 4896 sedes
876 4841 950 4895 anti·
1007 4841 1093 4897 etiam
1108 4840 1233 4912 populus
1248 4843 1280 4895 ut
1294 4839 1402 4910 aliquid
1420 4839 1451 4894 in
1465 4837 1593 4894 donariis
1614 4838 1730 4894 Uomini
1743 4836 1836 4897 cuent

106 4932 202 5005 quitus
216 4931 301 4988 certis
311 4931 472 4986 civitatibus
486 4930 666 4996 constitutas,
676 4931 711 4986 ad
725 4929 782 4985 alia
795 4945 860 5001 quae
870 4944 951 4985 secu·
1007 4929 1080 4984 sicut
1097 4928 1145 4985 ille
1162 4927 1299 5000 antiquus
1314 4928 1440 4998 populus
1455 4927 1507 4983 sub
1528 4927 1604 4982 bluse
1618 4927 1651 4982 in
1673 4921 1837 4983 tabernaculo

105 5021 183 5077 riora
198 5025 333 5093 putamus
353 5019 482 5091 ejusdem
496 5019 648 5074 dioeceseos
670 5020 731 5074 loca
752 5023 951 5089 transponere,
1008 5016 1123 5073 Domini
1146 5015 1247 5071 fecisse
1271 5015 1385 5088 legitur.
1409 5015 1438 5072 Si
1459 5014 1524 5088 quis
1544 5019 1642 5071 autem
1664 5020 1724 5071 tam
1746 5022 1838 5086 pauper

107 5126 163 5182 quo
179 5114 207 5165 et
221 5110 396 5165 babItatores
410 5124 486 5163 nunc
496 5107 610 5179 degere,
627 5112 655 5161 et
670 5105 853 5162 Barbaricum
864 5107 954 5178 possit
1007 5110 1058 5168 est,
1084 5105 1185 5160 saltem
1213 5104 1257 5160 vel
1279 5109 1432 5160 stanneum
1456 5103 1574 5159 calicem
1595 5103 1712 5160 babeat.
1738 5105 1776 5160 Ue
1795 5111 1837 5157 ert
1873 5172 1878 5187 Ι

106 5198 264 5267 perIculum
290 5196 402 5252 facilius
420 5195 566 5251 decIInari.
592 5195 745 5265 Propterea
763 5198 790 5249 te
813 5194 953 5249 Ioannem
1007 5198 1105 5248 exstem
1119 5210 1152 5248 ex
1167 5193 1329 5248 aurichalco
1350 5208 1408 5248 uon
1422 5192 1473 5248 llat
1487 5192 1571 5258 calix,
1587 5191 1656 5264 quia
1673 5191 1779 5249 obsiui
1790 5192 1836 5244 sir·

106 5283 224 5339 fratrem
238 5285 498 5356 coepIscopumque
513 5287 642 5337 nostrum
656 5281 865 5338 UiIIiIranensis
881 5281 952 5337 citri-
1007 5285 1098 5337 tutem
1114 5281 1265 5354 eruginem
1279 5281 1365 5353 perit,
1380 5297 1446 5353 quae
1469 5281 1611 5337 vomilum
1624 5286 1770 5353 provocet
1783 5277 1838 5335 ltal-

106 5369 181 5433 tatis,
198 5371 454 5444 sedemquetuam
469 5372 500 5427 in
522 5372 584 5426 loco
599 5370 650 5442 qui
674 5370 837 5442 appellatur
851 5368 953 5425 Reuali
1008 5369 1051 5422 Ius
1079 5373 1175 5425 autem
1203 5369 1234 5424 in
1262 5369 1358 5441 ligneo
1385 5368 1482 5436 calice,
1510 5372 1560 5424 eut
1585 5367 1677 5424 vitreo
1702 5366 1841 5440 praesumti
1873 5390 1878 5425 a

106 5456 143 5515 ad
158 5462 288 5514 sanctum
300 5461 444 5516 Andream
463 5460 626 5532 apostolum
647 5458 833 5531 precipimus
849 5457 952 5514 exinde
1007 5461 1132 5515 mutare.
