3878 6112
87 260 156 315 ¹095
632 251 827 310 instabunt
845 249 1101 309 muncrarius
1120 251 1289 309 urlscort.
1776 255 1841 309 10911

423 376 534 434 CAPUT
560 376 597 431 ll.
953 379 1055 434 trans
1069 374 1321 438 verecundaretur,
1348 372 1421 430 inito
1446 373 1564 431 consilio
1586 374 1749 446 prudenter
1773 391 1844 431 con·

85 472 154 527 Pars
168 470 348 540 reliquiorum
361 467 389 524 S.
408 466 565 533 walterus
589 464 691 520 donato
714 463 825 520 liubila
854 463 934 518 abbo·
989 463 1063 520 fessa
1078 465 1188 520 esthoc
1209 463 1323 519 cuidam
1341 463 1483 519 Thiedildi
1504 464 1633 535 ejusdem
1667 464 1842 521 monasterii

210 561 284 613 tissa
316 556 449 625 ingluvies
468 556 570 624 aliique
592 554 680 608 morbi
698 553 809 609 sublati.
988 552 1184 625 procuratrici,
1206 556 1348 624 quatenus
1376 553 1437 623 ejus
1463 551 1640 607 orationibus
1656 553 1694 608 ab
1723 552 1784 607 hac
1798 553 1840 609 iu·

123 650 149 703 6.
185 646 239 702 Sed
266 649 421 717 postquam
448 643 614 697 beatissima
640 642 794 712 Walburga
817 642 934 713 lleysta·
988 641 1247 714 satiabiliinglurie
1270 641 1477 698 sublevaretur.
1497 640 1567 706 Quoe
1593 642 1654 713 ejus
1683 642 1842 698 afflictioni

86 740 181 792 tenses
206 735 279 790 fines
302 749 355 804 per
383 731 565 804 semetipsam
601 731 716 786 visitare
738 730 856 801 dignata
881 733 932 792 est,
988 746 1146 801 compassa,
1162 729 1286 800 {salubre
1316 731 1481 802 excogitans
1501 731 1663 800 consilium,
1681 732 1754 787 fecit
1782 748 1843 789 eam

87 823 208 895 contigit
221 826 319 894 postea
335 825 365 876 ut
382 825 543 875 memorata
564 818 792 874 sanctimonialis
814 817 936 873 Liubula
987 820 1116 889 accipere
1130 819 1274 874 benedicti
1289 820 1373 889 panis
1391 819 1585 890 portionema
1606 820 1739 892 quodam
1760 836 1844 877 vene·

88 911 178 967 asnis
191 909 362 983 propinquis
386 909 510 962 multum
535 907 590 962 sibi
616 906 810 962 invidentibus
828 904 869 959 ita
882 921 934 961 11-
987 907 1071 963 rabili
1088 907 1264 979 presbytero,
1291 908 1410 962 nomine
1434 909 1487 978 (56)
1513 907 1684 965 Reimundo.
1717 910 1757 965 Ut
1774 926 1843 982 ergo

87 1004 256 1066 arctaretur,
270 1001 302 1053 ut
316 1002 374 1053 tam
404 997 546 1051 violenter
560 1011 646 1067 quam
672 994 820 1065 ingeniose
843 1010 860 1048 a
884 1009 936 1049 sua
988 1013 1020 1052 ex
1035 1012 1069 1053 eo
1090 997 1224 1068 gustavit,
1248 997 1288 1052 ita
1303 996 1444 1069 paulatim
1470 997 1543 1052 miro
1564 997 1649 1054 modo
1672 998 1842 1057 decrescere

87 1090 187 1145 eadem
207 1092 338 1143 materna
365 1102 455 1157 prope
471 1086 663 1156 expelleretur
676 1083 853 1138 haereditate.
879 1082 933 1138 Sed
987 1085 1074 1157 coepit
1087 1089 1115 1139 et
1137 1084 1302 1154 annihilari,
1321 1089 1353 1140 ut
1366 1090 1450 1141 antea
1470 1086 1617 1142 consuerit
1638 1089 1841 1158 augmentari,

88 1177 275 1233 saluberrime
303 1175 398 1236 anxia,
416 1174 488 1230 inito
508 1173 627 1229 consilio
651 1173 735 1245 petiit
763 1173 799 1227 ab
816 1173 933 1243 lleysta·
988 1176 1019 1227 ut
1034 1173 1150 1229 tandem
1166 1173 1239 1228 nihil
1260 1173 1339 1229 aliud
1362 1174 1446 1230 edere
1469 1174 1526 1230 nisi
1548 1191 1664 1231 caseum
1686 1180 1716 1232 et
1740 1176 1842 1233 bibam

86 1265 176 1322 tensis
193 1264 323 1321 Ecclesiae
342 1263 517 1319 Ercenbaldo
532 1262 670 1330 antistite,
688 1266 720 1316 ut
747 1260 802 1316 sibi
830 1276 935 1315 conce·
988 1260 1043 1316 nisi
1057 1261 1137 1316 lactis
1150 1261 1387 1318 valdemodicum
1403 1263 1477 1318 eima
1491 1263 1551 1318 fere
1561 1262 1717 1319 dimidium
1729 1281 1842 1321 anuum

87 1355 226 1410 darentur
240 1354 267 1410 S.
298 1352 460 1424 Walburgae
475 1350 614 1423 reliquie,
631 1354 771 1422 quatenus
796 1349 820 1404 si
840 1349 889 1405 illa
904 1348 935 1405 in
988 1349 1137 1422 potuisset.
1155 1351 1255 1405 Postea
1267 1366 1335 1406 vero
1349 1350 1391 1406 ita
1408 1351 1451 1405 illi
1464 1351 1580 1422 penitus
1601 1353 1764 1424 corporalis
1793 1370 1843 1409 nu·

87 1443 243 1499 obtinenda
281 1458 334 1498 sua
371 1447 501 1495 materna
545 1441 714 1510 prevaleret
754 1438 934 1507 haereditate,
987 1438 1114 1493 trimenti
1128 1437 1232 1493 defecit
1244 1438 1429 1508 desiderium,
1446 1445 1478 1495 ut
1500 1441 1523 1495 si
1536 1440 1691 1512 aliquando
1715 1446 1843 1497 tentaret

86 1532 161 1587 hanc
175 1532 286 1588 Christo
302 1545 419 1601 suasque
433 1529 538 1601 virgini
557 1528 718 1598 Walburgae
735 1527 801 1598 jure
830 1542 934 1599 perpe-
988 1526 1023 1580 de
1052 1526 1150 1597 aliquo
1175 1531 1292 1598 gustare
1333 1527 1431 1582 statim
1469 1528 1654 1583 evomuisset.
1683 1530 1757 1584 Cum
1772 1546 1840 1585 vero

87 1628 136 1678 tuo
151 1621 337 1675 condonaret.
350 1617 433 1683 Quod
446 1618 545 1689 quiaa
570 1618 628 1671 Deo
653 1616 776 1687 sumpsit
805 1615 933 1679 initium,
954 1612 1046 1722 Bsibi
1058 1612 1176 1667 omnino
1189 1612 1251 1668 siue
1271 1613 1357 1668 celeri
1379 1614 1489 1669 vomitu
1516 1615 1589 1670 nihil
1608 1630 1693 1686 posse
1721 1621 1841 1688 gustare

87 1710 123 1763 ab
139 1708 299 1780 ipsoetiam
314 1705 471 1760 terminum
487 1704 592 1759 habere
607 1703 804 1758 felicissimum
817 1703 932 1758 meruit.
990 1700 1106 1756 credula
1126 1700 1288 1769 exstitisset,
1306 1702 1417 1774 rogavit
1430 1702 1597 1774 praedictam
1624 1704 1675 1760 Dei
1699 1703 1839 1761 famulam

86 1800 170 1851 Auno
185 1796 274 1867 igitur
288 1794 324 1849 ab
339 1793 541 1849 iucarnatione
558 1791 673 1847 Domini
695 1791 934 1865 octingentesimo
989 1788 1167 1843 'fhiedildem
1181 1789 1293 1844 utnihil
1310 1789 1404 1845 vitalis
1427 1790 1563 1862 stipendii
1584 1791 1628 1846 illi
1642 1791 1836 1864 impenderet,

87 1885 276 1956 nonagesimo
291 1883 387 1951 tertio,
404 1887 541 1954 regnante
556 1882 717 1953 arnulpho,
743 1886 876 1952 apertum
892 1886 936 1937 est
990 1892 1056 1931 cum
1071 1893 1156 1932 omne
1171 1879 1248 1948 quod
1262 1878 1445 1948 impenderet
1464 1879 1646 1951 perdidisset.
1667 1883 1746 1937 Tunc
1775 1899 1833 1937 rem

87 1975 251 2046 sepulcrum
279 1973 440 2043 Walburgae
466 1969 638 2025 beatissime
663 1970 791 2042 virginis,
817 1970 848 2024 iu
876 1987 934 2042 quo
991 1965 1122 2021 assecuto
1142 1965 1301 2022 inauditam
1317 1968 1484 2039 stupefacta,
1500 1968 1594 2024 ullum
1613 1969 1836 2042 quippecorpus

88 2068 216 2134 tempore
233 2060 342 2133 Otgarii
355 2058 482 2130 episcopi
501 2058 595 2113 fuerat
619 2059 766 2126 collocata,
789 2062 875 2130 atquc
898 2059 934 2115 ob
990 2070 1073 2126 posse
1089 2054 1196 2126 absque
1218 2055 1356 2110 alimento
1385 2057 1485 2111 tandiu
1508 2057 1614 2127 vivere,
1637 2059 1713 2130 quod
1739 2059 1775 2113 dc
1798 2075 1831 2112 ea

88 2152 267 2223 sepulturam
287 2149 323 2203 ab
352 2147 453 2203 eodem
475 2147 609 2218 episcopo
628 2148 726 2202 minus
752 2151 935 2218 procuratam
989 2147 1097 2215 ageret,
1124 2142 1211 2198 nimis
1239 2144 1387 2199 aestuabat.
1414 2146 1541 2201 Tandem
1559 2146 1594 2201 ad
1614 2147 1730 2201 alteram
1752 2147 1830 2200 iltius

87 2238 249 2304 invisione,
266 2240 298 2291 ut
309 2231 585 2305 jam'praescriptum
613 2238 666 2299 est,
695 2232 820 2288 multum
840 2238 935 2289 auste·
990 2231 1158 2287 monasterii
1172 2233 1320 2288 ecclesiam
1332 2233 1373 2288 ibi
1387 2250 1475 2306 prope
1488 2233 1612 2305 positam
1632 2250 1695 2290 eam
1716 2235 1833 2303 direxit,

87 2328 158 2383 riter
171 2325 384 2397 increpabatur.
990 2321 1196 2377 commendans
1211 2337 1273 2376 eam
1294 2321 1407 2377 cuidam
1432 2338 1467 2377 ex
1489 2323 1669 2379 consortibus
1681 2323 1752 2394 ejus,
1770 2340 1835 2395 qna.

124 2421 150 2470 7.
164 2414 219 2486 (53)
244 2411 373 2483 Contigit
395 2409 566 2465 miraculum
583 2426 599 2464 a
631 2410 734 2466 saeculo
760 2410 934 2478 inauditum,
989 2410 1097 2465 ibidem
1111 2411 1291 2480 procuratrix
1306 2411 1461 2487 constituta
1474 2416 1545 2467 erat.
1561 2410 1652 2476 Quam
1676 2413 1835 2484 suscipiens

88 2502 295 2574 multiplicibus
306 2506 392 2572 atque
404 2499 645 2554 manifestissimis
664 2503 844 2570 compertum
858 2499 936 2554 testi·
990 2498 1152 2554 cumomni
1169 2498 1320 2570 diligentia
1344 2500 1515 2566 observavit,
1542 2516 1646 2572 sexque
1676 2501 1835 2556 hebdoma-

89 2591 203 2647 moniis.
220 2590 357 2656 Quaedam
369 2588 518 2660 cujusdam
535 2587 653 2643 familias
676 2588 788 2654 ancilla,
818 2587 935 2642 nomine
991 2587 1215 2644 disferesecum
1235 2587 1372 2649 detinuit:
1394 2588 1545 2660 inquibus
1568 2605 1631 2644 eam
1656 2589 1728 2644 nihil
1754 2606 1837 2644 man-

87 2682 141 2754 (54)
156 2679 333 2746 Fritherada,
350 2679 419 2734 dum
432 2677 601 2733 familiarius
616 2677 724 2732 caeteris
747 2677 778 2732 in
798 2676 935 2748 obsequio
991 2676 1108 2732 ducasse
1119 2676 1161 2731 rel
1170 2676 1275 2731 bibisse
1293 2676 1483 2731 certissimum
1499 2677 1562 2733 fuit.

88 2771 133 2826 sui
149 2770 258 2826 domiui
272 2783 388 2840 suasque
404 2767 502 2822 uxoris
515 2766 626 2822 assidue
648 2766 841 2833 ancillaretur,
857 2765 935 2821 subi·
1027 2767 1053 2820 9.
1069 2764 1177 2830 Quibus
1191 2764 1320 2834 expletis,
1340 2764 1419 2820 venit
1441 2765 1561 2836 prefata
1586 2765 1743 2822 'l'hiedildis
1762 2767 1837 2822 hanc

88 2864 181 2916 taneae
193 2856 373 2929 egritudinis
389 2855 520 2912 molestia
535 2856 707 2927 carpebatur
722 2872 729 2910 ε
747 2854 776 2910 11
796 2856 936 2927 quadum
991 2852 1116 2921 visitare,
1145 2853 1221 2924 quod
1248 2852 1355 2908 factum
1375 2853 1475 2909 fuisset
1502 2854 1654 2926 comperit.
1679 2856 1758 2911 Tunc
1787 2856 1836 2910 liei

88 2946 290 3004 miserabiliter
302 2946 390 3001 biduo
417 2949 577 3011 vexaretur,
601 2943 748 3016 paulisper
775 2944 934 3011 convaluit;
955 2941 1095 3005 crucilia
1109 2941 1396 2997 ‘fhiedildisdircrsis
1418 2942 1506 2998 modis
1532 2949 1561 2998 et
1580 2943 1732 2999 blanditiis
1754 2944 1836 3014 cepit

88 3038 137 3094 sed
165 3041 246 3092 tanta
272 3035 377 3091 deinde
406 3032 545 3089 succrevit
570 3032 624 3087 sibi
652 3031 804 3103 ingluvies,
832 3036 937 3087 utnon
992 3045 1057 3084 eam
1069 3029 1225 3099 exhortari,
1240 3029 1338 3085 dicens
1354 3046 1361 3085 :
1375 3051 1389 3081 «
1402 3029 1476 3098 Noli,
1499 3029 1666 3086 charissima
1690 3032 1762 3099 filia,
1778 3032 1835 3087 noli

88 3125 210 3182 saturari
227 3125 382 3190 ullatenus,
397 3121 445 3176 sed
462 3121 506 3175 vix
530 3121 684 3175 refocillari
712 3120 863 3191 potuisset.
884 3119 937 3175 Cui
992 3115 1160 3187 hujusmodi
1182 3116 1374 3172 obstinatione
1389 3122 1418 3172 te
1441 3117 1584 3184 seducere,
1606 3118 1656 3174 sed
1684 3119 1782 3190 potius
1801 3119 1833 3173 ad

89 3216 157 3270 dum
173 3212 329 3286 plurimam
342 3211 403 3280 ejus
417 3209 575 3280 propinqui
592 3209 682 3262 victus
701 3209 812 3278 copiam
836 3206 937 3277 impri·
992 3208 1118 3259 mentem
1142 3207 1268 3261 accelera
1289 3206 1393 3273 redire,
1418 3210 1446 3262 et
1461 3206 1606 3261 alimoniae
1627 3207 1750 3279 aliquid,
1776 3207 1834 3262 tibi·

90 3304 144 3358 mis
160 3301 418 3365 administrassent,
436 3296 543 3367 illaque
561 3296 596 3350 de
619 3296 664 3350 die
679 3296 709 3350 in
736 3296 813 3351 diem
830 3296 939 3366 majora
992 3292 1108 3363 metipsi
1122 3295 1284 3362 cousulens,
1300 3295 1434 3366 percipe;
1450 3295 1474 3350 si
1492 3311 1560 3351 reru
1578 3296 1710 3367 quolibet
1733 3296 1833 3351 falleris

89 3406 204 3461 semper
214 3387 342 3443 subsidia
360 3385 584 3457 concupisceret,
608 3383 677 3456 quid
699 3384 734 3438 de
751 3400 784 3438 ea
811 3384 939 3439 facerent
991 3380 1200 3452 phantasmate,
1223 3383 1311 3439 fatere
1330 3383 1400 3452 filia,
1416 3389 1446 3440 et
1465 3385 1524 3440 noli
1547 3385 1735 3454 erubescere3
1755 3385 1832 3441 credo

90 3479 210 3536 sollicite
226 3481 347 3533 tractare
370 3477 528 3548 coeperuut.
555 3473 689 3528 Nondum
718 3472 796 3527 enirn
825 3472 938 3527 incessu
992 3472 1171 3541 procertosi
1187 3471 1299 3542 feceris,
1315 3473 1392 3544 quod
1408 3489 1474 3528 mox
1493 3473 1617 3529 dominae
1643 3478 1754 3529 nostre
1777 3488 1834 3546 pre·

88 3568 246 3632 fruebatur,
272 3565 321 3620 scd
344 3563 503 3619 scabellulis
532 3560 669 3617 flebiliter
693 3561 835 3631 reptabat.
860 3560 939 3615 ‘func
992 3557 1072 3612 cibus
1087 3558 1240 3630 adjuveris.
1254 3560 1414 3616 llisauditis
1424 3562 1461 3617 ob
1473 3558 1593 3616 nimiam
1605 3561 1833 3633 objurgationem

89 3674 140 3714 suo
155 3670 331 3726 suorumque
355 3653 476 3708 consilio
491 3656 656 3722 parentum,
681 3649 828 3705 dominam
843 3649 937 3719 petiit,
993 3647 1173 3715 erubescens,
1185 3648 1240 3719 (57)
1254 3654 1352 3705 coacta
1365 3650 1494 3705 tentabat
1505 3649 1614 3722 aliquid
1637 3657 1768 3722 gustare,
1788 3667 1834 3706 uec

89 3753 121 3803 ut
135 3745 262 3820 prefata
275 3741 394 3814 virginis
414 3741 572 3796 oratorium
588 3739 666 3795 adire
691 3742 860 3794 mereretur.
877 3736 938 3802 Quo
992 3740 1112 3807 poterat.
1142 3736 1197 3792 Sed
1221 3753 1257 3792 ne
1285 3737 1460 3794 exhortantis
1488 3739 1538 3794 Dei
1568 3739 1680 3793 ancillae
1715 3739 1834 3794 suasoria

89 3835 240 3909 permisso,
251 3830 443 3888 dumreniens
456 3826 786 3898 instantersupplicaret‚
798 3825 844 3881 die
852 3826 937 3880 tertio
992 3824 1078 3879 rerba
1093 3830 1277 3881 contemnere
1296 3826 1452 3894 videretur,
1468 3827 1552 3898 petiit
1565 3827 1619 3881 sibi
1645 3827 1682 3883 de
1707 3827 1835 3884 deteriori

89 3925 227 3981 debilium
243 3921 352 3993 pedum
367 3919 469 3991 adepta
484 3921 526 3972 est
538 3916 700 3971 sanitatem.
722 3914 803 3980 Quod
818 3913 938 3969 audiens
993 3913 1083 3968 sicera
1109 3914 1268 3985 porrigere.
1294 3915 1332 3970 Ex
1360 3931 1417 3986 qua
1441 3916 1509 3971 dum
1534 3917 1740 3988 permodicum
1754 3918 1835 3973 inrita

90 4013 235 4085 predictae
250 4010 366 4066 familiae
380 4005 662 4072 dominusridelicet,
674 4005 793 4076 ejusque
809 4003 940 4070 domina,
992 4001 1179 4072 degustasset,
1196 4019 1263 4057 mox
1285 4019 1337 4074 per
1349 4019 1434 4060 nares
1449 4009 1477 4060 et
1494 4020 1545 4076 per
1564 4006 1663 4061 oculos
1683 4006 1714 4061 id
1729 4021 1833 4078 parum,

90 4101 176 4158 nimis
191 4087 595 4172 gaudeutcsacceleraverunt
610 4092 847 4163 illucpervenire,
863 4104 939 4145 eam·-
993 4090 1069 4162 quod
1085 4089 1254 4162 degustavit,
1265 4092 1372 4163 erupit,
1386 4093 1428 4148 ita
1442 4096 1475 4147 ut
1489 4109 1555 4148 mox
1570 4110 1645 4148 caeca
1667 4094 1834 4150 efficeretur.

90 4191 213 4262 demque
224 4187 358 4243 ancillam
374 4185 402 4241 S.
418 4183 581 4254 walburga.
597 4181 626 4236 in
646 4181 852 4254 proprietatem
879 4180 937 4235 ibi·
992 4180 1071 4234 'lunc
1096 4180 1132 4234 ad
1157 4181 1364 4236 monasterium
1397 4182 1514 4237 reducta
1538 4198 1596 4237 non
1626 4185 1837 4254 postmultum

90 4282 155 4335 clem
168 4277 277 4349 jugiter
292 4275 328 4330 ad
342 4271 526 4329 serviendum
539 4270 689 4326 dederunt.
718 4269 772 4325 Sed
792 4269 937 4323 abbatissa
992 4269 1129 4340 temporis
1141 4269 1235 4323 visum
1249 4270 1442 4341 recuperavit;
1458 4271 1507 4326 sed
1522 4271 1553 4326 in
1569 4271 1682 4337 eadem,
1694 4290 1752 4345 qua
1762 4274 1838 4344 prius

89 4368 209 4439 prefata
222 4363 332 4420 Liubita
351 4362 405 4416 hoc
419 4360 521 4424 tenuit,
538 4358 637 4429 ibique
665 4357 744 4412 illam
768 4357 938 4429 aliquandiu
991 4357 1100 4413 cunctis
1128 4357 1308 4430 obstupenda
1328 4358 1509 4414 detinebatur
1524 4360 1713 4430 abstinentia,
1737 4363 1838 4434 perdu-

90 4469 208 4509 manere
227 4451 407 4523 permittens,
422 4451 609 4520 postgpaucos
634 4445 694 4501 dies
721 4446 845 4501 dominis
877 4446 937 4500 suis
991 4445 1074 4501 ravit.
1095 4447 1225 4518 Cumque
1241 4447 1379 4518 praedicta
1399 4448 1616 4504 materfamilias
1643 4454 1765 4522 totaque
1790 4453 1837 4507 illa

89 4541 265 4597 ineolumem
281 4537 401 4593 remisit.
991 4534 1129 4605 puellaris
1139 4536 1323 4607 congregatio
1336 4536 1372 4591 de
1383 4536 1549 4608 hujusmodi
1563 4539 1696 4594 inaudita
1710 4556 1838 4613 unquam

125 4634 151 4687 8.
178 4630 232 4686 Sed
257 4644 323 4684 mox
352 4631 385 4681 ut
408 4640 540 4697 regressa
568 4626 621 4691 est,
650 4621 771 4695 pristino
798 4622 937 4693 languore
991 4638 1076 4678 causa
1090 4623 1177 4679 nimis
1191 4624 1433 4695 obstupescerent,
1448 4625 1521 4681 inito
1535 4625 1665 4695 consilio,
1684 4629 1837 4699 presulem

89 4725 220 4791 correpta
241 4724 293 4774 est.
322 4717 427 4772 Videas
455 4718 550 4770 autem
575 4710 713 4785 praedicta
739 4710 857 4767 domina
879 4727 937 4766 non
990 4712 1197 4781 venerandum,
1227 4713 1264 4769 ad
1288 4713 1371 4785 cujus
1394 4714 1540 4770 diaecesim
1574 4714 1603 4771 id
1629 4718 1838 4773 monasterium

91 4812 198 4867 bonum
212 4807 365 4864 consilium
378 4805 476 4872 fuisse,
496 4802 575 4875 quod
594 4801 653 4856 ullo
677 4800 763 4856 modo
788 4816 805 4855 a
832 4815 937 4854 mona·
991 4800 1208 4871 subjiciebatur,
1223 4800 1374 4870 adierunt;
1387 4817 1507 4873 remque
1519 4818 1572 4874 per
1586 4803 1722 4860 ordinem
1737 4803 1773 4861 ab
1786 4803 1838 4859 iui-

88 4899 176 4956 sterio
193 4902 258 4970 post
271 4895 422 4951 sanitatem
437 4892 637 4956 abduceretur,
666 4905 732 4945 curn
753 4887 937 4945 festinatione
991 4887 1031 4942 tio
1045 4894 1156 4957 gestam
1171 4893 1370 4959 narraverunt,
1386 4890 1463 4961 quod
1483 4891 1544 4962 ejus
1569 4891 1736 4962 prudentie
1757 4905 1839 4964 super

90 5005 153 5045 eam
167 4988 307 5043 reducens
323 4982 448 5040 ecclesia
463 4980 493 5035 in
521 4978 671 5051 proprium
701 4977 819 5033 tradidit
846 4976 939 5032 famu·
991 4976 1047 5031 hoc
1075 4977 1238 5033 incredibili
1262 4978 1344 5051 signo
1370 4978 1516 5035 rideretur
1537 4996 1598 5035 esse
1617 4979 1840 5036 discernendum

91 5079 190 5146 latum,
228 5074 383 5145 statimque
410 5070 570 5137 conualuit3
594 5067 643 5124 sad
680 5067 735 5139 (55)
761 5066 938 5122 intolerabili
992 5069 1022 5120 et
1036 5066 1229 5121 statuendum.
1249 5066 1300 5122 Ille
1330 5082 1397 5122 vero
1421 5067 1475 5122 hoc
1504 5068 1601 5124 audito
1624 5069 1840 5142 obstupescens,

90 5166 166 5236 gulae
180 5165 309 5238 appetitu
322 5162 504 5234 fatigabatur.
517 5157 573 5214 Sed
588 5157 656 5212 dum
674 5155 760 5211 nimis
773 5154 839 5210 iude
856 5154 937 5210 labo-
991 5153 1072 5209 nullo
1087 5154 1175 5210 modo
1187 5155 1332 5226 credulus,
1342 5156 1494 5212 verebatur
1504 5172 1541 5212 ne
1555 5156 1654 5229 aliqua
1662 5156 1843 5214 milleformis

126 5309 184 5379 (53)
212 5306 367 5381 Sequentia
395 5302 534 5358 miracula
569 5316 604 5355 ex
627 5295 793 5354 Wolfhardo
820 5297 935 5352 selecta.
1028 5295 1265 5366 (55)Α1111111111
1279 5312 1334 5354 ms.
1350 5300 1469 5353 Antaer.
1485 5298 1603 5366 11111111
1616 5297 1724 5354 diebus.

89 5378 171 5445 Quod
186 5377 326 5447 primum,
339 5380 473 5431 narratur
492 5373 528 5428 ab
547 5387 581 5427 eo
596 5372 616 5426 1.
631 5386 672 5436 u..
698 5384 723 5422 c.
754 5370 781 5433 3,
815 5368 938 5438 contigit
1028 5366 1083 5438 (56)
1093 5367 1167 5422 Aliis
1180 5368 1330 5438 1111111111,
1340 5367 1489 5438 1111111111,
1503 5368 1660 5437 immundo,
1670 5369 1792 5427 11111111.

90 5467 137 5505 an.
151 5452 213 5519 895,
229 5448 346 5503 biennio
361 5452 424 5517 post
437 5443 567 5516 corporis
581 5439 810 5497 translationem.
1028 5439 1084 5504 (57)
1099 5440 1128 5493 ln
1148 5454 1216 5495 mss.
1234 5441 1302 5494 Ant.
1322 5444 1351 5495 et
1364 5439 1392 5495 S.
1413 5439 1485 5495 lux.
1505 5438 1674 5505 addebatur,
1691 5441 1808 5496 11111111.

125 5520 181 5593 (51)
196 5521 258 5585 lla..
272 5520 352 5585 Ant,
364 5515 538 5572 Fricberada.
554 5513 631 5580 Suu,
647 5509 812 5567 Frideroda.
