3878 6112
792 281 890 339 ACTA.
1682 288 1717 345 ld

82 410 118 463 Α.
136 406 290 462 S.flenrici
308 409 398 463 Vitam
417 405 536 475 edendi;
552 406 630 479 quod
649 407 929 477 curllomtertjem
957 407 1025 463 setis
1050 407 1189 476 diximus3
1217 407 1391 479 adjiciuntur
1409 413 1438 463 et
1465 410 1529 464 aliae
1557 410 1715 473 facultates,

82 510 142 552 non
158 495 254 564 fuerit,
269 497 398 551 divinare
412 513 470 552 non
487 497 582 552 lubet:
599 497 730 569 pluribus
744 514 811 552 vero
867 512 971 569 nempe
986 498 1069 554 hdm.
1087 497 1119 553 il.
1137 498 1167 554 P.
1181 497 1213 552 N.
1232 499 1312 553 htutii
1328 498 1480 553 Vitellescii
1495 499 1646 570 Praepositi
1660 499 1714 555 Ge·

70 599 92 640 u
106 585 142 640 ad
158 600 220 640 rem
234 601 320 657 quam
334 601 393 656 pree
412 584 702 653 nranibushabemus,
716 602 811 657 operae
866 586 983 653 neralis,
997 586 1063 642 data
1082 587 1228 642 Romaexrr
1243 586 1417 658 Septembris
1433 602 1470 641 an
1493 587 1570 655 thil,
1594 594 1657 643 turn
1680 589 1713 643 R.

70 687 162 727 anon
179 689 250 740 esse,
265 674 346 728 facile
361 673 454 744 quivis
470 672 614 744 intelligit.
867 674 895 728 Ρ.
910 675 1054 730 Laurentii
1079 675 1203 747 Keppler
1229 674 1384 746 superioris
1412 675 1573 731 Germanice
1597 676 1715 732 Provin-

70 761 170 831 ltaque
195 760 225 815 id
239 762 388 831 explorare
410 761 501 827 licuit,
527 761 675 816 miseritus
694 762 756 833 ipse
780 761 811 816 in
865 762 954 830 cialis,
979 763 1045 819 data
1068 762 1197 818 Monachi
1213 779 1279 818 xvur
1296 763 1442 818 Februarii
1460 765 1537 819 sets.
1565 765 1605 819 Eu
1630 766 1715 820 moda

70 847 143 903 niam
156 864 209 902 ms.
224 849 447 919 autographum,
464 850 810 920 suppressosuouomine‚
865 850 991 921 capitum
1006 851 1148 908 ordinem.
1173 850 1270 907 Primo
1287 851 1383 923 itaque
1400 853 1582 923 exponitur«
1601 853 1619 905 S
1639 855 1714 910 lien·

70 936 158 992 ndum
185 953 221 990 an
244 936 361 991 aliunde
375 936 500 992 editores
527 938 699 1009 acceperint,
720 938 812 992 nulla·
865 939 918 994 rici
930 939 1120 1010 patria‚ortus
1130 939 1331 996 etedueatia.»
1344 942 1409 995 llaec
1419 940 1511 997 adnos
1522 946 1711 1012 nonspectat;

70 1040 93 1080 tu
109 1041 239 1079 easnseu
263 1025 370 1092 studio,
395 1026 469 1079 facta
484 1025 630 1098 scriptoris
652 1026 809 1092 mentione,
865 1025 1098 1083 dealiisdictum
1119 1032 1162 1083 est
1180 1028 1257 1083 satis.
1283 1029 1433 1101 Singulare
1463 1035 1544 1085 notet
1570 1031 1711 1096 Inchofer,

70 1111 118 1168 int
132 1116 193 1184 ipse
208 1113 448 1185 nominecollegii
459 1114 810 1185 Dilinganilllustrissimo
863 1116 942 1187 quod
968 1120 1053 1171 natus
1081 1117 1117 1171 sit
1144 1116 1264 1172 Sanctus
1291 1134 1338 1172 an.
1366 1134 1485 1184 cnnrxu,
1508 1119 1554 1173 die
1582 1135 1607 1173 ar
1634 1119 1712 1185 ldaii,

70 1202 252 1256 usedissimo
266 1202 411 1257 llelchiori
427 1201 533 1270 Ottoni,
551 1203 709 1274 imperialis
723 1204 810 1258 ecete-
866 1222 880 1250 n
895 1201 966 1259 feria
980 1203 1115 1258 secunda.
1133 1203 1233 1259 »Satis
1248 1204 1425 1270 minutatim,
1453 1211 1481 1260 et
1502 1207 1570 1260 satis
1599 1212 1712 1264 exacte:

70 1288 245 1361 nbergeusis
258 1291 392 1362 episcopo
406 1291 433 1346 S.
449 1291 486 1347 ll.
502 1292 523 1346 l.
541 1291 674 1363 principi,
687 1293 809 1347 cuivere
862 1290 972 1345 etenim
988 1306 1064 1346 anno
1078 1294 1142 1359 972,
1157 1296 1289 1347 currente
1301 1293 1397 1348 littera
1412 1292 1619 1361 DominicaliF,
1633 1301 1712 1350 serta

70 1376 265 1433 rinseribitur.
298 1380 457 1451 Utcumque
481 1379 510 1434 id
534 1379 678 1448 acciderit,
707 1380 808 1437 eodem
863 1375 923 1432 dies
939 1377 1004 1433 tiaii
1020 1378 1119 1434 incidit
1133 1379 1196 1435 in·
1225 1380 1326 1436 leriam
1345 1382 1509 1436 secundam.
1526 1405 1540 1432 υ
1558 1383 1711 1438 Verumde

70 1482 107 1521 uo
138 1468 216 1535 tete,
243 1467 621 1523 hlcdiolauiviaereauctor
649 1469 735 1524 desiit
762 1470 808 1525 die
863 1465 1005 1537 scrupulis
1016 1466 1077 1522 istis
1088 1469 1352 1540 nobislitigandum
1368 1485 1426 1524 non
1442 1474 1504 1524 est:
1527 1483 1561 1524 eo
1582 1469 1625 1523 vel
1652 1469 1710 1524 alio

70 1556 243 1627 teptembris.
256 1557 286 1612 ld
303 1557 402 1621 miror,
419 1557 547 1612 intertot
562 1558 617 1611 alia
631 1558 693 1626 ejus
709 1575 806 1628 opera,
861 1554 908 1609 die
927 1556 1116 1623 natusfuerit,
1130 1559 1166 1612 ad
1182 1557 1325 1613 intentum
1339 1563 1472 1613 nostrum
1488 1572 1591 1629 parum
1613 1556 1710 1623 refert,

70 1644 85 1699 el
98 1645 152 1698 snb
167 1644 269 1699 alienis
298 1645 465 1700 nominibus
484 1646 628 1716 prodiere,
643 1647 697 1712 vel,
722 1647 758 1701 ab
773 1662 808 1700 eo
828 1643 912 1742 Bqui
933 1647 1085 1716 Anonymo
1100 1646 1270 1702 illustrando
1285 1646 1409 1702 maxime
1428 1645 1598 1706 insistimus.
1612 1644 1642 1698 in
1653 1660 1711 1716 qua

70 1738 163 1805 parata
177 1733 322 1799 dicuutur,
337 1734 391 1788 hoc
408 1734 442 1788 de
458 1735 485 1789 S.
504 1733 628 1788 ilenrico
654 1735 685 1788 in
702 1734 807 1789 Biblio·
863 1736 949 1802 atque
963 1732 994 1787 in
1008 1733 1165 1789 Adelboldo
1180 1736 1312 1806 Legenda
1333 1734 1503 1790 henriciana
1526 1751 1583 1789 non
1603 1749 1621 1788 a
1644 1733 1710 1788 ritae

70 1822 398 1892 tostmproetermissnm
417 1837 499 1876 esse:
522 1838 559 1875 an
580 1822 700 1893 quodid
724 1823 807 1893 igno·
862 1820 1039 1892 sedaregni
1064 1822 1228 1893 primordiis
1255 1823 1343 1878 sumit
1357 1822 1521 1888 exordium;
1553 1821 1630 1876 unde
1659 1836 1712 1875 nec

71 1911 261 1976 tAllegambe
286 1915 315 1964 et
328 1910 493 1965 Sothnellus
507 1926 545 1964 an
570 1909 648 1981 quod
663 1911 807 1982 oppellam
862 1909 897 1963 ad
917 1910 1125 1980 uespertinent
1137 1911 1400 1983 sequentiacapite,
1414 1926 1538 1982 quorum
1549 1909 1648 1964 titulos
1664 1910 1711 1964 hic

70 2013 117 2052 ion
150 1998 282 2063 fecerint,
320 1998 383 2052 aliis
416 1997 636 2070 disquirendum
662 2000 805 2071 relinquo.
861 1997 1197 2068 exponeresatisfuerit.
1228 2020 1243 2048 ι(
1271 2001 1339 2071 Cap.
1363 2015 1392 2054 ιι.
1418 1999 1610 2063 henricusii·
1628 2003 1711 2068 petre

70 2085 141 2140 min
170 2090 231 2140 toto
257 2103 290 2140 eo
311 2086 451 2157 opusculo
466 2086 538 2141 nihil
555 2087 649 2158 reperi
678 2103 806 2159 prorsus,
861 2085 997 2155 regimini
1012 2087 1154 2155 admetus,
1170 2088 1244 2143 mira
1258 2087 1411 2159 prudentia
1426 2087 1573 2158 etpietate
1588 2102 1649 2141 rem
1665 2088 1711 2142 ad·

70 2189 124 2228 rea
149 2175 366 2246 jamerpensis,
391 2175 519 2238 dicussis,
535 2180 633 2247 etqua
646 2176 806 2247 potuitve·
861 2173 1014 2232 ministrat.
1042 2176 1164 2248 Capru.
1189 2177 1336 2243 ilenricus,
1364 2175 1656 2248 exlvotoparentnm
1680 2191 1710 2229 se

70 2261 312 2317 tudinedetinitis
341 2263 485 2317 tantillum
499 2263 632 2317 recedere
650 2265 807 2335 compelle·
860 2263 995 2334 conjugio
1011 2263 1182 2335 astringens,
1213 2264 1407 2336 virginitatem
1421 2267 1524 2318 serrat.
1551 2285 1561 2312 ι
1591 2265 1631 2318 [te
1656 2258 1710 2317 liae

70 2352 228 2407 csentireiu
253 2352 398 2424 aliquibus
424 2353 501 2409 haud
523 2353 657 2421 diffiteor,
688 2360 732 2408 ast
745 2355 807 2425 ejus
861 2366 912 2406 suo
936 2352 998 2406 loco
1026 2352 1150 2408 abunde.
1186 2374 1199 2400 e
1223 2353 1290 2424 Cap.
1311 2369 1348 2407 ιν.
1376 2352 1473 2407 Sancti
1503 2350 1666 2422 wolfgangi
1681 2356 1711 2407 et

70 2439 159 2496 ¹nihil
173 2441 359 2496 tribuendum
376 2442 485 2508 censui,
513 2441 566 2496 nisi
582 2458 733 2514 quousque
755 2459 806 2497 en·
859 2440 964 2495 deinde
979 2441 1092 2495 ilenrici
1107 2441 1228 2495 senioris
1242 2441 1347 2505 obitus,
1356 2440 1540 2512 juniorisque
1555 2439 1706 2506 successio,

70 2542 104 2584 tra
126 2517 299 2601 scriptorum
315 2530 485 2585 arictoritate
497 2533 639 2586 nituntur.
663 2532 735 2586 Cum
748 2531 804 2602 igi·
860 2533 889 2583 et
903 2527 982 2600 pacis
991 2528 1130 2586 studium.
1147 2549 1160 2581 s

70 2617 100 2672 iis
125 2618 194 2672 solis
214 2621 310 2673 nostra
335 2616 611 2689 deprompserimus,
640 2633 697 2673 non
721 2618 804 2673 video
896 2618 940 2671 69.
958 2616 1064 2687 Capitis
1078 2617 1172 2688 quinti
1185 2621 1282 2689 partes
1297 2617 1379 2672 binas
1402 2616 1611 2685 facit,alteram
1631 2617 1708 2689 qued

70 2704 111 2776 ins
139 2705 245 2776 placite
274 2706 309 2760 ad
338 2705 512 2762 dirimendas
539 2706 607 2761 hinc
637 2713 805 2761 coutrover-
863 2704 1092 2760 «henricusaS.
1110 2705 1262 2761 Benedicta
1285 2707 1476 2777 reprehensus
1495 2706 1573 2770 sits
1600 2706 1709 2777 deque

70 2809 209 2866 rgnepere
234 2794 406 2850 conducant.
433 2795 472 2848 En
495 2794 627 2866 opusculi
645 2795 734 2850 totius
760 2794 804 2849 in·
860 2807 891 2846 re
905 2794 1073 2863 anonymus
1086 2808 1228 2864 nusquam
1251 2793 1399 2860 meminit;
1415 2809 1511 2866 neque
1539 2793 1584 2849 hic
1611 2800 1709 2850 noster

70 2882 157 2955 ⁸quid
182 2883 347 2938 lncbofcrus
362 2883 494 2953 voluerit,
520 2899 646 2954 pronum
668 2882 723 2938 erit
738 2899 803 2955 per·
860 2885 1006 2935 auctorem
1035 2881 1113 2946 citat,
1156 2881 1231 2937 unde
1272 2882 1423 2954 acceperit,
1455 2881 1538 2954 quasi
1569 2887 1639 2936 nota
1670 2882 1708 2938 sit

72 3010 79 3024 .
822 2966 842 3020 C
861 2969 980 3025 historia
994 2969 1023 3024 in
1047 2969 1150 3024 Leonis
1173 2969 1311 3025 Ostiensis
1331 2968 1485 3040 Chronico,
1511 2968 1561 3024 lib.
1586 2984 1615 3033 n,
1643 2984 1706 3039 cap.

70 3058 405 3130 dpraeoculishabuisse
424 3059 548 3127 videtur,
564 3075 623 3114 nen
642 3059 804 3116 uthistori-
860 3060 904 3113 ts.
944 3059 976 3113 la
1005 3057 1095 3112 altera
1134 3057 1265 3113 dissentit
1303 3057 1434 3113 inchofer
1471 3057 1506 3112 ab
1546 3060 1708 3128 anonyme,

70 3147 321 3218 chronologicum
346 3148 410 3203 vitae
425 3153 452 3204 et
467 3155 615 3219 gestorum
640 3154 804 3205 confertum
860 3145 910 3218 qui
924 3145 1037 3201 celebre
1051 3146 1142 3200 sancti
1156 3145 1319 3218 Wolfgangi
1333 3145 1500 3201 vaticinium
1518 3167 1531 3194 s
1561 3161 1627 3201 rosa
1659 3163 1708 3201 sar

70 3239 146 3301 ieret,
158 3236 207 3291 sed
219 3251 328 3291 meram
339 3236 510 3308 tegendam,
526 3236 687 3308 cujusmodi
701 3239 806 3293 multas
860 3235 887 3289 S.
906 3232 1027 3288 ilenrico
1044 3255 1054 3281 ι
1069 3234 1129 3305 jam
1146 3235 1207 3305 regi
1222 3228 1387 3289 intimatum
1402 3233 1510 3300 scribit,
1532 3238 1619 3306 atque
1633 3234 1706 3289 adeo

70 3323 111 3380 uis
123 3324 200 3380 hisee
214 3325 326 3379 seculis
340 3326 491 3380 adornatas
506 3325 646 3392 videmus,
663 3342 734 3398 quas
748 3320 807 3381 non
862 3322 967 3378 diserte
982 3323 1106 3395 applicat
1133 3322 1269 3378 Romanu
1293 3323 1501 3393 Imperatorem
1516 3322 1706 3389 coronationi,

70 3429 118 3469 rue
132 3413 237 3469 dixeris
251 3414 287 3468 ad
303 3414 483 3469 sanctitatem
498 3413 688 3469 Christianam
715 3430 805 3486 paroe·
862 3410 1026 3483 utproinde
1041 3411 1253 3466 rcmaccidisse
1269 3416 1491 3482 oporteatanno
1510 3409 1623 3466 circiter
1639 3413 1706 3466 1007

73 3501 176 3575 quibus
192 3517 297 3573 nempe
311 3502 456 3574 virginum
477 3503 608 3574 exempla
633 3502 805 3574 virginibus,
861 3501 905 3555 vel
921 3501 1000 3562 tuoe.
1016 3499 1059 3554 uti
1073 3499 1159 3554 etiam
1175 3515 1226 3553 suo
1242 3499 1303 3553 loce
1329 3498 1463 3565 diximus,
1490 3499 1567 3554 haud
1589 3499 1708 3554 obscure

69 3600 179 3645 storum
194 3590 356 3661 conjugatis
378 3590 529 3645 viduarum
544 3589 646 3657 viduis,
663 3595 749 3662 atque
768 3591 807 3646 ita
861 3589 1092 3644 indicantesnon
1109 3587 1231 3642 multum
1255 3587 1367 3659 placare
1396 3588 1544 3642 oraculum
1564 3588 1708 3659 Anonymi

70 3692 143 3733 ›rnm
152 3678 287 3732 ordinum
299 3677 465 3732 hominibus
478 3678 610 3750 apposita
622 3678 808 3734 incitamenta
862 3677 946 3732 modo
957 3676 1129 3747 expositum.
1138 3675 1596 3748 Censetigitur,etlongerectius,
1609 3677 1708 3730 lucho·

70 3770 146 3834 ntur;
170 3767 211 3833 id,
231 3767 361 3838 inquam,
376 3783 436 3837 pras
460 3767 549 3822 oculis
576 3767 709 3822 habuisse
730 3768 806 3823 vide·
862 3766 913 3833 fer,
931 3764 986 3820 «S.
1002 3763 1124 3818 Henrico
1140 3762 1171 3817 in
1197 3763 1474 3818 ltaliamituracum
1491 3762 1605 3824 Ottone,
1633 3781 1709 3818 anne

79 3853 257 3926 principibus
272 3854 425 3909 Catholicis
439 3855 469 3908 in
486 3859 544 3910 tarn
565 3855 669 3909 illustri
691 3856 807 3927 speculo
862 3867 1090 3923 cuxcvrregnum
1113 3850 1285 3905 mirabiliter
1311 3867 1327 3905 a
1349 3851 1376 3905 S.
1408 3851 1579 3921 Wolfgango
1604 3852 1707 3922 praedi-

71 3958 132 3997 rnnr
151 3944 291 3997 rirtutum
307 3949 442 4012 urgentes
457 3943 589 3997 stimulos
600 3942 740 3998 floridiori
755 3959 808 4015 pe·
862 3945 951 3996 ctum.
971 3960 981 3987 ι
998 3937 1155 3993 Audiamus
1169 3938 1231 4008 ejus
1247 3937 1332 3991 verba
1350 3953 1418 4008 pag.
1431 3940 1465 3991 22
1487 3954 1493 3991 :
1510 3959 1523 3989 a
1540 3938 1595 4002 Qui
1609 3938 1648 4005 id,
1664 3938 1708 3992 in·

77 4030 298 4102 depingeretid
321 4031 641 4103 quodsatisdisertein
671 4032 732 4103 ipso
757 4049 808 4088 suo
864 4028 937 4101 quit,
952 4031 1018 4099 post
1031 4025 1168 4098 adeptum
1185 4041 1306 4097 regnum
1335 4026 1369 4081 ad
1386 4025 1541 4097 imperium
1569 4026 1708 4094 referunt,

70 4121 204 4191 exprimit,
216 4120 286 4175 dum
311 4120 338 4175 S.
356 4121 520 4185 ilenricum,
549 4125 582 4175 ut
607 4139 621 4174 a
652 4122 807 4193 religionis,
864 4134 921 4173 non
934 4115 1127 4182 considerant,
1147 4114 1218 4170 nibil
1238 4131 1311 4186 opus
1340 4114 1618 4185 fuisseconjectare;
1642 4114 1711 4186 quid

70 4208 132 4277 ttiae,
172 4208 359 4275 fortitudinis,
397 4208 583 4274 castimoniae,
635 4209 805 4272 clementiae,
825 4246 846 4300 ὓ
865 4208 942 4262 enim
957 4210 1061 4278 preater
1075 4221 1153 4277 spem
1173 4204 1283 4276 magni,
1302 4210 1438 4259 coronato
1451 4205 1511 4275 jam
1526 4203 1597 4275 Regi
1611 4209 1640 4259 ct
1654 4205 1712 4260 Cae·

70 4296 219 4351 sheroicis
246 4297 384 4367 exemplis
411 4296 593 4366 preclarum,
626 4296 808 4352 admirationi
865 4293 932 4356 sari,
947 4298 1006 4347 tarn
1017 4292 1145 4347 involute
1159 4291 1327 4362 imperitum
1342 4290 1535 4363 protendere?
1556 4293 1619 4362 lpse
1634 4291 1711 4346 diem

70 4384 159 4440 auant
175 4385 321 4456 proponit.
338 4406 348 4433 ι
368 4385 515 4440 Decaetero
530 4388 712 4456 anonymum
727 4383 757 4440 in
774 4402 808 4441 eo
862 4381 1032 4451 sumpsisset
1046 4380 1096 4452 qui
1110 4380 1296 4450 inauguraret
1310 4397 1317 4434 :
1331 4380 1380 4435 sed
1405 4380 1483 4435 enim
1500 4378 1578 4434 nulla
1591 4380 1711 4451 propin·

70 4473 206 4544 superarit
222 4472 366 4547 Inchofer,
394 4474 470 4543 quod
486 4473 580 4529 Sancti
605 4477 684 4544 geste
711 4473 742 4528 in
756 4473 808 4528 ali·
864 4485 921 4540 qua
935 4485 996 4540 spe,
1010 4483 1079 4540 rege
1093 4469 1294 4524 Ottoneadhuc
1310 4469 1377 4535 vita,
1393 4473 1476 4523 aetate
1488 4472 1517 4523 et
1528 4467 1643 4522 fortuna
1659 4467 1712 4522 flo-

79 4562 179 4616 saltem
202 4561 332 4615 ordinem
373 4559 532 4630 digesserit,
565 4576 630 4633 quas
658 4560 692 4614 ab
720 4559 808 4614 altera
864 4563 955 4623 rente,
972 4562 1001 4613 et
1018 4558 1069 4629 qni
1084 4557 1252 4628 propediem
1267 4558 1298 4611 in
1315 4557 1384 4613 urbe
1403 4559 1562 4628 Imperator
1575 4556 1714 4613 dicendus

70 4649 182 4704 confusa
202 4652 278 4704 sunt.
308 4650 449 4703 Praeterea
479 4665 544 4702 sero
575 4648 609 4703 ad
639 4648 809 4702 exactiorem
865 4651 935 4711 erat,
950 4661 1071 4717 regnum
1087 4643 1387 4716 llenricoproedicere,
1402 4645 1457 4699 nisi
1488 4645 1550 4716 ejus
1565 4645 1712 4716 nutu,qui

75 4736 251 4807 expenderit,
266 4751 331 4807 quae
358 4736 405 4790 ille
424 4750 632 4807 nonnunquam
647 4734 809 4789 nimiscre·
865 4741 994 4807 tempora
1017 4735 1047 4789 in
1072 4733 1204 4789 manibus
1217 4732 1362 4789 describit.
1382 4735 1569 4805 Wolfgangus
1584 4751 1643 4789 nen
1662 4749 1713 4805 po·

70 4824 283 4897 spopularibus
305 4822 509 4878 traditionibus
523 4839 581 4877 nou
603 4822 671 4876 satis
687 4828 752 4893 apte
767 4823 810 4876 di·
865 4825 930 4879 tuit.
950 4845 960 4872 s

71 4913 338 4986 ‚quemadmodum
360 4911 473 4966 anobis
489 4928 547 4966 non
561 4911 590 4964 in
604 4926 663 4964 uno
677 4911 740 4964 loco
758 4911 810 4965 ob·
901 4917 944 4967 70.
961 4914 1028 4975 Quas
1053 4911 1145 4981 capite
1169 4927 1196 4966 rr
1212 4915 1352 4966 memorat
1381 4912 1416 4966 de
1440 4911 1600 4965 Electorum
1625 4909 1715 4963 deter-

69 5017 110 5058 rm
136 5002 274 5057 invenies.
304 5002 334 5057 ld
353 5001 390 5055 ab
415 5000 545 5054 inchofer
560 4998 702 5065 desidero,
723 4999 809 5070 quod,
866 5000 982 5054 minatis
997 4999 1140 5070 suffragiis
1153 5000 1315 5072 adrogorio
1329 4999 1416 5055 Puv
1432 5003 1459 5053 et
1473 5001 1576 5053 ttttona
1586 4997 1624 5052 111
1639 5000 1716 5051 certa

70 5090 212 5162 eripiores
237 5090 392 5144 nonnullos
421 5088 501 5142 citari
528 5088 630 5142 solitus
652 5086 698 5153 sit,
723 5086 813 5141 multa
866 5090 928 5160 lege
946 5087 1177 5158 circumscriptis,
1194 5088 1294 5142 saltem
1321 5087 1351 5141 in
1379 5086 1407 5142 S.
1434 5083 1547 5140 ilenrici
1576 5084 1715 5139 electione

77 5182 185 5233 asserm
200 5193 274 5249 quas,
290 5193 327 5231 an
338 5177 406 5229 setis
420 5181 496 5230 certa
522 5174 579 5230 lide
595 5173 735 5240 nitantur,
753 5190 812 5228 non
868 5174 1013 5241 adhibitis,
1042 5174 1166 5229 fatemur
1193 5190 1244 5228 nos
1272 5190 1325 5245 pro
1348 5190 1382 5229 ea
1414 5178 1544 5243 tempore
1566 5172 1716 5228 admittere

70 5265 111 5321 ito
124 5265 247 5322 dubites.
272 5265 309 5319 Er
326 5263 422 5334 operis
436 5263 524 5317 totius
544 5262 573 5316 in
590 5261 682 5333 capita
699 5277 751 5315 sua
770 5261 813 5315 di·
870 5279 1032 5334 nonposse,
1048 5266 1192 5318 utcontra
1208 5262 1400 5318 flofmannum
1428 5260 1557 5332 aliosque
1585 5261 1716 5316 satisex·

70 5353 262 5424 qnostrisque
290 5352 325 5408 ad
341 5368 384 5420 ea,
411 5351 459 5405 ubi
474 5366 547 5421 opus
576 5350 640 5416 erit,
653 5348 814 5405 annotatio·
869 5351 1032 5424 plicuimus.
1046 5351 1231 5406 ostendentes
1240 5351 1375 5406 Sanctum
1393 5349 1579 5405 haereditario
1604 5362 1717 5406 succes·

73 5441 228 5498 clariorem
242 5441 304 5512 ejus
315 5440 409 5496 ideam
422 5439 486 5494 faro
501 5438 654 5510 concipias.
869 5436 959 5493 sionis
969 5438 1036 5509 jure
1053 5437 1170 5509 imperii
1197 5437 1312 5491 culmen
1326 5440 1524 5492 consecutum.
1542 5437 1580 5492 lle
1597 5441 1719 5508 septem·

70 5533 100 5589 le
111 5531 209 5596 titulo,
220 5528 398 5586 dedicatione
411 5532 439 5583 et
461 5526 667 5600 approbatione
687 5525 815 5582 Romana
869 5524 997 5581 virorum
1012 5510 1291 5596 electorumorigine
1301 5528 1427 5579 ruentem
1442 5537 1523 5579 snam
1535 5527 1719 5596 nostramque
