3878 6112
419 265 659 324 preberentur
680 266 775 323 LIBRI
792 267 848 324 XX.
869 294 903 308 -
921 267 1026 324 LIBER
1045 268 1214 333 QUARTUS.
1639 278 1692 335 740

70 387 158 445 uvltt.
186 418 221 427 —
253 388 330 454 Quod
356 388 480 456 uiuamus
506 396 625 450 oeoetur.
649 393 699 459 qui
724 392 824 446 anteit
843 394 891 446 tur
916 390 1043 446 auferri?
1070 392 1250 464 Aspiciamus
1277 394 1416 464 gentilem
1446 395 1597 454 hominem
1619 401 1692 456 Cor-

70 474 141 515 mtlm
158 473 279 524 mrem,
299 464 324 514 ti
345 460 430 514 “Imm
453 466 517 530 12082
540 462 709 531 baptismum
739 463 789 516 Μ·
845 478 955 534 neliom
969 480 1147 535 orationibus
1162 486 1247 552 atque
1267 482 1456 554 eleemosynis
1474 487 1691 556 revelationem,

846 568 1130 639 Petrumqueipsuux
1154 569 1269 625 vidisse.
1291 571 1427 642 Nunquid
1443 589 1494 644 per
1516 574 1692 644 baptismum

70 652 128 708 teor.
146 654 296 709 Innocentis·
308 669 400 725 popae,
427 669 489 722 cap.
518 653 576 724 52.)
603 653 712 709 Deinde
733 671 789 725 po·
844 655 906 711 baec
920 656 963 711 illi
978 656 1072 712 ablata
1096 662 1164 712 sunt
1182 664 1300 729 propter
1324 676 1389 730 quae
1415 661 1441 714 ei
1463 661 1608 732 baptisma
1632 680 1693 720 esse

70 756 103 797 ru
129 741 185 797 dici
214 745 327 813 oportet
349 742 510 812 bIgamum,
540 757 605 797 euru
635 743 685 813 qui
711 747 789 797 cete·
845 761 1010 800 concessum
1026 746 1198 801 videtur‘lSi
1215 747 1405 810 itacreditur,
1422 751 1493 805 mibi
1508 752 1695 820 credite,non

70 829 259 899 rehabuerit,
273 836 359 902 atque
375 830 505 885 amiserit
523 845 654 896 uxorem,
681 830 705 883 si
723 834 790 899 post
845 833 991 888 modicum
1006 838 1139 889 erratur:
1157 834 1225 906 quia
1249 835 1386 907 quicquid
1408 837 1481 893 bene
1506 845 1619 911 gestum
1636 841 1695 895 fue-

70 933 116 973 nm
144 917 231 973 fuerit
256 919 342 974 aliam
365 919 493 984 sortitus,
519 934 640 989 eamque
664 919 789 988 prumam
844 920 892 987 rit,
916 926 943 975 et
966 922 1121 977 secundnm
1148 928 1292 995 proecepta
1313 925 1417 996 legalia
1440 927 1615 983 custoditum
1635 945 1693 984 non

70 1023 128 1079 puer
152 1023 225 1062 novo
252 1007 366 1062 homiui
389 1006 522 1078 copulata
547 1007 690 1078 sltrqnia
717 1007 790 1062 illud
844 1014 940 1080 potest
969 1009 1139 1065 facientibus
1170 1011 1310 1083 deperire.
1342 1014 1513 1084 Nuptiarum
1550 1032 1619 1088 ergo
1645 1034 1693 1073 co·

70 1111 109 1151 un
124 1112 177 1167 per
193 1095 330 1167 baptismi
353 1100 563 1151 sacramentum
591 1111 655 1150 cum
680 1094 790 1151 ceteris
843 1099 923 1170 pula,
938 1099 1007 1171 quia
1027 1099 1079 1154 [lei
1096 1101 1233 1155 mandato
1256 1100 1416 1172 perficitur,
1446 1119 1505 1158 non
1520 1109 1614 1175 potest
1637 1105 1694 1160 dici

70 1200 111 1239 lus
126 1184 162 1239 sil
175 1184 318 1251 ablutum,
333 1185 408 1255 qnod
426 1199 491 1238 cum
507 1184 543 1239 de
557 1200 615 1239 una
629 1183 730 1254 utique
746 1183 789 1238 di-
843 1192 1003 1258 peccatum,
1034 1193 1063 1242 et
1089 1189 1166 1259 qnod
1191 1194 1340 1260 peccatum
1365 1206 1423 1245 non
1447 1195 1498 1259 est,
1526 1193 1596 1247 solvi
1619 1193 1694 1248 inter

70 1271 123 1337 trti,
139 1272 163 1326 si
177 1276 235 1327 tres
253 1271 388 1327 habuerit
401 1271 433 1326 in
445 1272 533 1327 veteri
546 1271 658 1341 positus
671 1271 789 1326 homine
844 1281 961 1347 peccata
972 1276 1090 1332 omniuo
1115 1277 1192 1332 credi
1211 1293 1269 1333 non
1290 1277 1387 1346 debet,
1408 1279 1520 1351 eritque
1546 1280 1692 1352 integrum

70 1361 126 1416 erit
140 1359 167 1415 ei
181 1376 247 1432 qnae
266 1363 333 1431 post
356 1359 534 1430 baptismum
550 1363 653 1431 quarta
676 1362 729 1425 est,
749 1360 790 1413 sic
845 1363 999 1431 aestimare,
1015 1363 1123 1418 aboleri
1145 1380 1204 1418 non
1227 1380 1311 1435 posse
1330 1365 1437 1435 prioris
1463 1382 1570 1421 nomen
1587 1362 1695 1422 'uxoris

70 1448 313 1520 tentibusprima.
336 1447 461 1519 Virginis
476 1464 557 1519 mque
586 1464 693 1503 nomeu
716 1448 789 1503 acci·
846 1466 936 1522 quum
958 1467 1016 1506 non
1039 1451 1189 1506 dImissum
1204 1451 1241 1506 sit
1264 1469 1316 1524 pro
1340 1459 1467 1523 peccato,
1492 1455 1568 1525 quod
1591 1471 1627 1510 ex
1643 1455 1694 1510 Ilei

69 1553 94 1593 ae
105 1543 209 1610 quarto
223 1538 307 1594 ducta
321 1543 362 1592 cst
378 1538 450 1591 Ioco.
466 1536 546 1603 Quis,
562 1553 622 1600 oro,
639 1536 716 1592 istud
731 1552 790 1591 uon
846 1540 881 1595 sit
891 1541 1037 1595 vuluntate
1047 1541 1234 1611 completum.

70 1631 163 1682 ³⁰⁰³&
189 1627 317 1698 AIlll³I⁰¹I
346 1643 409 1681 ⁸⁵⁵⁰
433 1631 622 1696 Illaessellfflml
647 1626 697 1696 qui
721 1625 761 1680 III
781 1642 788 1680 ²
806 1674 826 1726 Β
845 1646 912 1701 Car.
942 1645 1029 1702 XCIX.
1045 1675 1077 1687 -
1092 1649 1129 1701 Ile
1152 1647 1285 1716 episcopis
1311 1651 1337 1700 et
1358 1648 1535 1718 presbyteris,
1557 1655 1583 1704 et
1598 1650 1694 1705 diaco-

70 1714 149 1770 xoris
171 1715 265 1770 virum
291 1721 425 1786 oportere
443 1714 506 1768 lieri
525 1712 721 1768 sacerdotem?
735 1713 790 1769 Sed
1128 1719 1209 1772 nibus
1224 1719 1409 1788 rebaptizatis.

70 1819 87 1870 r,
119 1803 199 1875 quod
230 1804 261 1858 in
290 1803 432 1874 baptismo
461 1807 564 1869 totum,
589 1802 727 1873 quicquid
759 1803 790 1856 in
881 1807 935 1872 (Ite
959 1806 1031 1861 decr.
1056 1806 1156 1860 Felicis
1179 1821 1346 1876 popae,cop.
1373 1806 1408 1874 l.)
1429 1806 1598 1861 Communis
1610 1806 1694 1861 dolor

70 1890 168 1946 omine
183 1896 297 1962 gestum
316 1896 369 1959 est,
386 1891 423 1945 sit
441 1891 578 1945 solutum.
605 1889 694 1944 Ilicite
718 1889 791 1943 mibi
845 1898 874 1947 et
902 1893 1045 1964 generalis
1069 1899 1113 1947 est
1136 1894 1271 1963 gemitus,
1294 1895 1372 1965 quod
1398 1893 1476 1949 intra
1497 1895 1624 1951 Africam
1647 1911 1695 1950 re-

70 1984 199 2036 creatra
217 1981 333 2053 loquor,
353 1979 474 2035 crimIna
497 1983 609 2033 tautum
642 1977 791 2033 dimittuu·
844 1981 1003 2051 baptizatos
1039 1981 1125 2036 etiem
1168 1981 1325 2053 episcopos,
1364 1982 1557 2053 presbyteros,
1594 1984 1693 2039 diaco-

70 2067 276 2140 aptismolbn
292 2073 321 2122 et
342 2068 391 2123 illa
406 2084 470 2139 quae
494 2066 651 2121 secundum
676 2065 790 2120 UomIni
843 2084 955 2139 nosque
979 2069 1174 2141 cognovimus.
1198 2069 1321 2134 Quaeres
1336 2069 1398 2124 sine
1420 2070 1508 2125 dubio
1533 2072 1570 2126 ad
1591 2077 1693 2127 vestrae

70 2173 98 2226 a,
131 2173 164 2212 ac
191 2157 242 2212 Ilei
269 2157 401 2212 instituta
435 2155 638 2226 complentur?
669 2155 789 2209 Uxorem
845 2172 960 2228 quoque
991 2157 1122 2229 pervenit
1152 2157 1283 2211 notitiam
1311 2158 1482 2226 sanctitatis,
1509 2159 1635 2229 qualiter
1663 2160 1695 2214 in

70 2244 172 2300 rrImen
186 2249 238 2312 est,
265 2249 315 2300 aut
338 2260 397 2299 non
424 2248 467 2298 est
485 2243 613 2298 crImen?
627 2242 657 2297 Si
682 2242 791 2297 crimen
843 2244 983 2299 Africanis
1007 2245 1173 2315 regionibus
1187 2246 1293 2300 astutia
1310 2245 1418 2300 diaboli
1442 2247 1566 2302 saevierit
1589 2247 1619 2302 in
1641 2263 1694 2318 po·

70 2349 94 2403 ‚o
121 2332 240 2405 praefala
268 2333 351 2388 venie
383 2332 515 2394 dixerim,
553 2331 608 2385 erit
634 2334 733 2384 auctor
761 2330 791 2384 in
844 2333 947 2403 pulum
961 2331 1260 2404 Christianum‚atque
1271 2334 1301 2387 in
1313 2333 1342 2388 id
1357 2334 1510 2404 multiplici
1526 2334 1694 2406 deceptione

70 2421 103 2493 >ui
129 2426 163 2477 ut
190 2421 311 2476 crimina
337 2419 596 2487 committerentur,
613 2417 643 2473 in
658 2418 791 2490 paradiso
844 2419 1020 2492 proruperit,
1035 2425 1067 2474 ut
1084 2436 1141 2475 non
1153 2421 1236 2475 modo
1250 2421 1354 2493 vulgus
1368 2422 1527 2492 iucautum,
1543 2424 1592 2479 sed
1614 2423 1693 2495 ipsos

70 2528 153 2568 ecoe
173 2514 318 2584 jungeret,
344 2511 500 2567 benedixit.
520 2509 548 2565 Si
574 2526 641 2565 vero
668 2525 726 2564 non
749 2513 791 2563 est
844 2524 959 2580 qnoque
979 2508 1009 2563 iu
1033 2509 1131 2563 mortis
1156 2508 1298 2579 profunda
1325 2510 1494 2565 demerserit
1521 2512 1692 2580 sacerdotes,

70 2600 136 2673 quia
150 2601 227 2673 quod
242 2601 318 2656 Deus
336 2600 440 2672 junxit,
456 2599 536 2654 nefas
550 2599 588 2654 sit
607 2598 717 2653 crimen
739 2614 790 2667 ap·
844 2596 941 2652 nullus
969 2612 1029 2652 non
1055 2597 1132 2651 orbis
1166 2597 1321 2669 ‚ingemuIt
1360 2598 1437 2653 nulla
1463 2603 1538 2654 terra
1566 2601 1693 2656 nescivit.

70 2694 97 2745 at
110 2689 247 2746 Salomon
261 2689 373 2745 addidit
388 2705 395 2743 ε
412 2693 441 2744 et
454 2687 533 2743 enim
545 2704 562 2743 a
572 2689 629 2743 Deo
643 2702 789 2759 praepera-
845 2685 925 2741 Unde
940 2684 969 2738 in
983 2684 1088 2756 grandi
1103 2700 1224 2740 moerore
1238 2685 1334 2756 positi,
1351 2686 1531 2743 dissimulare
1546 2704 1604 2743 non
1627 2704 1695 2758 pos·

79 2793 163 2848 uxor,
179 2777 324 2849 quomodo
349 2777 476 2832 creditur
489 2776 567 2830 iuter
584 2774 705 2829 crimina
728 2787 790 2827 csse
844 2789 944 2828 snmus
957 2772 1141 2843 pereuntium
1157 2778 1243 2844 atque
1269 2790 1287 2828 a
1307 2774 1392 2830 nobIs
1407 2775 1614 2846 exigendarum
1636 2777 1695 2832 dis·

70 2881 106 2934 m,
143 2866 221 2938 quod
249 2867 307 2921 Ileo
333 2870 449 2921 auctore
473 2863 579 2935 legitur
605 2875 788 2917 consumma·
845 2862 954 2916 crimen
969 2861 1142 2917 animarum.
1160 2861 1340 2933 Quapropter
1352 2868 1518 2938 competens
1535 2864 1696 2920 adhibenda

70 2954 117 3010 nid
140 2955 176 3010 de
204 2955 307 3010 talium
332 2954 400 3009 liliis
421 2952 629 3025 percensetur?
654 2949 790 3021 Nunquid
807 2947 827 3003 C
846 2954 889 3005 est
900 2950 1005 3005 talibus
1019 2950 1133 3005 medela
1148 2950 1326 3020 vulneribus,
1340 2967 1376 3006 ne
1395 2951 1551 3007 immatura
1577 2952 1697 3009 curandi

70 3048 107 3099 ut
120 3042 291 3098 admittendi
316 3042 345 3096 iu
360 3040 538 3096 baereditatis
560 3037 714 3104 consortio,
740 3035 790 3107 qui
844 3038 975 3106 facilitas,
993 3037 1140 3092 mortifera
1161 3037 1251 3109 captis
1275 3043 1352 3110 peste
1380 3039 1452 3094 nibil
1467 3040 1568 3110 prosit,
1583 3040 1632 3096 sed
1647 3057 1694 3096 se·

70 3131 164 3202 saepti
178 3136 254 3195 sunt,
271 3147 337 3203 qum
355 3134 422 3185 ante
437 3128 612 3199 baptismum
627 3127 683 3182 fuit
702 3126 792 3181 uxor?
845 3127 930 3199 gains
942 3129 1062 3181 tractata
1072 3126 1214 3193 pernicies
1226 3132 1307 3182 reatu
1318 3143 1376 3182 non
1389 3127 1527 3200 legitimae
1538 3129 1694 3185 curationis

70 3219 280 3291 reappellandI‚
296 3219 340 3274 vel
367 3217 523 3282 naturales,
540 3217 584 3271 vel
600 3214 701 3286 spuriI,
723 3213 792 3286 qula
844 3215 972 3270 involvat
986 3214 1095 3287 pariter
1108 3215 1220 3270 saucios
1233 3219 1261 3270 et
1279 3216 1436 3271 medentes.
1463 3217 1495 3272 ln
1514 3218 1615 3288 primis
1637 3218 1692 3273 ita·

73 3307 237 3379 legitimum
253 3306 480 3371 matrImonium,
496 3303 553 3359 nisi
566 3303 647 3366 illud,
663 3307 696 3357 ut
711 3301 792 3356 vobis
847 3319 903 3375 que
918 3301 1060 3358 venientis
1075 3303 1109 3358 ad
1125 3319 1184 3370 vos,
1201 3308 1230 3358 et
1243 3304 1587 3375 remediumpostulantis
1611 3305 1690 3360 solli-

82 3395 161 3468 quod
183 3399 249 3467 post
267 3395 442 3466 baptismum
466 3391 641 3447 assumitur?
662 3391 726 3460 Ipse
739 3389 792 3443 Uo·
846 3393 900 3447 cite
912 3390 1092 3446 discutienda
1112 3397 1155 3446 eat
1174 3391 1325 3462 professio,
1339 3398 1368 3447 et
1384 3407 1508 3463 persona
1524 3393 1647 3463 decepti,
1663 3398 1694 3448 ut

70 3499 117 3539 um
137 3484 364 3555 interrogaretur
382 3480 529 3549 alndaeis,
543 3479 566 3534 si
584 3478 684 3534 liceret
699 3476 793 3534 dimit·
846 3480 959 3535 medela
985 3479 1077 3549 possit
1105 3494 1267 3550 congruens
1295 3479 1454 3534 exhiberi:
1482 3483 1511 3534 et
1535 3481 1586 3551 qui
1616 3481 1696 3535 satis·

70 3586 151 3639 trem,
168 3576 255 3643 alque
271 3574 429 3642 exponeret
441 3568 506 3624 fieri
526 3584 584 3623 non
610 3566 726 3629 debere,
743 3564 792 3618 ad·
845 3567 972 3622 facturus
992 3566 1050 3620 Ileo
1064 3581 1115 3632 per
1129 3565 1329 3635 poenitentiam
1345 3565 1554 3637 rebaptizatum
1575 3583 1605 3622 se
1624 3568 1695 3640 legi-

70 3660 138 3725 luod
153 3675 220 3716 vero
234 3659 308 3714 Deus
321 3655 479 3726 conjunxit,
495 3656 583 3710 borno
598 3668 658 3707 non
669 3653 791 3722 separet·
845 3655 916 3710 time
936 3653 1069 3721 doluerit,
1090 3658 1188 3708 utrum
1204 3654 1240 3709 ad
1268 3654 1321 3709 boc
1345 3654 1455 3708 facinus
1474 3656 1631 3723 concurrit,
1658 3673 1695 3711 an

71 3748 147 3804 clais
162 3747 274 3803 locutus
289 3762 350 3800 esse
368 3745 511 3810 credatur,
525 3757 590 3813 quae
606 3745 672 3810 post
697 3737 791 3809 bapti·
847 3741 989 3813 impulsus
1018 3742 1179 3807 accesserit,
1218 3741 1400 3812 requiratur,
1422 3741 1514 3796 sciens
1554 3744 1631 3816 quod
1666 3761 1695 3800 se

70 3836 226 3906 ortiuntur,
245 3834 431 3889 memIneriut
443 3835 507 3897 boc,
525 3835 554 3885 et
568 3847 584 3884 a
597 3827 705 3884 Jndaeis
731 3841 793 3882 esse
847 3829 970 3901 decipiat
981 3830 1041 3901 lpse
1069 3829 1118 3900 qui
1131 3829 1215 3892 fallit,
1232 3829 1363 3901 nihilque
1390 3846 1442 3901 per
1455 3835 1586 3887 nostram
1604 3832 1695 3888 facili-

70 3929 169 3996 ratum,
184 3929 213 3979 et
227 3922 334 3979 Iudeis
349 3938 409 3977 esse
430 3934 613 3991 responsum.
641 3916 711 3981 Qum
725 3931 793 3969 vero
847 3923 937 3974 tatem
962 3918 1115 3973 tribunalis
1142 3918 1252 3973 excelso
1279 3918 1389 3988 judicio
1411 3919 1552 3990 derogari,
1574 3920 1620 3975 cui
1647 3920 1697 3976 illa

71 4013 129 4069 itus
148 4028 256 4084 quaero,
272 4012 297 4067 si
316 4027 374 4067 una
396 4009 554 4079 eademque
572 4007 609 4062 sit
623 4021 694 4062 uxor
720 4004 792 4074 ejus,
848 4011 917 4061 sont
930 4011 1001 4074 rata,
1023 4022 1088 4078 qne
1103 4007 1162 4078 pia,
1185 4022 1250 4078 quae
1269 4022 1346 4073 vera,
1370 4022 1435 4078 quae
1459 4008 1538 4077 justa
1560 4011 1636 4064 sunl.
1663 4009 1698 4065 Et

70 4117 82 4158 a
101 4102 333 4166 catechumenus,
361 4101 458 4170 postea
481 4097 519 4152 sit
539 4094 639 4159 fidelis,
661 4093 794 4164 filiosque
848 4095 932 4151 aliter
944 4095 1130 4164 necessitatis,
1151 4095 1235 4149 aliter
1249 4095 1397 4150 tractanda
1423 4102 1466 4149 est
1490 4095 1564 4150 ratio
1592 4097 1698 4151 volun-

81 4205 172 4262 quum
203 4193 276 4244 esset
308 4185 539 4250 catechumenus,
569 4179 735 4253 susceperit,
762 4195 795 4234 ac
848 4182 925 4237 tatis.
945 4182 1075 4237 Deterior
1088 4186 1130 4236 est
1145 4186 1243 4237 autem
1257 4197 1342 4237 causa
1355 4182 1444 4248 illius,
1461 4182 1512 4253 qni
1535 4182 1608 4238 forte
1637 4199 1700 4256 pre·

70 4277 132 4333 ilios
145 4292 211 4331 com
220 4274 324 4344 tidelis,
338 4279 435 4328 utrum
444 4271 502 4326 sint
515 4270 617 4324 fratres
631 4266 795 4339 appellandi
850 4270 891 4327 tio
906 4270 1071 4326 sollicitatus
1090 4273 1142 4338 est,
1166 4273 1199 4324 ut
1212 4269 1330 4339 perIret.
1342 4270 1418 4325 Nibil
1434 4272 1511 4325 enim
1526 4270 1699 4328 intentatum

70 4365 221 4422 lliabeant
235 4368 333 4436 postea
346 4363 480 4419 defuncto
498 4365 578 4431 patre
597 4373 664 4412 cum
686 4353 796 4412 ceteris
849 4359 989 4432 relinquit
1013 4357 1159 4415 inimicus.
1184 4358 1238 4415 Cui
1261 4375 1297 4415 ne
1322 4359 1357 4416 de
1386 4377 1438 4415 sua
1465 4360 1549 4416 liceat
1574 4362 1700 4434 gaudere

70 4455 145 4511 Indae
158 4452 333 4509 baereditatis
347 4449 535 4512 consortium,
552 4447 657 4519 quibus
670 4445 796 4501 filiorum
851 4452 978 4521 captura,
1013 4448 1240 4503 succurrendum
1267 4453 1309 4503 est
1336 4448 1464 4517 irretitis,
1494 4455 1524 4505 et
1546 4456 1700 4507 contaren-

87 4542 267 4614 regeneratio
303 4539 439 4612 spiritalis
472 4535 598 4592 creditur
626 4531 797 4590 abstulisset
852 4537 906 4592 dns
919 4536 1051 4592 venantis
1077 4539 1120 4592 cst
1133 4536 1265 4608 laqueus,
1289 4540 1322 4591 ut
1335 4536 1485 4592 infucatim
1512 4539 1702 4595 lamentanti-

70 4648 137 4689 num
160 4632 201 4687 ita
225 4630 342 4698 sentite,
371 4633 459 4700 atque
483 4624 612 4698 judicare
639 4621 797 4678 absurdum
851 4624 928 4680 tibus
944 4623 1067 4695 lapsum,
1081 4623 1270 4694 tamJustItiar
1294 4623 1491 4679 moderatione
1505 4641 1593 4696 quam
1623 4642 1702 4682 com-

70 4738 99 4778 m
124 4721 232 4776 malum
258 4720 331 4775 ratio
354 4723 399 4774 est
424 4718 479 4772 boc
504 4713 632 4784 defendi,
656 4716 684 4768 et
710 4726 799 4767 vacus
853 4712 1008 4785 punctione
1030 4712 1155 4783 pietatis,
1172 4712 1207 4768 ad
1229 4712 1325 4766 aulam
1354 4727 1442 4783 qnam
1454 4712 1641 4783 reliquerant,
1667 4715 1704 4770 sit

70 4809 193 4884 ›pinione
205 4808 317 4880 jactarI,
332 4822 420 4880 quam
443 4805 541 4876 aliqua
561 4800 730 4858 auctoritate
749 4815 798 4854 ro·
853 4801 1012 4872 ingressus.
1052 4801 1108 4856 Nec
1143 4798 1251 4872 pudeat
1286 4799 1394 4867 forsan,
1431 4803 1481 4855 aut
1520 4801 1628 4871 pigeat,
1670 4802 1702 4857 in

73 4913 165 4971 quum
175 4913 234 4952 non
248 4897 341 4968 possit
352 4896 427 4950 inter
442 4896 558 4965 peccata
567 4888 710 4961 deputari,
724 4886 800 4960 quod
855 4888 938 4944 dictis
960 4888 1151 4961 jeiuniornm,
1182 4887 1401 4959 gemituumque
1429 4888 1609 4960 temporibus
1634 4889 1703 4945 obe-

70 4987 171 5058 ecapIt,
196 4990 225 5040 et
252 4987 326 5041 Deus
347 4979 517 5054 conjunxit?
533 4976 669 5050 Nunquid
685 4976 709 5031 si
735 4976 801 5047 quis
855 4977 927 5043 dire,
944 4984 995 5032 aut
1015 4975 1078 5030 aliis
1100 4975 1289 5030 observantiae
1313 4975 1481 5032 salubrIoris
1505 4976 1704 5049 obtemperare

70 5089 178 5131 mnus
191 5072 344 5128 virtutibus
367 5069 520 5137 studuerit,
549 5065 743 5122 bumilitatem
757 5079 803 5119 se·
855 5064 1006 5147 preceptis
1022 5063 1106 5137 :quie
1115 5063 1274 5119 humilibus
1284 5065 1369 5120 datur
1381 5064 1549 5135 gratiamne
1560 5065 1703 5136 soperbia.

70 5164 146 5230 ierit,
165 5162 336 5234 patiendam
357 5157 493 5224 tenuerit,
508 5157 705 5226 eleemosynas
727 5151 802 5207 fece-
856 5154 899 5210 Sit
913 5167 982 5223 ergo
1003 5153 1097 5207 ruinre
1125 5168 1184 5207 sote
1208 5153 1306 5207 dolore
1328 5156 1500 5222 prostratus,
1531 5152 1662 5225 quisquis
1675 5155 1707 5210 in

70 5253 107 5309 rti
120 5251 276 5309 destinatos
292 5249 421 5323 qualibet
428 5246 538 5302 ratione
553 5241 703 5315 erIpuerit,
719 5240 804 5296 adul-
858 5240 970 5298 Christo
980 5238 1043 5295 fleri
1056 5240 1160 5312 quierit
1172 5246 1294 5296 erectus.
1312 5242 1345 5295 Et
1355 5255 1407 5312 per
1416 5239 1640 5310 dispensationis
1651 5260 1707 5299 no·

70 5340 242 5403 xborruerit,
282 5338 441 5393 castitatem
469 5319 605 5398 tenuerit,
644 5346 754 5401 quaero,
780 5326 805 5383 si
858 5334 925 5385 strae
940 5326 1142 5393 midisterium,
1155 5326 1232 5400 quod
1247 5330 1370 5396 vestram
1385 5325 1467 5397 sequi
1487 5328 1620 5383 convenit
1639 5332 1708 5386 cha·

70 5443 137 5484 uum
158 5428 250 5482 factus
270 5423 370 5491 fueris,
395 5421 489 5478 tidelis
515 5417 632 5485 amittit,
657 5416 726 5490 quia
752 5430 806 5486 per
859 5417 985 5487 ritatem,
996 5431 1049 5472 nec
1067 5414 1153 5472 alicui
1165 5416 1208 5471 fas
1224 5420 1276 5484 est,
1292 5415 1337 5471 rel
1352 5415 1435 5486 velle,
1458 5414 1504 5472 vel
1519 5432 1605 5488 posse
1617 5421 1710 5474 trans·

70 5530 133 5574 uxm
145 5519 252 5582 totum,
281 5511 360 5586 qnod
378 5515 459 5567 retus
481 5509 570 5565 bomo
597 5503 718 5577 gesmrit
735 5509 807 5575 puta
860 5505 991 5575 candere,
1006 5519 1106 5561 causas
1120 5505 1193 5576 ejus,
1212 5503 1263 5577 qui
1289 5508 1391 5560 contra
1405 5503 1590 5577 apostolicam
1607 5506 1711 5563 doctri·

134 5622 273 5691 Parnon.
298 5620 386 5689 CXL.
1512 5619 1557 5681 2⁴
