3878 6112
61 275 94 328 ω
371 338 375 345 ,
893 278 991 335 ACTA.
1783 285 1818 336 tttt

50 395 117 463 seit
133 412 188 452 uon
210 395 338 452 recedere.
353 396 430 452 Hinc
453 411 536 478 porro
562 399 731 468 principium
744 401 835 465 secere
862 397 1068 465 evindicabat,
1089 400 1138 469 qui
1160 403 1297 468 arsurum
1316 399 1409 454 ordini
1435 400 1526 466 potius
1551 414 1634 468 quom
1651 400 1823 468 Leaerrdiste·

58 467 599 608 Wmmgdfflssmpfflwn'
615 471 660 524 lin
684 469 739 525 solo
769 470 910 525 edelboldi
921 471 1043 540 protono,
1072 469 1105 525 dc
1125 471 1183 540 ejus
1198 470 1335 525 scatendi
1359 470 1463 540 peritia
1482 473 1509 525 ct
1533 470 1685 527 eruditione
1702 477 1822 527 statuere

311 626 482 683 numerals
505 626 717 683 PROOEbllUll.
928 612 951 665 Α
970 626 1060 699 tiqua.
1076 626 1169 692 Quare
1182 628 1318 698 praecedit
1341 626 1463 694 novitas,
1480 631 1512 682 ut
1538 635 1676 699 sequatur
1693 627 1820 701 antiqui·

97 716 123 769 t.
158 714 190 769 ln
222 713 310 785 gestis
335 713 491 769 scribendis
512 713 570 769 duo
604 722 669 770 sunt
705 716 852 771 videnda:
883 720 914 771 nt
968 719 1023 770 tas.
1042 714 1167 770 Stultum
1188 719 1231 770 est
1254 716 1415 787 ergoquod
1444 716 1589 787 praecedit,
1615 732 1751 788 spernere
1767 734 1775 786 ;
1792 722 1821 773 et

59 806 88 855 et
125 801 249 872 scriptor
288 802 437 856 raritatem
474 802 505 856 in
537 803 696 873 prolatione
729 807 857 859 teneat:
886 808 916 859 et
969 802 1046 874 quod
1069 805 1208 874 sequitur,
1238 803 1407 875 quodquea
1434 803 1607 874 praecedenti
1629 803 1818 871 habotutsit,

60 889 153 943 lector
177 887 303 943 tractum
339 889 371 942 in
401 888 521 944 lectione
553 890 656 960 capiat.
698 891 751 947 Sed
794 891 916 963 scriptor
969 908 1027 946 uon
1050 892 1186 963 recipere.
1212 891 1376 947 Rarocnirn
1394 909 1411 946 a
1432 891 1546 948 sitiente
1563 891 1652 964 lrivns
1668 893 1818 964 quaeritur,

60 976 212 1031 veritatem
248 981 347 1030 tenere
376 977 487 1048 nequit,
518 978 573 1033 nisi
613 979 674 1033 brec
707 984 832 1051 quatuor
866 984 915 1036 aut
968 979 1112 1034 dominns
1134 979 1265 1035 habetur.
1285 980 1410 1035 Dicimus
1437 980 1508 1048 haeo,
1536 996 1594 1035 non
1621 986 1654 1036 ut
1668 981 1821 1054 adjiciatur

61 1068 199 1134 potenter
223 1063 402 1130 devitaverit,
432 1068 481 1118 aut
509 1065 690 1136 aliquatenus
710 1082 727 1120 a
745 1072 841 1120 mente
865 1067 914 1122 de·
968 1067 1135 1138 antiquitas,
1152 1068 1201 1123 sed
1231 1074 1262 1123 ut
1286 1069 1441 1140 recipiatur
1473 1069 1595 1123 novitas.
1629 1070 1658 1124 ln
1686 1070 1820 1125 omnibus

62 1151 746 1221 posuerittodium,etcarnalemdilcctionem,
764 1153 914 1225 invidiam,
969 1155 1076 1226 quippe
1097 1156 1255 1226 scripturis,
1285 1157 1308 1210 si
1334 1162 1377 1212 est
1405 1156 1516 1222 veritas,
1546 1162 1578 1212 et
1601 1158 1718 1226 utilius,
1738 1174 1821 1229 erpere

61 1244 90 1291 et
101 1238 275 1294 infernalem
289 1238 495 1304 adulationem.
511 1240 613 1296 Odium
625 1242 713 1310 enim,
737 1247 765 1296 et
779 1243 915 1299 iuvidiam
970 1245 1043 1297 valet
1059 1244 1171 1298 novitas
1186 1250 1215 1298 et
1238 1245 1402 1316 antiquitas¹
1429 1245 1565 1300 Fortassis
1586 1251 1628 1299 est
1654 1246 1703 1316 qui
1721 1246 1797 1300 dicat
1813 1261 1821 1300 ι

63 1327 534 1398 benegestaautomninotacent,
551 1334 601 1384 ant
622 1330 741 1384 dicendo
770 1336 915 1385 transcur·
968 1332 1037 1396 Qum
1063 1331 1170 1386 utilitas
1195 1331 1226 1387 in
1254 1333 1341 1403 gestis
1366 1332 1496 1405 legendis
1517 1349 1576 1387 esse
1605 1332 1725 1388 valeat?
1750 1333 1821 1388 Huic

61 1419 140 1481 runt,
165 1419 217 1469 aut
245 1414 423 1470 calumniose
450 1421 652 1472 transmutant.
676 1419 697 1471 E
717 1427 815 1473 contra
841 1420 915 1474 rnale
968 1419 1185 1489 respondemus,
1204 1421 1272 1491 quia
1301 1418 1432 1492 quisquis
1447 1421 1563 1475 alterins
1587 1426 1668 1492 gesta
1696 1420 1777 1492 legit,
1797 1421 1821 1476 si

60 1508 142 1572 mata
160 1501 278 1570 dicunt,
297 1503 418 1558 dilatant
448 1511 477 1558 et
503 1505 688 1575 amplificant.
713 1505 841 1562 carnalis
865 1523 914 1561 au·
969 1508 1044 1561 bona
1072 1513 1149 1574 sunt,
1173 1507 1283 1562 invenit
1305 1509 1383 1580 quod
1410 1513 1556 1579 sequetur,
1573 1508 1597 1563 si
1626 1510 1711 1576 mala,
1735 1509 1822 1564 habet

59 1590 252 1646 temdilectio
270 1591 461 1646 etiuiernalis
486 1593 623 1659 adulatio,
654 1610 719 1665 quae
748 1596 916 1666 maiegesta
970 1595 1045 1650 uude
1067 1600 1253 1651 exterreatur.
1279 1598 1361 1651 Gesta
1387 1612 1512 1668 namque
1540 1595 1822 1668 alteriuslegere,iu

60 1682 139 1746 sunt,
152 1679 274 1734 scientes
288 1679 433 1751 ignorant,
459 1685 488 1735 et
513 1680 708 1753 ignorantiam
736 1682 914 1749 simulantes,
969 1685 1116 1754 speculum
1126 1685 1165 1753 (3)
1180 1688 1223 1739 est
1231 1684 1379 1755 respicere.
1398 1684 1427 1742 Si
1442 1683 1513 1756 quid
1527 1685 1556 1739 in
1571 1702 1606 1740 eo
1631 1684 1720 1748 vides,
1744 1686 1821 1758 quod

60 1767 212 1822 vamtatem
226 1769 370 1823 occultant
385 1784 393 1836 ;
409 1769 482 1824 bene
495 1774 575 1841 gesta
590 1775 685 1824 antem
710 1772 822 1842 placere
840 1787 916 1842 que·
969 1772 1022 1827 tibi
1036 1772 1195 1844 displiceat,
1208 1773 1238 1828 in
1255 1778 1283 1828 te
1300 1773 1411 1845 corrige
1428 1789 1435 1828 :
1457 1773 1575 1845 siquid,
1605 1774 1683 1844 quod
1699 1773 1820 1845 placeat,

59 1859 168 1923 mata,
184 1855 308 1926 spatiose
333 1857 441 1923 dieunt,
467 1862 495 1911 et
521 1857 585 1929 plns
611 1859 689 1929 justo
720 1858 914 1930 magnificant.
930 1887 951 1941 B
970 1859 1096 1916 imitare.
1128 1863 1225 1917 Cesset
1266 1862 1450 1932 praelocnti03
1491 1861 1709 1934 praelocutionis
1736 1877 1824 1918 causa

59 1943 104 1998 Sic
126 1960 181 2015 per
208 1942 270 1998 brec
294 1949 429 2016 quatuor,
458 1949 508 2000 aut
533 1946 564 1999 in
592 1945 665 2000 bene
691 1945 789 2017 gestis,
818 1950 867 2000 ant
886 1946 917 2000 in
971 1955 1120 2020 sequatur.

60 2032 136 2087 mele
163 2031 254 2100 gestis
279 2033 381 2086 veritas
417 2032 569 2100 evanescit,
605 2033 712 2088 falsitas
743 2034 916 2104 superducto
1647 2084 1654 2099 ,

59 2121 158 2174 colore
178 2119 301 2174 nitescit.
330 2119 492 2191 Spiritualis
516 2126 611 2177 antem
643 2121 756 2176 ditectio
790 2120 916 2177 veritatis
971 2081 1240 2139 ANNUSOERISH
1265 2082 1326 2144 Μ’
1352 2082 1547 2169 mmm
1572 2083 1785 2140 iuuentutis
1800 2085 1822 2140 Ι·

60 2208 165 2274 amica,
177 2224 231 2264 nec
249 2209 324 2264 male
345 2214 425 2281 gesta
451 2210 534 2276 celat,
559 2226 612 2264 nec
638 2210 711 2265 bena
727 2214 807 2281 gesta
832 2225 916 2282 pom·
1007 2207 1035 2262 i.
1054 2206 1204 2262 llillesimo
1218 2206 1342 2260 secundo
1352 2221 1427 2260 anno
1440 2206 1476 2260 ab
1491 2205 1689 2260 iucarnatione
1697 2205 1822 2261 Domini.

60 2296 264 2368 posedilatat;
280 2295 371 2351 sciens
399 2298 466 2369 quia
489 2304 519 2353 et
541 2303 622 2369 gesta
646 2314 721 2370 saepe
746 2302 869 2370 prosunt
880 2298 917 2353 ad
973 2295 1129 2350 Indictione
1156 2294 1324 2349 duodecima
1350 2294 1397 2364 (i),
1428 2293 1493 2349 Otto
1535 2293 1636 2348 tertius
1667 2293 1825 2366 imperator

59 2384 336 2452 correctionem3et
348 2385 422 2441 bene
435 2391 516 2458 gesta
530 2386 696 2458 frequenter
712 2387 828 2454 obsunt,
848 2387 917 2442 dum
971 2387 1127 2455 Augustus,
1143 2385 1283 2450 Paternae,
1312 2381 1389 2454 quod
1417 2386 1459 2437 est
1485 2382 1632 2436 castellum
1662 2381 1823 2449 Romaniae,

61 2474 209 2528 ducuntur
224 2472 432 2527 iactationem.
457 2473 557 2528 Melius
580 2476 623 2528 est
647 2472 724 2527 enim
746 2472 917 2533 adversitate
972 2472 1103 2529 moritur.
1130 2471 1178 2525 Vir
1198 2470 1266 2526 dum
1286 2471 1367 2544 juxta
1394 2470 1520 2541 corporis
1539 2470 1718 2542 speciositate
1741 2471 1825 2526 tlori-

61 2565 192 2616 mentem
204 2560 369 2626 relraenare,
385 2577 473 2633 quam
500 2561 690 2633 prosperitate
710 2561 918 2616 contumaciter
972 2561 1035 2629 dus,
1056 2575 1171 2615 morum
1187 2559 1327 2632 probitate
1353 2560 1509 2626 modestus,
1527 2564 1610 2614 aetate
1643 2559 1824 2631 quidemju·

61 2647 170 2704 inliari.
199 2649 298 2704 Lector
320 2652 418 2704 autem
442 2648 567 2704 fructum
593 2665 694 2720 cepere
722 2666 778 2704 non
801 2649 916 2720 poterit,
972 2648 1061 2715 venis,
1088 2649 1136 2704 sed
1158 2648 1285 2719 ingenua
1312 2647 1467 2719 capacitate
1502 2647 1611 2713 senilis,
1646 2647 1824 2724 benignitate

62 2737 118 2792 nisi
130 2740 182 2791 aut
195 2736 349 2807 diligenter
364 2737 529 2805 attenderit,
556 2740 606 2792 ant
628 2737 742 2809 penitus
767 2737 917 2793 intellexe·
972 2737 1122 2792 mirabitis.
1150 2738 1182 2791 lu
1219 2737 1301 2807 cujus
1324 2736 1413 2808 gestis
1447 2735 1606 2791 scribendis
1631 2734 1700 2790 satis
1725 2735 1824 2790 avidus

61 2825 110 2892 rit,
129 2824 377 2893 curbonabonis,
406 2826 482 2880 mala
501 2825 584 2880 malis
600 2841 608 2893 3
624 2825 701 2880 bona
720 2826 814 2893 malis,
842 2826 918 2880 mala
972 2842 1075 2894 essem,
1092 2826 1117 2879 si
1139 2830 1188 2880 aut
1221 2824 1388 2879 memoriter
1415 2830 1556 2895 tenerem,
1584 2828 1634 2878 ant
1671 2826 1822 2879 relatorem

61 2913 307 2968 boniseveniant.
972 2913 1241 2968 certumhaberem.
1271 2914 1327 2967 Hoc
1356 2917 1468 2967 tantum
1492 2912 1560 2978 scio,
1586 2912 1664 2984 quia,
1693 2912 1824 2984 quamvis

96 3004 123 3057 2.
139 3001 199 3056 Cur
225 3000 301 3056 bona
326 3000 408 3055 bonis
433 3001 635 3067 concedantur,
657 3001 811 3074 dupliciter
833 2999 919 3057 intel·
972 2999 1004 3054 in
1030 3000 1169 3071 primaeva
1187 3005 1272 3055 aetate
1309 3001 1434 3071 plurime
1470 3000 1623 3072 pueriliter
1650 2999 1765 3072 egisset,
1794 2999 1824 3054 in

63 3089 114 3161 ligi
130 3093 227 3160 potest
240 3104 248 3154 ;
263 3091 313 3142 ant
327 3087 403 3142 enim
415 3088 456 3142 sic
476 3088 547 3143 boni
561 3093 639 3156 sunt,
657 3094 687 3144 ut
713 3105 765 3160 per
780 3088 918 3143 tentatio·
973 3088 1114 3159 supremis
1140 3087 1433 3160 irreprehensibiliter
1447 3087 1568 3143 vivebat.
1586 3089 1677 3143 Deum
1699 3088 1824 3154 amabat,

64 3192 113 3232 nes
139 3176 229 3246 hujus
254 3175 352 3230 saeculi
376 3191 429 3230 nec
454 3176 625 3246 probatione
655 3193 708 3231 nec
746 3166 1093 3248 purgatioueCamando
1109 3177 1237 3245 timebat,
1266 3176 1400 3231 omnibus
1428 3176 1568 3248 placebat,
1588 3175 1698 3231 nemini
1722 3175 1824 3246 displi-

65 3265 234 3336 indigeant:
254 3269 353 3319 anteo
370 3263 549 3329 mcdoboui,
566 3273 608 3333 ut,
625 3264 649 3319 si
677 3281 729 3337 per
747 3265 919 3320 tentationes
972 3266 1062 3330 cebet,
1079 3264 1134 3319 uisi
1149 3265 1223 3320 forto
1236 3264 1401 3319 infidelibus
1417 3264 1504 3335 :quia
1514 3264 1646 3320 innatum
1659 3269 1703 3319 est
1731 3264 1824 3332 bonis,

66 3355 259 3424 pulsarentur,
278 3352 407 3407 fortassis
434 3367 487 3423 pro
517 3353 635 3408 modulo
655 3352 845 3423 simplicitatis
860 3368 919 3407 suae
973 3353 1056 3408 malis
1081 3352 1242 3424 displicere,
1269 3357 1297 3407 et
1322 3353 1404 3407 bouis
1428 3353 1550 3424 placere.
1580 3354 1707 3408 Tandem
1733 3352 1826 3424 qualis

68 3442 319 3498 deteriorarentur.
342 3440 447 3497 Taliter
474 3446 509 3512 (t)
534 3458 602 3514 ergo
622 3458 675 3497 nec
698 3442 729 3497 in
752 3443 812 3497 luto
831 3441 918 3514 hujus
974 3443 1035 3513 ejus
1045 3446 1174 3496 anteacta
1200 3441 1260 3496 vita
1288 3441 1398 3511 luisset,
1426 3441 1457 3496 in
1473 3445 1564 3496 morte
1592 3440 1693 3512 ipsius,
1719 3439 1768 3512 qui
1784 3440 1825 3495 al·

67 3529 400 3585 mundiconversatione
428 3529 582 3597 loedautur,
598 3535 630 3584 nt
656 3545 766 3600 perea,
789 3545 853 3600 quae
868 3544 917 3599 pa·
973 3531 1100 3592 luerunt,
1132 3530 1229 3585 videre
1253 3533 1420 3601 potuerunt.
1449 3529 1618 3602 Quicunque
1646 3529 1723 3584 euim
1740 3528 1825 3584 inter-

67 3617 188 3685 liuntur,
205 3622 255 3672 ant
275 3617 310 3672 ad
325 3617 531 3672 correctionem
562 3617 740 3686 invitentur;
764 3623 822 3685 arat,
839 3618 863 3673 si
878 3634 919 3672 re·
974 3618 1037 3686 iuit,
1053 3617 1248 3675 indevotione
1264 3619 1325 3687 ejns
1343 3617 1505 3689 inlelligere
1534 3617 1640 3689 potuit,
1669 3617 1738 3689 qnia
1765 3634 1825 3673 non

67 3705 203 3777 sipiscere
228 3704 340 3771 nolunt,
379 3704 567 3776 intelligant;
596 3705 664 3777 quie
692 3709 721 3759 et
749 3706 805 3771 hic,
835 3711 862 3759 et
887 3705 917 3760 in
973 3706 1055 3773 obiit,
1073 3707 1172 3762 sedad
1200 3706 1375 3762 desiderium
1403 3722 1489 3760 surim
1515 3705 1661 3777 singulare
1682 3704 1823 3775 migrarit.

68 3794 197 3850 futurum
226 3794 302 3849 mala
330 3793 497 3848 sustinendo
522 3794 654 3849 damnari
684 3794 816 3849 debeant.
848 3796 920 3850 tlala
973 3797 1015 3851 Ad
1038 3800 1195 3849 creatorem
1220 3801 1350 3849 creatura
1385 3794 1478 3849 tidelis
1493 3810 1526 3849 ex
1552 3799 1618 3849 voto
1645 3794 1739 3848 redire
1762 3810 1826 3865 pro-

68 3887 164 3936 antem
178 3880 264 3937 bonis
275 3880 431 3952 aliqnando
450 3883 490 3951 (t)
508 3896 564 3935 nou
584 3887 615 3935 ut
638 3888 813 3951 mereantur,
827 3882 876 3937 sed
890 3886 920 3936 ut
974 3883 1093 3954 peravit.
1111 3883 1197 3953 Cujus
1221 3898 1278 3937 non
1303 3882 1407 3949 obitus,
1437 3882 1487 3936 sed
1517 3881 1653 3935 transitus
1680 3880 1822 3944 omnium,

69 3985 116 4038 per
130 3974 310 4024 tormentum
326 3975 467 4039 augeatur
490 3969 531 4023 eis
546 3969 693 4034 meritum,
710 3986 763 4041 per
784 3970 919 4025 meritum
974 3972 1023 4043 qui
1050 3988 1126 4026 sanae
1153 3969 1258 4025 mentis
1286 3977 1378 4035 eraut,
1408 3970 1501 4024 luctus
1528 3968 1677 4037 mirabilis,
1708 3969 1823 4040 plantus

69 4057 261 4128 amplificetur
287 4058 451 4128 preamium.
480 4058 641 4129 Aliquando
670 4059 920 4132 veroleriscnlpa
974 4066 1033 4115 erat
1053 4059 1239 4114 incredibilia.

70 4146 174 4213 subest,
189 4161 242 4216 pro
258 4161 314 4216 qna
329 4145 375 4200 laic
392 4146 491 4200 leviter
514 4145 700 4218 castigantur,
724 4163 760 4202 ne
775 4147 805 4203 in
821 4148 918 4204 futuro
1009 4152 1035 4204 5.
1066 4150 1152 4204 Dolor
1177 4152 1251 4202 essct
1276 4147 1363 4202 etiam
1386 4146 1564 4213 insanabilis,
1595 4145 1651 4201 nisi
1682 4149 1827 4217 superstes

70 4233 195 4289 deterius
213 4233 386 4288 crucientur.
409 4236 487 4288 Bona
515 4250 582 4290 vero
613 4235 694 4290 matis
713 4236 917 4302 conceduntur,
974 4238 1001 4293 ei
1015 4237 1166 4292 exstitisset
1193 4236 1342 4292 Heinricns
1366 4236 1421 4290 dux
1437 4235 1590 4304 gloriosus,
1612 4237 1641 4289 et
1664 4234 1707 4288 vir
1721 4233 1757 4288 ad
1784 4249 1826 4288 re·

69 4326 98 4376 ut
110 4326 160 4375 ant
172 4321 213 4375 sic
227 4322 365 4392 pietatem
393 4322 444 4376 Dei
457 4329 674 4394 recognoscant,
692 4328 720 4378 et
739 4341 756 4378 a
775 4327 919 4395 perversi·
974 4341 1064 4396 gnum
1078 4324 1290 4394 suscipiendum
1313 4329 1455 4379 strenuus.
1479 4324 1506 4378 ls
1533 4327 1601 4377 tunc
1618 4321 1757 4394 temporis
1772 4322 1825 4377 du·

69 4413 188 4464 tatesua
203 4409 373 4481 recipiscant
388 4425 396 4476 ;
412 4413 461 4463 aut
481 4415 642 4465 reservetur
654 4410 695 4464 eie
725 4411 754 4465 in
771 4411 917 4482 imprope·
934 4445 955 4498 ὓ
975 4419 1069 4468 catum
1083 4413 1113 4467 in
1134 4412 1298 4468 bavariensi
1318 4429 1407 4483 regno
1439 4412 1562 4477 tenebat,
1589 4413 1730 4483 populum
1752 4410 1828 4481 paci·

68 4497 154 4561 rium,
169 4497 246 4570 quod
272 4512 475 4569 recognoscere
504 4499 661 4555 noluerunt
686 4499 853 4571 largitorem
867 4500 917 4554 bo·
976 4502 1028 4556 tica
1042 4502 1169 4573 regebat,
1182 4517 1282 4572 paoem
1310 4500 1511 4572 amplificabat,
1536 4496 1827 4554 ecclesiarumfacul·

68 4599 182 4638 norum.
975 4595 1047 4644 tates
1060 4589 1285 4661 augebat,·leges
1300 4594 1328 4643 et
1343 4588 1497 4659 religiones
1523 4587 1736 4660 magnilicahat.
1752 4588 1828 4641 Tan·

102 4675 129 4726 3.
158 4671 233 4739 llaeo,
263 4686 327 4743 quae
350 4670 588 4743 prescripsimus,
617 4673 648 4729 in
671 4673 805 4729 omnibus
834 4674 921 4746 gestis
976 4678 1041 4733 dem
1057 4677 1142 4732 sicin
1169 4677 1365 4745 ducatuvirit,
1395 4677 1474 4748 quod
1502 4677 1635 4730 omnibus
1660 4675 1777 4746 placuit,
1796 4678 1829 4729 ut

67 4765 96 4813 et
123 4757 258 4830 scriptori
282 4765 312 4814 et
335 4760 437 4815 lectori
465 4776 524 4815 non
551 4760 664 4816 inutilia
687 4777 748 4816 csse
774 4766 918 4833 putamus.
976 4765 1010 4819 de
1038 4765 1142 4821 ducatu
1169 4765 1401 4821 transduceretur
1429 4764 1464 4820 ad
1497 4780 1630 4837 regnum,
1659 4763 1695 4817 de
1725 4761 1828 4816 vexillo

66 4846 179 4901 &imus
202 4846 332 4919 insuper,
358 4852 387 4903 et
415 4849 573 4920 sepissime
609 4850 751 4910 audimus,
795 4850 863 4922 qnia
890 4850 921 4906 in
975 4854 1159 4908 extolleretur
1182 4853 1212 4908 iu
1236 4853 1341 4908 solium
1369 4853 1585 4908 hereditarium.
1618 4848 1828 4906 bereditarium

65 4935 205 4991 omnibus
236 4936 347 5008 scriptis
385 4936 542 5009 antiquitas
579 4937 708 4993 delitiose
745 4944 920 5007 veneratur;
976 4940 1097 4995 dicimus
1122 4956 1129 5006 ;
1155 4942 1231 5012 quia,
1268 4947 1300 4996 ut
1331 4941 1367 4997 ab
1399 4942 1452 5010 his,
1487 4938 1671 5012 genealogias
1704 4952 1829 5008 eompu-

63 5023 178 5079 novites
192 5023 338 5080 lastidiose
361 5026 548 5097 repudiatur.
572 5026 626 5082 Sed
654 5043 719 5098 qure
740 5027 921 5098 recipiuntur
976 5033 1037 5084 tare
1052 5034 1200 5097 noverant,
1215 5030 1422 5096 audivimus,a
1448 5029 1550 5083 Karolo
1566 5041 1672 5097 magno
1696 5041 1732 5081 ex
1747 5029 1829 5098 parte

64 5111 307 5183 manuqnamui
323 5101 544 5184 primusessent
571 5131 653 5178 nova,
678 5131 737 5170 non
766 5119 922 5171 assentan-
975 5118 1065 5189 patris
1085 5117 1227 5173 decimam
1249 5118 1424 5190 septimam3
1449 5134 1482 5171 ex
1509 5119 1589 5187 parte
1624 5113 1733 5180 matris,
1749 5112 1829 5169 deci·

100 5218 140 5289 (t)
172 5219 208 5273 Le
229 5219 337 5275 endum
363 5220 547 5276 hauddubie
578 5223 655 5287 tutes,
679 5237 745 5275 cnm
773 5221 810 5277 sit
827 5225 921 5277 rectus
1011 5222 1048 5292 (le)
1075 5222 1170 5277 Voluit
1198 5224 1292 5279 dicere
1317 5225 1427 5279 decima
1450 5222 1575 5293 quinta;
1604 5220 1723 5276 tortasse
1746 5235 1828 5275 ama·

63 5288 181 5355 verbis
256 5293 312 5344 tur.
850 5356 855 5364 .
976 5294 1093 5348 nuensis
1106 5294 1212 5365 aliquis
1227 5310 1278 5365 per
1290 5311 1325 5350 xr
1352 5292 1535 5362 descripserit
1547 5293 1625 5364 quod
1649 5292 1722 5347 alter
1736 5298 1829 5349 mata

99 5358 243 5497 pitlteest
255 5360 374 5416 verbum
389 5360 535 5417 obveniunt
549 5360 593 5415 vel
610 5361 747 5418 occidunt.
975 5363 1143 5426 veritinx'u.
1156 5370 1188 5420 ut
1201 5365 1305 5419 clarius
1330 5363 1439 5435 patebit
1463 5363 1492 5417 in
1515 5379 1591 5418 anno
1617 5362 1749 5437 sequenti
1777 5360 1828 5437 qui

67 5498 86 5565 y
114 5429 267 5556 {latitudit
282 5431 317 5486 ad
332 5432 456 5488 Terentii
476 5432 619 5503 Adelphos
639 5436 691 5488 act.
709 5433 757 5501 ill,
782 5449 866 5488 scena
882 5450 921 5500 rr,
976 5434 1106 5506 signatur
1120 5436 1277 5491 indictione
1294 5452 1312 5488 ι.
