3878 6112
566 255 738 316 anomala.
760 287 795 298 ·-
813 257 892 314 vl'ra
911 255 1124 347 evacuarat.
1668 262 1721 318 ele

68 394 110 448 m,
138 378 226 436 etiam
251 384 359 452 quantu
384 379 540 442 stabilitate
569 380 601 437 in
623 381 729 438 Christi
752 386 855 454 upa-rt
874 377 1072 450 expositionis.
1087 376 1179 434 Petiri
1200 392 1269 449 ergo
1285 382 1314 434 et
1338 381 1404 450 peto
1422 379 1539 449 iterum,
1566 386 1599 436 ut
1625 381 1661 438 de
1675 383 1721 439 ie·

88 468 122 525 in
147 468 300 541 Scriptnris
324 468 440 538 sanctis,
463 469 497 524 in
518 469 636 541 jejuniis
661 474 689 526 et
713 470 818 542 vigillis
872 467 972 523 licibus
986 466 1065 523 illius
1078 465 1160 522 lactu
1185 465 1283 538 aliqua
1310 467 1417 523 scribas
1449 467 1508 523 sire
1532 467 1568 523 ad
1593 469 1720 526 scriben-

68 556 208 613 rtionibus
245 556 461 628 permansisset,
489 557 593 625 iatam,
620 574 679 614 non
698 558 761 614 sine
777 560 817 613 la·
873 557 943 613 dum
958 556 1030 613 mihi
1044 571 1190 629 suggeras.
1208 556 1303 628 Turpe
1314 560 1357 612 est
1379 557 1457 612 enim
1481 557 1545 611 vela
1562 557 1719 628 deponere,

81 645 136 701 tibi
160 644 288 717 exposui,
313 660 426 699 necnon
440 645 585 716 quomodo
599 648 742 702 seculares
757 651 817 702 tnr·
873 662 938 701 cnm
952 660 1072 718 prosper
1091 650 1192 700 ventus
1218 660 1277 699 non
1292 649 1385 701 cessat
1411 645 1520 700 alllnre.
1547 645 1622 715 Ergo
1651 662 1720 717 pro·

68 734 249 805 diversasque
265 733 450 788 adversitates
478 739 506 789 et
520 733 594 790 aeris
621 739 744 790 terrores
759 751 820 790 ora·
872 733 970 789 missio
984 738 1036 789 tua
1046 732 1212 805 impleatur,
1227 736 1256 788 et
1278 732 1345 803 quia
1359 733 1475 789 fortuna
1500 733 1619 804 aspirat,
1645 735 1721 789 ultra

86 821 246 877 constantia
271 821 427 892 sepissime
441 822 661 893 compescuerit,
692 823 817 890 narrari,
873 838 931 877 non
956 821 1114 878 differatur.
1143 821 1197 878 Sed
1234 821 1285 876 illa
1304 821 1339 876 de
1366 820 1470 888 quibus
1499 821 1595 877 dixisti
1622 821 1721 893 gravia

70 905 312 977 jucundissimum
323 906 456 961 duximus
467 905 554 961 diem.
571 907 722 963 intendis?
735 907 819 973 Quid·
873 926 962 966 onera
976 915 1005 966 et
1024 908 1144 965 miseras
1157 909 1370 964 mundanarum
1395 924 1493 964 rernm
1517 925 1609 978 curas,
1628 925 1719 982 usque

68 995 135 1051 ‚iarn
163 999 263 1065 postea
293 994 382 1049 sancti
398 993 533 1050 desiderii
562 1011 650 1051 manu
678 997 820 1067 pulsando
874 999 961 1054 modo
988 999 1160 1054 rixmecnm
1184 997 1302 1053 nomine
1330 1002 1424 1065 notas,
1449 998 1490 1052 ita
1518 997 1632 1053 acolius
1658 999 1720 1070 jam

68 1088 187 1156 ictuque
210 1099 257 1139 me
275 1082 417 1152 instigans
443 1082 551 1154 petisti,
578 1088 611 1139 nt
632 1085 668 1139 de
689 1083 747 1138 rita
775 1084 819 1138 rel
874 1085 1005 1143 humeris
1018 1091 1113 1158 porto,
1128 1087 1244 1141 utheut
1263 1102 1317 1141 nec
1342 1085 1484 1157 respirare
1500 1101 1553 1140 nec
1583 1102 1643 1157 prae
1658 1102 1720 1142 me-

68 1172 127 1229 bus
141 1172 227 1242 hujus
255 1170 310 1226 viri
324 1171 422 1242 aliqua
442 1171 547 1242 scripta
572 1171 732 1242 proferrem
761 1171 819 1226 sire
873 1174 1024 1247 gnitudine
1057 1173 1195 1246 ponderis
1221 1174 1366 1245 suspicere
1388 1181 1499 1245 potero.
1529 1174 1596 1228 lllos
1624 1179 1720 1230 autem

68 1261 228 1318 iterandum
245 1259 298 1315 tibi
313 1275 508 1331 suggererem.
532 1259 599 1316 Tuis
628 1260 736 1332 qnippe
765 1261 820 1331 piis
874 1265 1046 1317 fluctuantes
1067 1261 1157 1316 seculi
1189 1260 1320 1316 turbines
1351 1260 1536 1332 diversasque
1564 1261 1721 1316 adversita·

69 1348 162 1405 »nibus
188 1348 401 1420 obtemperans,
448 1348 560 1420 aliquas
584 1348 819 1420 compositiones,
874 1355 937 1405 tum
973 1348 1152 1405 incursiones
1174 1348 1308 1420 aerisque
1333 1353 1467 1416 terrores,
1497 1364 1570 1419 quos
1607 1347 1721 1404 virente

69 1437 105 1495 ris
120 1438 259 1508 elingues,
275 1452 399 1508 superna
425 1437 518 1508 gratia
546 1437 651 1492 montis
673 1453 744 1492 mere
771 1453 820 1490 ra·
874 1438 957 1493 beato
983 1442 1104 1509 patrono
1131 1441 1229 1492 nostro
1255 1435 1578 1501 rarissimossensimus,
1605 1452 1719 1508 prome·

69 1542 89 1583 n
103 1526 263 1592 imbuente,
279 1540 344 1580 cnm
356 1531 406 1579 tuo
421 1525 527 1580 auxilio
541 1526 576 1580 de
591 1527 653 1596 ejus
667 1525 726 1579 vita
754 1541 819 1579 nur·
875 1526 1004 1583 rentibus
1026 1526 1150 1598 peccatis
1173 1523 1279 1580 nostris
1292 1523 1353 1595 jarn
1370 1524 1461 1595 quasi
1488 1524 1649 1580 cotidianos
1675 1525 1720 1579 vel

69 1614 192 1670 studebo.
217 1614 272 1670 Sed
295 1612 408 1685 quoties
435 1611 512 1667 illius
534 1611 692 1668 beatissimi
713 1611 820 1667 mentio
876 1619 1092 1670 momentaneos
1112 1612 1298 1668 sustinemus.
1328 1611 1409 1667 illins
1428 1627 1555 1683 namque
1577 1610 1633 1683 piis
1656 1627 1720 1665 ora·

69 1703 195 1771 murrii,
212 1702 297 1758 toties
324 1702 409 1758 fletus
435 1701 615 1774 gemitusque
635 1718 681 1757 me
700 1700 816 1772 aflligit·
874 1706 1000 1762 tionibus
1023 1706 1094 1762 dum
1118 1704 1189 1761 vixit
1210 1705 1286 1777 apud
1315 1705 1405 1760 licum
1427 1704 1561 1775 adjuti,a
1586 1702 1723 1774 perieulis

69 1789 138 1847 mibi
155 1794 291 1856 tunoest,
307 1790 421 1857 dilecte,
449 1789 506 1845 nisi
538 1790 670 1846 lacrimas
684 1794 713 1844 et
727 1788 820 1861 auspi·
875 1795 1010 1850 omnihus
1029 1793 1111 1867 quasi
1134 1808 1218 1848 muro
1241 1791 1348 1848 muniti
1375 1791 1483 1848 fuimus
1513 1794 1533 1848 Ι.
1566 1793 1722 1864 Postquam

69 1882 217 1935 cassantur
245 1878 403 1945 effundere,
432 1878 541 1950 hasque
565 1878 742 1934 miserabiles
769 1893 821 1932 cc·
874 1892 972 1938 numm
993 1883 1055 1955 ejus
1078 1881 1229 1938 benedicta
1246 1880 1400 1952 prasentia
1418 1879 1513 1936 orbati
1527 1895 1636 1946 sumus,
1665 1896 1722 1952 quo

69 1980 126 2022 ³³0⁸
140 1966 225 2021 heile
240 1981 353 2021 meeum
377 1966 509 2021 volvere:
538 1966 607 2031 0⁰1⁸
621 1965 673 2033 fui,
693 1971 741 2020 aul
756 1965 821 2038 quis
875 1971 1141 2028 secundumvocem
1152 1967 1330 2025 Dominicaru
1355 1968 1481 2024 exuncto
1500 1974 1624 2040 pastore,
1640 1968 1724 2040 quasi

71 2054 118 2111 rel
148 2054 213 2127 quis
253 2055 322 2109 ero‘?
346 2055 405 2125 Ego
432 2070 495 2108 sum
520 2053 570 2109 ille
593 2054 820 2110 misericorditer
875 2076 943 2115 oves
956 2059 1018 2114 sinc
1027 2058 1202 2113 offensaculo
1222 2056 1321 2128 positi,
1342 2072 1442 2111 sumus
1460 2055 1581 2128 dispersi
1604 2063 1632 2112 et
1646 2071 1722 2121 pene

69 2157 101 2198 ns
127 2147 157 2197 st
185 2142 388 2197 miserabiliter
414 2142 578 2208 derelictus,
607 2143 637 2199 in
669 2142 769 2199 labore
792 2148 823 2198 et
875 2148 912 2204 ad
930 2145 1055 2202 nibilum
1067 2146 1184 2201 redacti.
1207 2145 1287 2200 Unde
1314 2143 1426 2217 quoties
1453 2143 1523 2198 talia
1540 2148 1569 2199 te
1582 2143 1721 2216 loquente

69 2246 103 2287 es
116 2230 290 2287 remittetur
327 2235 357 2285 et
383 2246 456 2303 pene
486 2231 618 2287 emnium
656 2231 820 2298 vilissimus,
876 2236 962 2292 modu
972 2234 1137 2302 audiebam,
1157 2233 1241 2289 toties
1256 2248 1309 2304 per
1323 2232 1437 2304 singule
1464 2248 1537 2303 pene
1561 2232 1649 2287 verba
1678 2237 1720 2287 ta·

91 2317 218 2392 gennis,
245 2319 402 2391 parentelae
434 2320 599 2391 peccatricis
630 2321 738 2375 cunctis
774 2319 822 2374 in·
875 2325 931 2380 cite
957 2321 1073 2389 flebam,
1102 2337 1156 2376 nec
1184 2320 1269 2376 nudis
1297 2319 1434 2385 lacrimis,
1463 2319 1524 2384 sed,
1547 2321 1619 2373 teste
1654 2333 1724 2372 oon·

70 2422 115 2474 ua,
128 2407 177 2462 sad
193 2412 290 2462 mmen
314 2406 386 2462 mibi
405 2407 545 2463 conscius.
575 2408 741 2466 Similitudo
755 2425 821 2480 gen·
875 2411 995 2467 scientia
1022 2425 1097 2477 mea,
1126 2425 1160 2465 ex
1187 2409 1291 2464 intima
1313 2405 1534 2479 compunctione
1574 2406 1722 2461 concretis.

73 2494 233 2551 commotio
252 2494 353 2567 capitis
380 2495 411 2549 in
441 2495 566 2567 populis.
583 2497 653 2551 Nam
684 2501 715 2551 ut
740 2497 823 2551 deses
876 2502 961 2570 Ergo,
977 2515 1087 2570 queso,
1105 2513 1192 2569 perge
1207 2496 1350 2552 narrando
1366 2495 1401 2551 de
1416 2495 1470 2550 boc
1483 2494 1545 2549 viro
1560 2510 1624 2566 quea
1652 2510 1723 2566 pro·

70 2599 106 2651 ir,
123 2589 156 2639 ut
183 2583 286 2639 loeoens
314 2599 434 2654 expuor,
460 2589 492 2639 ut
518 2583 649 2655 putridus
668 2583 820 2655 despicior,
875 2587 992 2655 misisti,
1007 2590 1036 2643 et
1047 2586 1072 2642 si
1084 2586 1154 2658 quid
1170 2590 1271 2657 potero
1286 2584 1349 2650 tibi,
1368 2583 1464 2650 lrater,
1482 2597 1637 2654 suggerere
1665 2597 1726 2637 non

77 2686 137 2728 non
151 2671 307 2726 immerito.
328 2671 437 2727 Cotidie
453 2687 579 2742 numque
608 2670 820 2726 infelicissimus
876 2676 992 2731 desisto.
1022 2703 1054 2716 -
1086 2675 1196 2737 Fateor,
1227 2673 1357 2744 inquam,
1391 2672 1468 2742 qnod
1495 2671 1551 2743 piis
1579 2671 1643 2742 eins
1657 2687 1724 2726 ora·

70 2764 266 2832 ipeccatornm
280 2759 430 2813 volutabro
443 2763 586 2829 putresco,
609 2764 640 2814 et
653 2774 740 2814 onera
754 2775 820 2830 gra·
876 2763 1004 2818 tionibus
1019 2779 1035 2817 a
1049 2761 1113 2816 telis
1128 2760 1296 2832 periculosis
1311 2774 1425 2829 semper
1451 2758 1575 2829 protecti
1602 2774 1720 2826 snmus;

105 2862 171 2902 meo
196 2847 269 2902 collo
297 2847 492 2919 importabilia
520 2847 608 2901 miser
636 2862 736 2919 gerere
762 2847 821 2902 lar·
876 2851 1046 2907 etideome
1069 2850 1188 2922 impune
1205 2864 1346 2920 peccasse,
1372 2847 1558 2902 stultissimus
1588 2851 1726 2917 tuncpu·

81 2934 225 3007 Ouicqnid
239 2935 317 2990 cuim
335 2935 429 2991 labilis
444 2935 585 2990 desiderat
599 2935 722 3003 animus,
741 2937 820 2992 uelut
837 2940 858 2995 C
878 2939 986 3007 tabam,
1001 2939 1138 3010 quoniam
1165 2938 1247 2993 illum
1265 2953 1318 3009 pro
1342 2935 1426 2990 nobis
1449 2934 1624 2990 incessanter
1644 2949 1726 2989 orare

79 3025 161 3080 nullo
176 3023 290 3079 cumino
305 3023 467 3095 probatum,
492 3024 526 3078 ad
542 3024 739 3094 peragendum
751 3025 822 3080 mol·
882 3027 1018 3083 sciebam.
1035 3028 1154 3082 llultum
1171 3025 1249 3081 enim
1260 3041 1312 3096 pro
1329 3039 1416 3096 grege
1431 3022 1485 3077 sibi
1509 3022 1662 3077 commisso
1675 3038 1726 3094 pa·

72 3117 104 3168 et
128 3112 290 3181 commissa,
314 3127 379 3183 quae
394 3112 481 3166 semel
504 3111 549 3166 vix
564 3112 669 3166 exortis
697 3112 822 3168 lacrimis
876 3115 1010 3187 storpius
1034 3114 1112 3185 apud
1132 3116 1221 3168 Deum
1249 3112 1399 3178 laboravit,
1424 3111 1588 3182 multasque
1615 3111 1727 3167 mlum-

70 3199 180 3270 ,totius
205 3199 295 3254 animi
324 3200 425 3255 salutis
444 3200 564 3267 oblitus,
594 3200 691 3255 statim
719 3205 822 3255 cantu·
878 3204 940 3258 nias
959 3207 987 3259 et
998 3203 1176 3258 calamitates
1190 3206 1305 3272 pectore
1331 3199 1397 3254 lorti
1424 3198 1543 3253 viriliter
1565 3197 1727 3253 resistendo

74 3288 156 3362 Unda
185 3291 214 3341 et
231 3287 395 3343 verbamea
419 3288 517 3343 dolore
541 3292 609 3344 sunt
632 3289 727 3359 plena.
758 3290 823 3344 llaec
876 3293 953 3364 apud
970 3291 1100 3347 seculum
1115 3289 1262 3346 sustinuit.
1281 3310 1292 3339 ι
1313 3288 1382 3353 Quae
1407 3288 1507 3342 omnia
1531 3287 1560 3341 iu
1577 3286 1647 3342 locis
1664 3302 1729 3342 uon-

70 3381 123 3447 lar,
147 3374 408 3432 similitermecum
436 3392 607 3448 cognoscere
630 3382 711 3448 puto,
733 3392 820 3448 quem
878 3380 968 3452 gruis,
998 3379 1235 3449 Deoadjnvunte,
1260 3375 1403 3448 planius⁶
1427 3375 1635 3431 enarrabimus.
1671 3375 1726 3431 Sed

70 3480 119 3521 sus
159 3464 290 3519 terminis
318 3465 330 3499 ⁸
376 3481 436 3520 non
476 3466 565 3521 semel
595 3466 712 3521 sudasse
742 3465 820 3520 haud
877 3464 1111 3535 respondendum
1126 3464 1218 3518 estad
1233 3463 1298 3529 boc,
1315 3461 1394 3532 quod
1420 3461 1472 3515 sub
1487 3462 1628 3532 exemplis
1657 3476 1729 3531 pro-

70 3573 88 3611 ι.
103 3550 160 3609 Sed
177 3568 314 3624 quorsum
331 3552 412 3608 haec?
433 3553 576 3617 Quorsum
595 3558 635 3622 te,
651 3554 762 3622 dilecta,
775 3569 823 3607 su·
877 3554 966 3608 missa
980 3551 1145 3624 peragenda
1159 3548 1345 3605 admonusiti.
1362 3549 1457 3618 Turpe
1471 3565 1532 3603 esse
1560 3548 1656 3603 dixisti
1675 3548 1728 3604 de-

70 3656 117 3697 rna
143 3641 253 3696 ratione
268 3640 386 3696 demum
411 3641 503 3696 duco‘?
525 3641 736 3712 Supervacuum
776 3656 823 3695 ra·
876 3640 1071 3712 ponererela,
1086 3654 1152 3693 cum
1180 3653 1239 3692 nou
1266 3641 1378 3691 cessant
1406 3642 1557 3691 ventorum
1588 3652 1728 3707 prospera

71 3728 172 3794 sdico,
201 3744 289 3800 quam
303 3729 397 3785 verbis
411 3730 591 3800 profitemur,
606 3729 655 3785 sad
670 3729 823 3784 lactisnon
877 3729 977 3785 flabra.
994 3728 1092 3783 Ethoe
1113 3741 1213 3780 verum
1235 3740 1297 3779 esse
1321 3739 1491 3794 consequor,
1508 3724 1556 3779 sed
1590 3724 1646 3778 hoe
1669 3740 1728 3779 non

71 3817 191 3890 primur.
206 3817 277 3872 Nam
303 3817 334 3874 in
362 3818 519 3890 primordio
533 3818 619 3889 hujus
633 3817 752 3873 rationis
766 3833 825 3872 non
879 3817 1027 3872 incautum
1055 3829 1117 3870 esse
1146 3818 1216 3884 putu
1232 3829 1240 3868 ε
1259 3823 1293 3867 ut
1316 3811 1340 3865 si
1361 3812 1467 3881 aliquis
1495 3810 1727 3881 magnitudiaem

71 3899 182 3967 uuam,
196 3902 247 3957 sed
267 3902 302 3957 ad
312 3902 532 3972 jucunditatem,
562 3918 620 3957 non
644 3902 680 3957 ad
696 3901 825 3957 dolorem
879 3904 966 3961 maris
979 3909 1174 3961 nanscnrrere
1198 3901 1342 3972 disponat,
1365 3897 1608 3970 primumssconua
1633 3899 1730 3971 pelagi

71 3991 76 4046 l
103 3989 247 4057 letitiam,
269 4006 329 4045 non
345 3989 379 4044 ad
395 3990 475 4056 vitia,
498 3991 546 4045 sed
561 3990 597 4046 ad
622 3989 741 4046 virtutes
756 4005 825 4062 pro-
880 3995 973 4050 minas
987 3992 1084 4047 navim
1105 3990 1233 4062 undique
1259 3987 1381 4052 muniat,
1412 3986 1515 4042 deinde
1543 4002 1626 4058 aquae
1658 4002 1731 4057 pro-

71 4093 109 4133 ras
130 4081 168 4143 te,
199 4077 310 4146 dilecte,
341 4078 488 4135 vocabam.
518 4080 590 4149 Ergo
617 4079 653 4134 ad
680 4078 825 4150 inceptam
879 4081 1051 4138 funditatem
1078 4078 1251 4150 explorando
1276 4077 1397 4132 latentes
1424 4075 1478 4130 snb
1501 4073 1585 4130 undis
1598 4074 1730 4145 scopulos

89 4165 275 4231 sententiam,
301 4165 542 4237 dilectionemque
576 4171 655 4221 tuam
688 4171 699 4203 ⁴
733 4165 825 4238 rogito
879 4175 978 4224 cautus
987 4166 1145 4239 provideat,
1170 4170 1202 4221 ut
1215 4180 1282 4221 cnm
1308 4165 1445 4235 navigare
1479 4162 1610 4234 incipiat,
1639 4161 1730 4217 mari-

74 4252 197 4308 subnixe
217 4253 327 4325 llagito,
344 4258 375 4309 nt
390 4255 434 4310 rel
461 4254 666 4326 interrogando
681 4254 825 4326 precedes
879 4273 932 4312 nas
953 4256 1045 4312 minas
1073 4270 1190 4310 securus
1216 4270 1276 4309 non
1300 4252 1404 4308 timeat
1431 4267 1525 4324 neque
1552 4251 1582 4306 in
1611 4251 1731 4306 latentes

71 4341 130 4398 sde
143 4342 230 4412 hujus
240 4342 293 4396 riri
303 4342 362 4397 vita
370 4346 536 4397 narrantem
552 4342 708 4410 intelligas,
723 4357 825 4398 seume
881 4345 973 4401 silices
999 4342 1117 4412 incidat,
1132 4342 1180 4397 sed
1192 4342 1275 4398 firmo
1290 4340 1440 4413 regiminis
1455 4339 1650 4411 gubernaculo
1676 4355 1730 4394 na-

71 4436 204 4503 ogantem
233 4431 360 4502 corrigas
384 4435 413 4486 et
439 4431 591 4502 praedictus
614 4430 733 4487 virtutes
760 4447 826 4488 nar·
883 4434 942 4491 vim
962 4431 1123 4503 dirigendo,
1139 4431 1233 4502 plenis
1253 4429 1322 4484 selis
1346 4446 1378 4485 ac
1401 4428 1545 4502 prosperis
1567 4429 1660 4484 ventis
1695 4428 1731 4483 ad

81 4518 209 4591 pleniter
247 4518 374 4574 edoceas.
410 4520 532 4574 Econtra
572 4519 621 4574 ille
654 4525 749 4591 grates
786 4535 828 4574 re·
883 4527 1000 4596 portum
1024 4518 1124 4574 salutis
1138 4517 1297 4590 perveniat.
1326 4517 1475 4573 Similibus
1499 4508 1592 4573 modi‘s
1619 4515 1730 4588 mugni-

71 4605 200 4678 ,inquit
215 4622 222 4661 :
239 4607 327 4661 «Tua
341 4605 441 4678 petitio
471 4606 514 4663 vel
543 4607 711 4676 admonitio,
739 4609 827 4664 earis-
882 4611 985 4667 tudine
1008 4608 1094 4680 hujus
1114 4605 1187 4661 fides
1214 4605 1298 4661 nobis
1325 4609 1368 4660 est
1401 4603 1598 4676 imploranda;
1619 4603 1728 4675 ingenii

75 4708 135 4751 non
157 4693 356 4763 vituperanda,
382 4694 431 4749 scd
451 4695 575 4751 multum
607 4695 680 4751 mibi
714 4696 828 4752 ridetur
883 4698 1024 4770 exiguitas
1038 4711 1074 4751 ex
1099 4699 1221 4765 utraque
1247 4697 1329 4764 parte
1348 4691 1488 4757 acuenda,
1504 4695 1535 4744 nt
1563 4690 1594 4744 in
1621 4690 1731 4760 vitupe-

71 4780 132 4839 nda.
162 4782 231 4846 Quae
250 4781 329 4836 enim
358 4783 482 4854 petendo
507 4783 589 4856 quasi
614 4783 761 4855 scripsisti,
791 4784 827 4840 ad
882 4789 1024 4843 rationem
1051 4783 1226 4850 invidorum,
1254 4795 1312 4835 non
1325 4779 1495 4846 incidamus,
1519 4778 1567 4833 sed
1594 4792 1660 4833 cum
1687 4792 1732 4830 sa·

71 4884 101 4925 ae
118 4869 245 4925 salubria
263 4871 407 4926 narrando
422 4871 607 4940 admonuisti,
628 4872 724 4944 sicque
751 4873 826 4928 salu·
881 4875 940 4932 lute
957 4872 1095 4930 adfinem
1110 4869 1320 4943 perveniamus.
1350 4868 1423 4923 Nam
1449 4865 1565 4921 invidus
1587 4863 1732 4920 adulando

80 4958 174 5014 verbis
189 4975 237 5015 me
247 4964 423 5015 commotum
435 4960 535 5016 iecisti.
565 4960 666 5017 Dixisti
689 4976 825 5033 numque,
881 4979 959 5035 saepe
982 4959 1109 5018 bominis
1145 4958 1219 5014 tacta
1250 4971 1376 5028 presens
1404 4954 1511 5023 laudat,
1539 4952 1641 5008 absum
1664 4967 1732 5006 uero

72 5063 85 5103 a
109 5048 203 5103 adbuc
218 5064 280 5103 esse
304 5048 427 5105 oblitum
450 5066 521 5105 meae
548 5050 782 5121 interrogationis
800 5053 827 5105 et
882 5051 964 5124 quasi
978 5046 1186 5106 rabiduscanis
1202 5044 1327 5100 inaniter
1355 5042 1487 5099 latrando
1510 5041 1663 5112 vituperat.
1679 5038 1733 5095 Sed

72 5135 140 5193 ibus
169 5137 262 5192 nostri
281 5139 412 5194 senioris.
430 5141 463 5195 Et
484 5155 537 5211 ego
568 5139 675 5211 qnippe
717 5155 827 5195 memor
881 5138 1020 5212 quoniam
1035 5137 1123 5192 timeo
1135 5135 1210 5190 ultra
1220 5147 1337 5189 narrare
1360 5130 1556 5202 iniquissimos
1580 5128 1732 5185 hominum

72 5241 138 5282 mere
166 5225 364 5299 inquisitionis
390 5243 423 5282 ac
448 5234 505 5283 tuae
527 5227 561 5282 de
591 5244 653 5299 eJns
671 5227 825 5285 virtutibus
881 5243 988 5296 mores,
1006 5222 1248 5280 venenoinridiae
1276 5219 1411 5276 toxicatos
1436 5235 1470 5273 ac
1495 5218 1576 5273 nulla
1592 5216 1650 5272 fide
1673 5221 1733 5273 sta-

688 5370 803 5425 VAlllAE
827 5366 1026 5426 terriones.

72 5487 444 5559 ermisuideturlcqcudum.
464 5495 488 5545 l.
516 5493 647 5560 iomarq.
686 5497 735 5546 ‘a
752 5497 842 5560 tuam,
860 5491 1102 5560 dilectionemque
1123 5491 1153 5543 l.
1193 5484 1318 5540 lsuenrus
1335 5487 1359 5539 l.
1397 5483 1559 5554 ‘plenius'l
