3878 6112
134 209 187 263 ddi
639 208 875 268 ausculanus
894 209 1161 268 woullaclnusts
1180 207 1380 292 uvlscovus.
1435 252 1439 256 .
1837 211 1889 266 5⁰8

133 333 182 384 aut
196 327 297 385 scribis
321 327 464 402 imperitis
489 329 546 385 sint
566 329 721 387 tribuenda
741 331 846 387 nescio.
870 331 978 387 Nihilo
995 331 1091 392 Anisi
1105 331 1179 387 liber
1192 330 1337 387 oblivione
1349 345 1424 402 pene
1443 329 1574 403 sepultus
1595 334 1624 385 st
1638 328 1769 385 codicum
1788 334 1888 386 aucto·

134 417 230 472 minus
244 433 424 490 quaecunque
439 417 559 489 alicujus
577 420 714 475 momenti
731 436 792 475 essa
807 420 977 476 videbantur
1031 420 1115 475 ritate
1125 420 1185 491 jam
1199 435 1317 491 prorsus
1330 419 1485 475 destitutus
1506 419 1636 475 edendus
1648 418 1760 483 luisset.

134 507 282 578 lectiones,
308 507 339 563 in
368 513 452 563 notas
481 507 575 576 retuli,
603 525 676 580 quas
698 513 777 563 certo
804 508 975 577 omisissem,
1613 506 1644 561 G.
1665 507 1779 563 Vaarz.

819 802 1200 896 raonooust

170 1009 261 1066 Vitam
284 1013 421 1082 actusque
446 1009 541 1065 labeas
561 1011 637 1067 beati
652 1011 743 1067 Patris
769 1016 799 1068 et
815 1012 981 1069 carissimi²
1035 1011 1095 1080 bat,
1122 1010 1263 1077 narrabis,
1279 1015 1307 1066 et
1332 1010 1514 1082 propositum
1538 1011 1628 1067 animi
1656 1013 1731 1067 tuia
1758 1028 1807 1068 me
1832 1031 1891 1070 non

136 1098 257 1154 senioris
283 1098 340 1153 mei
365 1098 522 1154 burchardi
549 1099 675 1171 episcopi
694 1117 759 1156 cum
779 1101 903 1158 scribere
922 1117 984 1156 me·
1035 1100 1149 1168 celabis,
1180 1099 1249 1171 quia
1276 1099 1312 1154 ad
1337 1115 1530 1172 quaecumque
1559 1117 1605 1156 me
1633 1101 1760 1170 vocabis,
1790 1118 1889 1159 meum

134 1203 198 1243 cum
215 1187 416 1254 deliberarem,
440 1193 483 1254 tu,
503 1189 608 1259 praesul
625 1189 752 1261 piissime
768 1191 809 1258 N,
831 1189 984 1246 occurebas
1037 1187 1190 1243 consilinm
1222 1193 1310 1258 atquo
1350 1187 1490 1243 auxilium
1521 1193 1653 1259 paratum
1691 1190 1823 1247 babebis.
1855 1222 1889 1233 -

135 1274 225 1330 menti
247 1291 330 1341 meae,
350 1280 383 1331 ut
398 1276 510 1331 nomini
525 1281 575 1331 tuo
597 1277 703 1349 scripta
725 1277 925 1350 consignarem
940 1282 984 1332 at·
1037 1278 1196 1348 Oportune,
1230 1275 1329 1343 frater,
1374 1276 1503 1348 inquam,
1537 1277 1638 1334 dilecte
1676 1279 1725 1347 mi,
1757 1295 1806 1334 mo
1843 1281 1887 1335 hic

134 1378 410 1435 queconsecrarem.
431 1365 489 1418 Tua
509 1381 635 1437 namque
657 1366 921 1437 sapientiacunctis
942 1370 984 1421 est
1036 1364 1180 1432 invenisti,
1209 1368 1237 1419 at
1261 1363 1344 1436 quasi
1367 1369 1517 1437 exoptatus
1542 1365 1614 1422 mihi
1645 1366 1799 1423 advenisti.
1826 1369 1886 1425 lam

134 1452 259 1523 cognita,
275 1455 303 1506 et
322 1468 380 1507 non
395 1454 489 1507 solum
512 1453 541 1508 in
557 1454 693 1525 propriis,
710 1455 759 1510 sed
774 1455 862 1514 etiam
884 1454 983 1509 inim·
1037 1453 1147 1508 dudum
1170 1452 1247 1506 enim
1268 1452 1357 1507 animi
1373 1453 1511 1523 propositi
1528 1454 1624 1525 aliqua
1644 1455 1689 1510 vel
1715 1455 1831 1512 dictatis
1845 1459 1887 1513 vel

135 1540 294 1612 parielibus
309 1540 409 1595 castris
423 1542 546 1597 sollertis
568 1543 696 1597 hominis
712 1542 839 1598 officium
854 1557 984 1598 exercere
1037 1539 1201 1612 proditione
1234 1539 1375 1594 sermonis
1414 1539 1467 1595 tibi
1490 1541 1602 1611 aporire
1630 1541 1807 1614 cogitabam.
1836 1545 1886 1601 Sed

135 1629 171 1682 ab
196 1627 332 1683 omnibus
355 1628 562 1700 comprobaris.
588 1631 743 1687 Ecclesiam
763 1636 858 1687 autem
882 1648 898 1687 a
926 1632 985 1686 Deo
1037 1628 1136 1684 multis
1150 1627 1283 1682 affectum
1309 1643 1407 1682 meum
1431 1626 1666 1699 impedientibus,
1691 1633 1887 1703 usquemodo

135 1714 187 1770 tibi
220 1715 400 1770 commissam
437 1716 563 1772 maxima
588 1718 757 1776 auctoritate
785 1718 926 1774 construis
957 1721 987 1773 et
1038 1715 1215 1772 differebam.
1230 1715 1336 1771 Verum
1350 1715 1427 1771 inter
1440 1717 1503 1772 haec
1517 1717 1608 1773 multa
1633 1718 1795 1776 marianum
1809 1722 1888 1789 {mibi

136 1803 223 1875 regis,
245 1808 274 1858 et
297 1819 418 1859 summae
438 1804 483 1859 vir
503 1804 619 1860 virtutis
641 1812 738 1877 aperte
761 1807 937 1878 predicaris,
958 1809 986 1861 et
1038 1803 1091 1860 duit
1120 1804 1174 1859 boc
1199 1802 1451 1874 impedimentum,
1477 1804 1556 1876 quod
1583 1821 1649 1877 que
1673 1807 1835 1878 excogitavi
1860 1808 1887 1864 in

136 1896 219 1961 pater
239 1906 400 1963 pauperum
419 1907 635 1964 egenorumque
659 1894 794 1949 solatium
815 1893 918 1949 morito
933 1908 985 1947 no·
1039 1893 1133 1964 palam
1144 1907 1279 1963 promere
1293 1891 1429 1947 dubitavi.
1447 1893 1510 1963 lpse
1521 1892 1598 1947 enim
1620 1893 1707 1962 nosti,
1725 1911 1817 1966 qnam
1831 1912 1888 1968 per·

136 1978 265 2035 minaris.
282 1979 363 2044 Quod
389 1980 419 2034 in
439 1997 485 2035 mo
506 1981 610 2036 misero
625 1981 805 2052 apertissime
825 1981 985 2050 ostendisti,
1039 1979 1141 2036 niciosi
1155 1985 1223 2035 sunt
1238 1979 1371 2034 hominos
1386 1979 1529 2048 moderni,
1553 1996 1641 2051 quam
1666 1982 1750 2053 pleni
1768 1982 1888 2038 diversa

137 2067 321 2138 quandoper
344 2068 438 2123 varios
458 2068 571 2125 laboras
594 2086 640 2125 me
663 2070 744 2126 valde
765 2069 941 2126 confractum
957 2075 987 2125 et
1039 2085 1104 2124 rum
1123 2068 1342 2140 cogitationum.
1367 2067 1441 2132 Quid
1468 2068 1493 2123 si
1520 2068 1636 2140 aliquis,
1663 2070 1777 2127 invidia
1795 2073 1888 2128 stimu-

138 2156 173 2210 ab
187 2155 322 2211 omnibus
337 2156 504 2227 despectum
528 2175 561 2213 ac
584 2159 745 2230 projectum
764 2159 986 2215 misericorditer
1039 2157 1127 2225 lanto,
1153 2156 1252 2213 videns
1284 2157 1345 2211 hac
1370 2156 1454 2225 dicta,
1484 2156 1528 2211 bis
1565 2157 1659 2213 rorbis
1698 2160 1886 2232 vituperando

137 2244 271 2315 recepisti
285 2247 380 2316 atque,
401 2250 434 2300 ut
453 2246 548 2301 decuit
570 2252 608 2310 to,
634 2248 791 2303 clementer
808 2225 1020 2303 consulendoB
1040 2261 1087 2300 me
1121 2245 1287 2310 confundat,
1322 2244 1428 2300 scilicet
1465 2261 1601 2318 magnam
1638 2262 1701 2302 esse
1730 2248 1886 2318 audaciam,

137 2334 232 2387 tecum
247 2331 352 2387 fovisti.
368 2333 456 2401 Talia,
479 2334 521 2388 mi
536 2337 630 2403 Pater,
650 2351 718 2406 erga
741 2340 770 2390 et
791 2352 848 2390 non
869 2351 985 2406 prome·
1041 2333 1119 2404 quod
1147 2348 1201 2405 ego
1215 2348 1326 2404 pauper
1345 2337 1374 2386 et
1401 2333 1504 2387 stultus
1524 2333 1717 2405 prudentibus
1731 2335 1802 2389 viris
1826 2352 1888 2408 pro·

137 2424 261 2473 rentem.
278 2419 340 2474 Non
356 2420 433 2475 enim
453 2437 516 2492 quae
537 2421 689 2476 hominum
710 2427 775 2478 sant
798 2424 913 2494 quaeris,
937 2426 985 2480 sed
1039 2437 1118 2492 pono
1134 2437 1211 2476 meas
1226 2420 1498 2492 propositiunculas,
1519 2423 1597 2477 nudo
1625 2427 1656 2478 et
1681 2423 1831 2480 sitibundo
1844 2424 1885 2479 in·

138 2507 657 2581 quaueisunt,uvomnibuspatet,
679 2518 865 2581 puramente
890 2512 985 2568 medi·
1041 2510 1128 2583 genio
1151 2509 1198 2564 vix
1224 2511 1406 2581 compactas?
1436 2511 1513 2576 Esto,
1537 2510 1638 2579 fateor,
1664 2527 1713 2567 me
1736 2528 1886 2585 pauperem

137 2596 217 2662 taris,
237 2599 266 2649 et
281 2611 341 2651 non
355 2597 390 2652 ad
410 2613 564 2668 personam
586 2598 707 2670 alicujus
730 2599 857 2670 respicis,
874 2601 922 2654 sed
938 2616 984 2655 re·
1041 2614 1102 2654 esee
1116 2614 1149 2652 ac
1164 2600 1282 2652 stultum
1300 2598 1371 2665 ;sed
1385 2598 1409 2652 si
1434 2613 1546 2669 pauper
1566 2615 1643 2667 sum,
1659 2598 1740 2654 divos
1755 2600 1819 2656 deri
1833 2617 1885 2656 non

138 2688 213 2738 ctam
227 2684 347 2739 coelestis
375 2685 487 2739 itineris
510 2687 641 2741 semitam
664 2703 763 2758 gressu
779 2703 831 2743 nec
845 2689 986 2743 titubante
1042 2686 1198 2753 erubesco;
1214 2685 1294 2740 dives
1317 2701 1384 2740 vero
1402 2700 1512 2755 pauper
1533 2685 1596 2740 lieri
1620 2685 1789 2755 erubescit3
1809 2687 1885 2743 sicuti

138 2771 277 2842 aequeris.
295 2773 367 2843 Ergo
380 2772 526 2829 dilectioni
550 2774 615 2829 vitae
636 2779 691 2830 tuae
709 2780 988 2849 perpetuaeconglu·
1040 2773 1157 2829 divitem
1172 2774 1299 2828 villicum
1312 2773 1436 2843 legimns
1459 2773 1618 2829 dixisset·
1646 2774 1808 2830 Mendicare
1829 2791 1885 2830 eru·

138 2858 289 2929 tinctione,
319 2861 345 2915 si
375 2877 519 2932 praesumo
552 2864 692 2933 conliteri,
726 2865 852 2933 sigillum
882 2866 987 2922 Christi
1040 2862 1216 2934 bescolbuc.
1233 2878 1290 2926 xvi,
1308 2864 1376 2931 3).»
1405 2862 1504 2918 Garios
1533 2861 1606 2918 mibi
1629 2867 1672 2917 est
1694 2879 1761 2919 cum
1787 2864 1885 2920 Lazaro

139 2947 265 3001 caritatis
278 2949 388 3018 pectori
404 2965 468 3004 meo
484 2949 656 3021 impressum
681 2955 732 3006 est.
757 2952 891 3017 Quamvis
908 2951 986 3006 enim
1039 2950 1134 3004 vivere
1148 2965 1316 3021 pauperem,
1328 2965 1415 3021 quam
1429 2965 1495 3004 cum
1509 2949 1597 3005 divite
1612 2950 1688 3005 mitti
1700 2945 1735 3005 in
1751 2958 1884 3008 aeternum

138 3035 237 3105 inopia
259 3036 301 3090 rei
322 3037 471 3092 lanviliaris
491 3040 522 3092 in
538 3040 666 3110 exequiis
686 3041 853 3095 exhibendis
875 3040 986 3111 copiam
1040 3037 1146 3109 ignem.
1166 3040 1310 3108 Pauperes
1333 3043 1362 3093 et
1390 3039 1460 3094 nudi
1489 3054 1590 3094 omnes
1613 3039 1673 3094 nati
1696 3055 1810 3096 sumus.
1838 3041 1884 3099 sed

139 3121 213 3176 milvi
227 3124 384 3193 negaverit,
407 3128 502 3179 umen
525 3141 589 3179 mea
605 3127 738 3180 voluntas
754 3143 868 3197 semper
886 3128 988 3182 devota
1041 3125 1110 3196 quid
1125 3125 1203 3180 dedit
1217 3125 1356 3194 animam,
1371 3126 1493 3197 largitur
1503 3132 1532 3180 et
1543 3141 1647 3194 escam,
1664 3127 1775 3199 quique
1788 3144 1883 3200 corpas

139 3209 171 3265 in
186 3211 297 3266 Christo
312 3212 364 3266 tibi
378 3214 514 3268 manebit.
531 3214 610 3268 Unde
632 3214 743 3268 nomini
764 3220 812 3269 tuo
827 3215 903 3270 istud
917 3232 986 3270 eon·
1041 3214 1156 3279 creavit,
1172 3213 1377 3268 vestimentum
1400 3213 1510 3268 tribuit.
1532 3214 1595 3284 lpse
1610 3215 1688 3269 anim
1709 3216 1810 3284 babet,
1831 3217 1885 3289 ipss

140 3299 245 3353 sacravi
261 3301 443 3370 opusculum,
460 3302 495 3357 de
523 3301 690 3356 amicissimi
716 3318 749 3356 ac
772 3303 987 3358 familiarissimi
1041 3301 1113 3356 mibi
1126 3300 1216 3368 dabit,
1233 3301 1302 3372 quia
1315 3301 1412 3356 anima
1427 3302 1493 3373 plus
1507 3306 1550 3356 est
1574 3318 1660 3373 quam
1681 3319 1757 3371 esca,
1778 3309 1809 3359 et
1829 3320 1883 3360 cor·

140 3387 183 3440 tui
197 3388 307 3442 actibus
321 3389 522 3460 compositum.
548 3391 665 3445 Noverit
678 3395 775 3445 antem
788 3391 914 3462 dignitas
927 3397 984 3460 tua,
1040 3405 1096 3460 pus
1108 3390 1173 3460 plus
1188 3404 1276 3461 quam
1296 3389 1511 3445 vestimentum.
1536 3390 1589 3444 llle
1604 3406 1722 3462 quoque
1747 3407 1881 3464 pauperes

140 3476 217 3546 quod
237 3492 295 3530 non
316 3493 368 3548 pro
395 3477 529 3548 snperbia
552 3478 649 3549 aliqua
663 3479 724 3533 hoec
739 3484 806 3534 sunt
818 3481 984 3551 composita,
1001 3496 1022 3552 q
1041 3494 1098 3532 non
1114 3477 1233 3549 spernit,
1260 3478 1309 3533 sed
1332 3477 1415 3549 eligit
1428 3479 1555 3544 infirma,
1571 3483 1604 3533 ut
1622 3478 1784 3535 contundat
1798 3480 1879 3536 tortia.

140 3562 201 3628 sed,
219 3564 276 3619 lleo
300 3569 382 3631 teste,
406 3564 442 3619 ad
457 3557 619 3620 oriundam
645 3566 822 3622 ociositatem
838 3568 986 3639 cordisque
1043 3567 1151 3622 Sivero
1166 3566 1259 3620 nudus
1281 3565 1436 3637 aridusque
1462 3582 1525 3621 sum
1541 3566 1667 3638 iugenio,
1684 3572 1785 3623 tamen
1804 3568 1880 3624 induo
1926 3582 1929 3611 ÷

140 3650 289 3718 desidiam,
303 3657 332 3707 ot
347 3653 469 3708 maxime
484 3654 521 3709 ob
536 3671 595 3710 suaa
614 3654 705 3710 beatae
718 3657 782 3711 vitoe
805 3657 986 3723 memoriam,
1041 3671 1087 3710 me
1103 3655 1261 3709 temeritate
1288 3653 1435 3726 loquendi,
1461 3654 1600 3725 quoniam
1626 3656 1709 3710 illum
1737 3673 1823 3728 spero
1847 3655 1879 3711 ad

140 3743 182 3806 nt,
205 3756 271 3795 cum
296 3756 346 3795 aua
370 3743 503 3812 legantur
531 3748 612 3814 gesta
635 3743 774 3815 piissima,
801 3744 989 3800 obstruantur
1039 3743 1175 3814 jutorum,
1192 3741 1243 3813 qui
1261 3741 1351 3796 dixit:
1368 3742 1483 3812 «lipari
1497 3758 1530 3796 os
1542 3746 1624 3799 tuum
1639 3747 1668 3797 et
1682 3741 1815 3814 implebo
1822 3742 1877 3799 illud

139 3842 191 3882 ora
208 3832 307 3883 contra
332 3828 415 3883 illum
441 3830 621 3900 loquentium
645 3830 755 3902 iniqua.
772 3831 802 3887 Si
825 3831 896 3903 quid
920 3848 987 3887 vero
1041 3830 1125 3902 (Psoi.
1152 3845 1234 3895 nxxx,
1254 3830 1337 3898 lt).·
1364 3830 1429 3900 lpse
1453 3829 1561 3902 quippo
1586 3829 1667 3899 juxta
1696 3847 1758 3886 svare
1774 3832 1877 3904 pronis

139 3913 302 3971 inordinate
327 3917 370 3970 vel
397 3917 530 3988 imperite
555 3919 705 3987 connexui,
736 3925 794 3974 tum
818 3918 988 3973 correctioni
1041 3919 1153 3973 sionem
1181 3916 1342 3972 clementiae
1369 3932 1435 3988 quae
1463 3917 1590 3972 facturas
1613 3917 1804 3991 dicturusque
1828 3934 1875 3976 sna
1924 3930 1929 3971 v

139 4007 168 4058 et
181 4003 345 4059 auctoritati
358 4005 487 4074 prolerre
504 4005 625 4075 decrevi,
642 4022 761 4077 sperans
783 4007 836 4062 hoc
862 4011 913 4062 tua
933 4006 987 4061 mi·
1040 4006 1181 4077 perllciet,
1196 4003 1380 4060 confirmabit
1398 4004 1598 4076 solidabitque.
1607 4007 1697 4091 '‘Ergo
1717 4006 1754 4062 de
1768 4007 1805 4062 iis
1818 4007 1874 4063 ultra
1923 4031 1929 4063 v

139 4091 293 4146 sericordia
315 4093 421 4164 corrigi
443 4098 473 4148 et
495 4093 620 4149 delendi.
645 4095 688 4149 Ad
711 4094 845 4150 ultimum
871 4110 987 4166 quoque
1040 4092 1119 4165 loqui
1136 4093 1247 4162 differo,
1268 4096 1296 4147 et
1322 4107 1387 4163 quaa
1414 4098 1511 4148 nostra
1525 4092 1612 4147 series
1631 4092 1713 4164 posci
1732 4089 1873 4166 promenda

139 4181 308 4250 opusculum
325 4180 400 4236 istud
424 4186 475 4236 tuo
487 4181 598 4254 judicio
612 4183 766 4254 subjaceat,
790 4187 832 4249 ut,
856 4182 911 4237 sibi
926 4182 988 4238 dis·
1040 4187 1098 4236 tuae
1114 4180 1260 4236 dilectioni
1274 4181 1384 4254 aperio.
1410 4181 1541 4237 Sanctam
1564 4181 1680 4252 [leoque
1696 4185 1872 4237 consecratam

139 4267 252 4338 pliceat,
274 4266 432 4337 aboleatur,
447 4270 472 4325 si
495 4285 561 4324 vero
581 4271 702 4340 placeat,
722 4271 757 4327 ad
783 4274 987 4326 testamentum
1041 4270 1133 4324 Vitam
1148 4269 1225 4324 beati
1245 4268 1337 4324 Patris
1355 4268 1446 4324 nostri
1473 4267 1628 4324 burchardi
1655 4268 1797 4342 episcopi,
1813 4264 1870 4324 omni
1920 4331 1921 4337 ἵ

138 4356 280 4411 factorum
296 4357 348 4412 Dei
372 4359 445 4414 servi
459 4363 615 4414 remaneat.
640 4388 675 4402 -
695 4360 771 4415 lstod
787 4363 987 4430 autem-opus·
1041 4357 1125 4412 laude
1138 4356 1348 4428 dignissimam,
1364 4356 1523 4412 secundum
1541 4356 1725 4428 moiingenii
1742 4356 1869 4413 modulam
1920 4424 1925 4431 Ι

138 4444 235 4498 culum
252 4445 306 4500 hoc
324 4447 408 4501 modo
433 4446 556 4518 sumpsit
572 4447 730 4503 exordium.
756 4449 828 4505 Cum
849 4447 895 4504 die
916 4463 986 4519 qua·
1040 4449 1070 4501 et
1094 4443 1274 4500 conscientiae
1301 4443 1499 4499 testimonium
1539 4443 1663 4500 seribere
1697 4444 1810 4500 animus
1836 4455 1868 4496 ns

140 4530 206 4585 dam
226 4532 287 4587 loco
302 4533 447 4588 secretiori
460 4534 563 4589 sedens
585 4550 699 4590 mecum
718 4535 830 4591 diversa
848 4535 987 4590 volvendo
1041 4532 1163 4590 assiduis
1190 4532 1421 4604 suggestionibus
1445 4533 1622 4588 incessanter
1661 4532 1808 4605 impulsat
1837 4527 1867 4585 tt

139 4634 199 4674 non
215 4620 275 4675 sins
289 4620 420 4692 suspiriis
444 4623 610 4693 cogitarem,
635 4638 716 4679 meus
736 4624 854 4695 quidam
869 4623 989 4678 lamilia-
1042 4622 1119 4694 quod
1135 4637 1208 4693 opus
1227 4619 1435 4692 perficiendum
1460 4625 1543 4675 tunm
1564 4619 1719 4676 eonsilium
1739 4617 1868 4692 paritas

138 4705 400 4771 rislinterveniens
429 4709 594 4782 hujusmodi
623 4711 762 4766 allocutus
794 4716 837 4767 est
862 4711 955 4766 verbis
977 4709 1182 4782 :pauxilium
1198 4709 1320 4780 supplex
1347 4707 1482 4781 imploro,
1509 4708 1578 4780 quia
1596 4707 1703 4764 divinis
1720 4708 1867 4780 psmoctan

139 4814 153 4850 s
186 4795 260 4862 Quid
292 4802 335 4865 tu,
366 4797 472 4870 inquit,
501 4798 542 4853 mi
568 4798 726 4866 carissimo,
756 4801 834 4855 solus
867 4798 914 4854 hic
949 4816 990 4855 se·
1043 4797 1221 4869 istarumque
1237 4801 1265 4852 te
1279 4796 1425 4852 conscium
1441 4800 1470 4852 et
1496 4796 1530 4853 ad
1559 4798 1613 4852 boo
1641 4797 1795 4868 negocium
1819 4789 1869 4850 ssu

139 4885 209 4940 deus
242 4884 339 4940 animo
374 4886 489 4942 turbato
523 4887 672 4943 meditaris
700 4889 716 4941 ‘l
750 4889 795 4943 vel
822 4903 873 4942 cur
905 4887 989 4943 solito
1042 4886 1178 4941 idoneum
1195 4901 1255 4941 esse
1283 4884 1351 4940 scio.
1377 4884 1478 4940 Adbuc
1506 4884 1584 4940 euim
1611 4900 1751 4941 nonaum
1773 4883 1870 4945 oblitu·

140 4973 249 5028 tristior
276 4974 390 5046 obstipo
416 4976 509 5046 capita
535 4980 642 5030 terram
669 4976 822 5032 intueris?
850 4975 880 5031 Si
911 4976 989 5030 enim
1043 4975 1188 5046 quomodo
1205 4974 1330 5046 quodam
1353 4973 1593 5028 confabulationis
1620 4978 1752 5045 tempore
1769 4974 1873 5029 multun

137 5147 201 5217 iam
216 5150 389 5206 turbaverat.
407 5152 493 5223 Ergo,
508 5151 532 5206 si
555 5151 624 5222 quid
647 5151 700 5207 tibi
718 5157 845 5207 mentem
870 5157 988 5206 contur-
1041 5151 1120 5208 illius
1146 5149 1241 5206 studia
1260 5154 1357 5206 sancta
1383 5154 1411 5206 et
1426 5166 1540 5206 morum
1568 5151 1753 5207 honestatem
1781 5150 1832 5207 tibi
1843 5165 1879 5204 rs·

846 5316 963 5371 VARlAE
982 5314 1180 5371 uucvlolvas.

177 5431 187 5466 ⁴
202 5432 330 5501 Protoqm
345 5438 416 5490 totus
429 5435 511 5491 deest.
550 5438 561 5472 ²
576 5434 737 5491 charissimi
753 5440 777 5492 l.
794 5436 938 5507 Ejusmodi
950 5437 1031 5492 uerbo
1045 5439 1159 5492 correxi.
