3878 6112
70 244 128 297 813
579 240 815 299 uacationem
835 243 929 299 LIBRI
948 241 1001 299 XX.
1021 270 1056 281 -
1075 240 1181 298 alena
1200 239 1324 299 NONUS.
1772 246 1825 301 611

70 368 118 421 28.
136 367 176 421 66
188 363 318 436 legitime
334 362 506 435 conjunctis,
527 362 550 417 si
566 363 638 418 alter
652 364 770 420 illorum
784 365 814 420 in
829 368 962 420 amon-A
984 363 1052 431 rint,
1078 362 1156 418 66161
1179 361 1286 433 impios,
1316 359 1506 418 ecclesiastice
1531 365 1733 421 communione
1761 366 1825 439 pri-

10 410 15 499 1
111 454 182 509 tiam
196 452 354 509 devenerit.
1014 451 1115 506 vaadae
1131 457 1207 506 sunt.

69 545 119 598 29.
139 544 178 597 66
192 540 331 613 legitimis
344 540 537 595 matrimoniis
552 556 709 597 servorum.
979 543 1022 596 68.
1041 539 1110 596 Utsi
1125 540 1179 594 6161
1206 540 1241 595 de
1262 539 1425 610 captivitate
1445 539 1577 612 regressi,
1603 539 1826 613 intemperantis
1897 527 1914 553 ’

10 650 12 655 ·
69 632 120 686 36.
136 631 167 686 81
181 629 283 684 furiosi
297 628 482 683 matrimonia
497 629 701 685 contraxerint.
1013 643 1135 684 uxorum
1152 628 1254 683 6116661
1280 645 1339 683 666
1365 628 1482 697 1666161,
1507 633 1536 684 61
1563 629 1706 685 voluerint
1730 646 1778 687 aas
1794 631 1827 688 in

71 720 121 775 31.
138 719 177 773 116
198 718 366 789 desponsata
380 718 487 788 puella,
499 717 523 772 si
547 718 619 773 61166
642 733 704 772 cam
720 717 750 772 in
775 717 923 774 matrimo-
1014 717 1148 788 conjugio
1163 716 1292 789 recipere
1306 717 1427 772 liberem
1437 717 1562 772 habeant
1578 716 1753 774 facultatem.

111 808 192 861 nium
208 806 298 877 possit
312 805 451 875 accipere.
979 808 1022 862 59.
1039 807 1079 861 66
1095 806 1145 860 1116
1155 807 1206 877 qai
1221 806 1251 861 in
1266 805 1435 877 paganismo
1445 822 1562 861 uxorem
1578 822 1658 862 suam
1673 806 1825 866 dimiserit.

69 898 120 952 32.
139 895 179 950 66
194 894 240 950 1616
254 893 306 966 qui
318 910 438 965 sponsas
452 892 561 948 alienas
581 894 707 965 rapiunt.
979 895 1023 950 60.
1038 894 1077 949 66
1092 894 1247 965 baptizato,
1265 895 1290 949 si
1310 909 1383 949 uxor
1402 895 1464 966 ejus
1478 894 1602 950 infidelis
1614 896 1743 952 converti
1762 913 1825 954 no·

70 986 120 1041 33.
137 982 237 1038 661616
256 982 306 1056 qui
322 982 444 1038 16161666
458 982 585 1054 rapiunt.
1015 982 1111 1038 luerit.

73 1073 122 1129 31.
139 1071 291 1128 Decedam
307 1087 348 1127 66.
979 1072 1023 1126 61.
1041 1069 1143 1126 661116
1158 1070 1209 1142 qui
1231 1075 1297 1128 6616
1316 1071 1491 1144 baptismum
1514 1069 1665 1127 mulierem
1683 1071 1825 1144 uirginem

72 1164 122 1216 35.
139 1160 237 1216 661616
251 1160 301 1232 qai
316 1160 432 1233 rapiant
447 1160 558 1231 puellas
572 1159 625 1214 666
640 1157 758 1214 nominc
769 1155 856 1213 simul
874 1155 924 1211 he·
1014 1161 1172 1230 acceperat.

114 1248 235 1306 biteadi.
978 1248 1023 1304 62.
1041 1248 1080 1302 66
1103 1246 1160 1302 11116
1183 1244 1299 1301 reminis
1323 1261 1389 1318 qaae
1412 1245 1489 1301 nulla
1511 1263 1596 1301 causa
1618 1247 1827 1304 interveniente

74 1341 123 1396 36.
141 1338 180 1394 66
195 1337 298 1410 puellis
313 1337 403 1411 raptis
415 1337 544 1392 nondum
558 1335 748 1408 desponsatis.
1016 1336 1196 1408 reliquerant
1209 1333 1285 1388 viros
1299 1350 1375 1389 suos.

75 1430 124 1484 ³7.
140 1428 181 1483 66
193 1426 283 1498 raptis
295 1425 481 1498 desponsatis.
980 1426 1025 1482 63.
1043 1425 1081 1478 66
1095 1423 1201 1478 semina
1214 1437 1280 1494 ques
1304 1421 1466 1477 aduiteram
1487 1422 1646 1494 reliquerit,
1668 1427 1697 1477 61
1720 1424 1827 1480 adulte·

77 1518 124 1571 311.
139 1515 179 1571 66
187 1514 287 1570 eadem
301 1531 342 1571 rc.
1016 1529 1081 1567 rum
1094 1511 1244 1582 acceperit.

76 1606 124 1660 39.
140 1605 181 1660 66
199 1602 298 1659 eadem
314 1619 355 1659 re.
981 1602 1024 1657 61.
1038 1601 1118 1666 06661
1145 1615 1239 1672 ucqrre
1267 1598 1401 1654 dimissus
1420 1599 1457 1654 66
1475 1615 1572 1666 arare,
1594 1615 1689 1671 neque
1711 1598 1829 1655 dimissa

74 1694 123 1750 16.
141 1691 255 1749 6611116
271 1692 366 1764 quiin
394 1689 578 1747 matrimonio
600 1693 668 1745 6661
694 1693 722 1744 61
734 1687 925 1744 concumbere
942 1653 962 1708 Β
1018 1689 1152 1744 66666116
1163 1688 1365 1760 conjungetur.

114 1795 175 1836 noa
190 1784 321 1851 possunt.
981 1781 1025 1835 65.
1039 1779 1078 1834 66
1093 1778 1143 1832 1116
1157 1776 1208 1850 qrri
1227 1776 1339 1831 vivente
1360 1776 1464 1832 marito
1483 1776 1635 1847 conjugem
1648 1775 1725 1832 illius
1745 1777 1830 1833 adul-

74 1869 125 1925 st.
142 1868 296 1925 Decedam
312 1884 353 1924 re.
1016 1872 1121 1922 teresse
1135 1869 1294 1931 accusatur,
1310 1870 1340 1921 61
1358 1881 1421 1921 earn
1441 1870 1506 1937 post
1523 1866 1586 1936 ejus
1608 1870 1731 1923 mortem
1749 1883 1828 1922 sam-

74 1960 122 2015 42.
141 1959 181 2013 66
195 1957 294 2013 eadem
310 1973 349 2013 re.
1016 1954 1311 2027 psisscdignoscitur.
1444 1950 1448 1955 ’

76 2048 125 2104 13.
139 2046 182 2102 66
194 2047 295 2102 cedem
310 2062 351 2101 re.
982 2047 1024 2101 66.
1043 2046 1082 2101 66
1100 2044 1201 2099 eadem
1217 2058 1257 2097 re.

77 2134 126 2191 11.
141 2133 183 2190 66
197 2133 298 2190 eedem
313 2150 354 2189 re.
982 2137 1025 2190 67.
1047 2134 1086 2187 66
1105 2132 1155 2187 1116
1175 2131 1226 2203 qui
1246 2146 1363 2186 uxorem
1385 2130 1482 2198 habet,
1498 2136 1528 2187 ot
1547 2131 1652 2203 sepias
1671 2132 1830 2188 maechatus

78 2221 369 2293 16666661636116,
390 2219 441 2292 qui
460 2216 790 2290 6666166166611666666
816 2216 927 2274 deside·
1017 2221 1114 2278 166611.
1599 2263 1603 2273 .

115 2313 193 2365 rant.
982 2313 1025 2366 66.
1045 2310 1075 2366 Si
1101 2309 1191 2364 laicus
1215 2308 1362 2363 absolutus
1387 2325 1452 2364 curu
1477 2308 1547 2364 laica
1574 2307 1706 2365 absoluta
1726 2325 1830 2382 pecca·

78 2397 124 2454 16.
140 2397 182 2453 66
195 2395 258 2452 6166
273 2394 323 2468 qui
335 2406 454 2452 uxorem
470 2411 551 2452 suam
567 2393 660 2449 661666
675 2391 851 2464 permiserit.
1017 2399 1098 2455 uerit.

79 2487 126 2541 17.
140 2485 189 2558 {De
214 2484 346 2553 1111111616,
366 2484 391 2539 si
411 2484 473 2540 sine
493 2482 607 2540 licentia
621 2481 674 2537 viri
694 2481 738 2536 sui
759 2482 855 2536 16111111
874 2479 928 2536 sibi
984 2491 1026 2545 69,
1046 2489 1083 2543 De
1099 2503 1186 2542 uxore
1202 2502 1265 2558 quae
1278 2485 1391 2540 conscio
1406 2486 1510 2541 marito
1525 2486 1665 2542 moechata
1681 2485 1775 2542 fuerit,

115 2572 299 2644 imposuerit.
983 2579 1026 2633 76.
1044 2579 1083 2632 De
1099 2575 1159 2630 viro
1171 2590 1290 2630 uxorem
1305 2590 1362 2629 non
1387 2574 1523 2642 habente,
1538 2576 1562 2630 si
1583 2590 1649 2630 cum
1674 2590 1762 2630 uxore
1788 2574 1827 2630 al·

83 2660 127 2719 18.
144 2663 185 2718 66
209 2662 270 2717 viro
295 2661 429 2734 quisine
455 2661 551 2717 erroris
574 2659 715 2731 permissa
741 2658 929 2713 monasticem
1017 2663 1107 2719 terius
1122 2661 1293 2717 adulterium
1306 2661 1524 2732 perpetraverit.

115 2750 206 2806 vitam
220 2751 389 2823 susceperit.
984 2757 1027 2809 7l.
1050 2755 1088 2808 66
1104 2750 1263 2823 conjugatis
1278 2751 1328 2823 qui
1343 2750 1442 2823 eliqua
1456 2754 1533 2806 certa
1548 2766 1579 2807 rc
1594 2750 1746 2806 discidium
1761 2750 1833 2806 leco·

85 2839 126 2893 16.
143 2838 183 2895 66
197 2838 300 2910 663166
312 2838 488 2910 1616161636,
504 2854 569 2910 3666
585 2852 669 2892 carisa
684 2835 834 2907 religionis
853 2849 929 2890 are·
1018 2843 1085 2905 rint,
1104 2847 1136 2896 61
1150 2839 1244 2912 inupti
1260 2843 1408 2894 maneant.

10 2938 16 2977 1
117 2927 166 3001 gia
180 2927 321 2999 dignitate
333 2927 478 2983 discedere
492 2928 632 2981 voluerat·
945 2938 965 2994 c
984 2934 1027 2988 71.
1044 2929 1154 2986 6611116
1169 2928 1218 3001 qui
1233 2928 1441 2983 interveniente
1456 2927 1578 2999 repudio
1592 2926 1657 2983 aliis
1677 2944 1707 2983 66
1721 2926 1752 2982 16
1768 2943 1830 2984 666·

14 3004 20 3025 ⁵
89 3016 127 3072 66.
143 3016 184 3071 66
205 3015 337 3072 Lotherio
360 3032 428 3087 rege
447 3015 497 3088 qui
517 3011 931 3071 666666666666616666166116
1018 3020 1154 3076 arimonio
1169 3016 1376 3089 copulaverint,

118 3104 275 3161 detinebat.
984 3111 1027 3165 76.
1043 3109 1072 3163 Si
1094 3106 1175 3178 cnjus
1204 3122 1276 3161 uxor
1300 3109 1487 3177 constuprata
1509 3104 1607 3175 166611,
1631 3109 1659 3160 61
1680 3107 1834 3177 propterea

89 3193 128 3250 11.
147 3193 186 3248 66
200 3192 341 3265 singulari
360 3193 514 3249 6661666166
543 3192 620 3264 quod
643 3190 791 3246 Lolharins
814 3189 931 3246 molitas
1020 3197 1139 3253 maritus
1155 3195 1273 3266 perdere
1289 3194 1368 3250 illam
1385 3193 1603 3250 machinaverit.
1683 3190 1688 3195 “

26 3320 34 3329 .
119 3287 162 3337 est
173 3287 273 3337 contra
287 3282 481 3354 'thietbirgam
493 3297 610 3337 uxorem
626 3295 718 3334 1111111.
822 3314 825 3319 -
984 3288 1029 3343 11.
1046 3288 1085 3343 66
1098 3302 1142 3353 66,
1154 3285 1179 3340 61
1193 3284 1332 3357 quiscum
1345 3300 1431 3339 uxore
1443 3283 1572 3350 alterius,
1586 3283 1700 3339 virente
1713 3298 1758 3352 co,
1774 3283 1830 3339 lor·

23 3388 31 3431 ,ι
86 3370 127 3426 52.
143 3369 511 3428 6616661666166616116616
527 3371 681 3440 inculpata,
704 3368 728 3422 61
747 3384 811 3422 cum
828 3366 931 3422 marito
1020 3376 1131 3431 meatus
1147 3375 1242 3429 fuerit.

119 3456 204 3514 debet
223 3459 298 3515 inire
320 3466 464 3516 certarnen
485 3459 586 3531 legale,
609 3473 668 3512 666,
694 3455 827 3528 potestati
851 3455 931 3526 prius
984 3467 1029 3520 75,
1047 3460 1291 3534 [161636666661
1315 3460 1471 3532 ingenuam
1490 3461 1633 3532 acceperit
1651 3472 1784 3527 uxorem,
1805 3464 1834 3516 ct

121 3547 218 3615 616661,
233 3552 288 3604 616.
1019 3555 1120 3624 postea
1134 3566 1163 3604 se
1174 3564 1287 3604 serrum
1297 3548 1405 3604 lecerit.

83 3633 132 3692 53.
149 3636 302 3696 66661666
317 3653 359 3693 66.
984 3642 1029 3695 76.
1044 3640 1083 3693 66
1098 3637 1156 3693 11116
1175 3635 1346 3708 conjugatis,
1365 3650 1490 3709 quorum
1506 3635 1583 3707 leges
1612 3634 1732 3690 diversae
1753 3638 1830 3693 sant.

18 3744 23 3813 ἱ
82 3722 129 3780 51.
144 3725 183 3780 66
197 3724 320 3800 illisqui
334 3726 364 3782 ia
381 3725 451 3781 elias
466 3722 628 3797 provincias
647 3720 775 3793 lugerint
797 3724 847 3776 sut
864 3735 931 3775 suos
985 3732 1029 3784 77.
1046 3728 1102 3784 Cur
1116 3724 1360 3782 communicantes
1378 3723 1433 3779 6161
1449 3739 1514 3779 cum
1539 3721 1676 3779 adulteris
1694 3722 1833 3778 uxoribus

18 3832 24 3883 ,6
119 3813 247 3868 seniores
262 3815 352 3871 secuti
364 3815 482 3882 1666161,
500 3818 529 3868 61
543 3827 647 3868 uxores
667 3826 732 3865 suas
758 3808 837 3864 domi
863 3809 930 3864 reli·
1022 3832 1078 3872 non
1093 3814 1274 3871 conveniant.

10 3890 26 3975 ,ξ
121 3902 249 3973 quierint.
985 3909 1030 3962 76.
1046 3904 1126 3970 Quod
1143 3920 1202 3959 non
1226 3900 1377 3957 conveniat
1400 3898 1578 3957 Christianos
1602 3915 1668 3955 cam
1692 3897 1835 3954 hereticis

19 3978 26 4061 1
85 3986 325 4048 semiaminis
351 4007 416 4065 ques
444 3989 535 4062 captis
562 3987 640 4056 viris,
663 3986 709 4043 661
732 3985 764 4043 16
784 3983 931 4059 ceptieite·
1022 3993 1161 4065 nuptialia
1169 3992 1236 4063 jura
1248 3987 1426 4045 contrahere.

10 4062 29 4167 2³
120 4090 189 4156 tem,
203 4092 260 4148 etc.
986 4085 1030 4140 79.
1047 4079 1150 4137 ludicii
1164 4077 1348 4135 examinatio.

86 4172 131 4230 56.
146 4173 227 4241 Quod
244 4193 302 4233 non
316 4177 453 4251 probetur
477 4190 540 4231 esse
567 4171 717 4245 culpabilis
746 4170 796 4243 qrri
812 4186 932 4227 uxorem
988 4173 1032 4228 86.
1048 4169 1194 4242 Separatio
1205 4168 1320 4223 1666616
1333 4165 1535 4238 copulationis.

10 4174 43 4467 ,ἱ
123 4264 198 4336 cepti
210 4265 241 4321 iu
255 4265 441 4323 matrimonio
456 4265 570 4320 ridetur
584 4278 645 4318 esse
658 4260 785 4317 sortitas.
989 4263 1033 4316 81.
1049 4257 1253 4316 Reconciliatio
1268 4255 1499 4328 conjugatorum.

147 4354 184 4410 Ut
199 4354 223 4410 61
243 4355 380 4412 mulieres
400 4356 435 4411 ad
458 4355 569 4428 priores
583 4350 703 4407 maritos
722 4348 815 4405 redire
831 4347 933 4404 nolue·
988 4350 1033 4405 81.
1047 4349 1087 4404 66
1102 4347 1203 4403 eedem
1218 4360 1262 4401 re.
