3878 6112
85 232 121 292 43
738 228 766 283 S.
789 225 930 283 lllilllllCl
952 223 1190 284 terruncius

88 363 182 418 otium
196 358 324 416 etardor
345 356 526 421 accesserint,
543 354 577 410 od
606 370 667 409 rem
696 353 830 408 trieterica
854 354 972 408 exse-A
993 351 1116 422 gloriam
1139 352 1301 418 contulerit,
1326 349 1459 422 proprius
1487 350 1636 420 explorare
1664 365 1723 404 non

91 451 235 524 quendam
259 454 379 504 conatus
410 451 510 502 noster
543 445 706 517 praeluceat.
736 443 766 498 ld
795 441 939 512 precipue
994 439 1211 512 deiectuipsius
1230 438 1335 510 operis,
1352 438 1430 511 quod
1446 438 1566 492 sollicite
1590 438 1728 494 custodiri

92 537 269 595 difficultatis
296 537 327 591 in
357 534 503 592 chronicis
530 533 586 588 illis
607 531 781 588 Germanicis
805 529 938 597 occurrit,
992 529 1074 601 ligo:
1091 534 1130 596 at,
1146 545 1210 583 cuin
1226 528 1328 582 vixerit
1342 526 1447 582 seculo
1460 532 1668 594 xv1,mortuus,
1685 532 1745 581 ute

93 628 169 700 quod
184 642 242 681 uno
257 624 485 696 smpirrs,i1noet
512 620 644 693 pluribus
658 620 741 673 annis
756 619 792 673 ab
817 619 938 674 invicem
993 618 1130 690 scripturn
1144 623 1186 673 est
1199 633 1297 672 mense
1319 615 1474 670 Februario
1491 615 1559 669 anni
1584 617 1661 682 ¹529,
1687 615 1744 670 iaci

94 716 255 777 deflectant,
272 719 304 768 nt
317 713 348 768 in
365 710 536 777 Adelboldo,
550 710 687 775 Ditmaro,
714 706 939 778 chronographo
994 707 1095 778 ligitur
1122 722 1209 779 quam
1238 706 1268 760 in
1292 705 1396 760 suade
1420 703 1526 758 sanclis
1552 704 1674 758 Henrico
1695 709 1724 757 et

93 805 215 869 Saxone,
250 799 409 856 Annalibus
443 797 706 853 lllldesemensibus
741 800 769 849 et
795 795 859 849 aliis
885 793 940 848 evi·
995 797 1091 868 gande
1111 794 1279 850 Germanica
1300 793 1432 859 historia,
1457 808 1545 857 anuo,
1585 798 1618 846 ut
1655 791 1745 856 aiunt,

94 892 196 946 denter
216 894 303 962 petet.
337 890 375 942 lle
405 903 438 941 ea
454 885 659 956 repericulnm
682 884 776 938 facore
796 881 940 955 planeub·
994 885 1178 951 edita,lidem
1191 882 1349 954 promereri
1359 881 1458 953 possit,
1476 881 1507 935 in
1522 880 1557 934 iis
1585 880 1745 951 praesertim

95 981 240 1045 riumest,
257 978 280 1031 si
297 973 772 1043 adelboldum,Chronographum
801 971 940 1027 &sunem
994 967 1655 1045 anonymonostro‘srrparaduendaputaverit
1684 969 1745 1026 Alio

94 1072 124 1122 et
135 1067 225 1122 dictos
244 1065 369 1120 Annales
383 1079 448 1117 cum
464 1062 593 1117 [litmaro
607 1060 761 1115 contuleris
777 1075 785 1126 ;
800 1058 842 1114 illi
863 1058 940 1113 enim
994 1061 1125 1117 novimus
1136 1059 1231 1133 quido
1253 1060 1281 1115 S.
1299 1059 1412 1113 llcnrici
1438 1058 1496 1111 vita
1509 1064 1534 1111 et
1551 1057 1639 1124 gestis
1658 1074 1691 1111 ex
1715 1073 1745 1128 pr

94 1155 218 1226 primam
238 1154 266 1208 S.
288 1151 402 1207 llenrici
418 1152 447 1205 in
466 1151 577 1205 ltaliam
594 1149 805 1220 expeditionem
828 1147 941 1202 disertis
995 1149 1194 1217 tractaverint3
1217 1164 1311 1219 neque
1338 1147 1482 1201 variorum
1494 1146 1657 1216 fragmenta
1671 1149 1725 1201 aut

94 1241 312 1298 terminisanno
330 1241 397 1296 1004
412 1240 573 1308 innectunt,
589 1253 675 1309 quam
707 1238 862 1302 llitmerus,
879 1251 940 1290 non
996 1253 1152 1310 congerere
1177 1236 1266 1306 lubet,
1294 1252 1331 1290 ne
1354 1233 1528 1305 importunis
1551 1233 1723 1288 eorumdem

93 1329 189 1387 minus
216 1327 358 1400 expressis
384 1327 478 1381 verbis
506 1341 583 1380 anno
607 1324 739 1396 sequenti
765 1324 842 1390 1005,
874 1339 938 1377 cum
995 1326 1214 1399 repetitionibus
1229 1324 1347 1380 tedium
1362 1323 1462 1378 lectori
1483 1322 1680 1393 potiusquam
1710 1337 1746 1376 vo

93 1417 238 1489 plerisque
263 1416 326 1471 aliis
352 1414 548 1486 scriptoribus,
581 1429 653 1484 quos
681 1412 813 1467 moderni
833 1412 941 1483 passim
996 1421 1055 1471 tem
1070 1415 1233 1483 afferamus,
1249 1413 1285 1468 ad
1300 1414 1386 1485 paulo
1401 1411 1515 1466 utiliora
1529 1410 1708 1466 festinantes.

94 1521 160 1560 cum
174 1504 297 1559 Beronio
324 1509 494 1574 sequuntur,
523 1503 682 1573 consignat,
702 1500 733 1556 in
760 1516 818 1572 qua
843 1506 941 1555 tamen
996 1503 1010 1575 ἓ
1038 1505 1095 1559 llll.
1129 1505 1193 1558 Vitu
1220 1504 1248 1558 S.
1279 1500 1392 1556 llenrici
1414 1501 1535 1568 Ditiupae
1560 1499 1673 1564 culpate
1696 1513 1745 1552 unc

94 1598 175 1665 parte
192 1593 351 1649 Ditmarum
374 1592 493 1647 omuino
519 1590 708 1646 deserendum
730 1588 936 1655 existimamus,
1032 1593 1075 1648 nt.
1092 1588 1596 1661 011aetriadisputatasirnthactonus
1611 1591 1737 1657 etporro

94 1681 340 1753 quemadmodum
354 1680 430 1735 infra
442 1681 530 1751 paolo
545 1679 636 1735 luaius
651 1684 679 1733 et
693 1678 798 1733 clarius
817 1677 940 1732 demon·
996 1687 1094 1737 tantur
1107 1687 1167 1735 toro
1183 1680 1237 1735 boc
1247 1680 1282 1734 da
1296 1678 1383 1749 gestis
1396 1677 1423 1733 S.
1447 1675 1560 1730 llcnrici
1589 1675 1706 1746 praevio,
1729 1690 1745 1729 o

95 1769 244 1825 strabitur.
996 1785 1103 1837 camus,
1115 1766 1333 1832 commentario,
1342 1766 1403 1837 jam
1414 1765 1524 1820 dudum
1535 1766 1624 1835 praelo
1638 1769 1738 1835 parata

79 1860 85 1932 J
129 1860 173 1912 tlt.
187 1858 222 1912 Ut
235 1862 333 1912 ariteni
353 1855 498 1927 intelligas
512 1871 599 1927 quam
625 1853 811 1925 imperfectus
840 1852 941 1908 hodie·
997 1851 1730 1928 quandoinnotitiamrenitt'itaanonymasancti

95 1945 163 2000 dnm
179 1950 295 2000 maneat
312 1945 464 2011 ltitnrarus,
480 1944 566 1997 etiam
583 1948 696 2014 prouta
713 1941 853 1997 leibnitio
882 1958 939 1995 nou
995 1944 1109 2007 ratoris,
1134 1943 1255 2014 Dilingm
1284 1942 1379 2014 aliquo
1403 1941 1551 1997 societatis
1566 1945 1670 1994 nostrae
1699 1953 1745 1994 sac

94 2033 136 2088 ita
150 2033 262 2104 pridem
281 2033 375 2087 editus
403 2038 455 2100 est,
481 2038 509 2086 ct
533 2031 650 2087 [litmari
666 2030 790 2085 restituti
816 2031 942 2102 appella·
996 2032 1072 2105 typis
1095 2031 1180 2099 edita,
1204 2048 1250 2086 on.
1277 2031 1355 2096 tcta,
1381 2030 1481 2085 formis
1508 2027 1687 2084 academicis.
1714 2028 1745 2082 Er

95 2121 173 2175 tione
206 2121 241 2176 ad
266 2120 449 2191 splendorem
481 2120 614 2185 donatus,
641 2135 673 2174 er
700 2119 736 2173 iis
763 2124 843 2190 patet
877 2135 941 2191 quae
997 2118 1165 2190 tempestiua
1179 2117 1367 2182 nanciscerer,
1388 2116 1501 2171 nullum
1524 2131 1583 2171 nou
1597 2114 1726 2186 lapidem

96 2215 194 2264 noster
219 2208 379 2279 lannlngus
407 2207 506 2278 paucis
531 2207 669 2262 indicavit
709 2212 788 2262 torno
807 2207 840 2262 vt
864 2207 942 2261 lunii
997 2206 1109 2279 scriptis
1124 2205 1155 2260 in
1169 2206 1350 2261 Germaniam
1364 2204 1402 2259 ad
1428 2205 1534 2259 amicos
1558 2202 1671 2267 litteris,
1696 2201 1745 2274 qui

95 2312 161 2367 pag.
177 2299 221 2362 38,
238 2297 341 2368 quibus
361 2297 439 2352 haud
468 2311 558 2367 pauca
581 2295 639 2349 alia
658 2295 764 2350 similia
794 2295 942 2350 observata
997 2295 1234 2357 effeclnmestut
1251 2295 1361 2349 favente
1376 2309 1490 2364 semper
1502 2292 1535 2347 ll.
1552 2293 1583 2347 P.
1603 2291 1721 2346 Nicolao

94 2389 289 2455 annotataque
307 2383 436 2455 reliquit;
453 2398 518 2454 qure
532 2381 754 2437 omniatametsi
774 2382 810 2437 ab
832 2382 942 2438 editore
996 2383 1112 2454 collegii
1122 2382 1212 2437 nostri
1229 2380 1446 2452 bambergensis
1461 2383 1593 2449 Rectore,
1615 2394 1693 2449 slepe
1718 2393 1745 2433 m

97 2471 237 2527 leibnitio
248 2471 401 2525 emendata
415 2470 544 2535 luissent,
562 2485 656 2542 neque
671 2470 711 2524 sic
725 2476 825 2524 tamen
852 2469 942 2525 facilis
997 2473 1101 2528 merito
1117 2472 1153 2527 ob
1168 2477 1301 2526 clavatam
1320 2471 1448 2525 sedulam
1460 2477 1489 2524 et
1515 2473 1694 2523 constantem
1724 2482 1743 2521 o

95 2565 209 2630 pateret
234 2561 329 2615 aditus
353 2565 384 2613 ut
415 2574 449 2613 ex
468 2558 594 2613 [litmaro
622 2558 840 2614 continuaretur
866 2564 943 2614 recta
997 2560 1152 2627 laudando,
1179 2560 1327 2630 exemplar
1354 2558 1538 2626 obtinuerim,
1564 2557 1599 2613 de
1623 2556 1746 2626 cnjusa

96 2647 124 2703 S.
141 2646 254 2703 llenrici
284 2648 412 2715 historia,
429 2646 460 2700 ni
476 2647 485 2699 i
501 2646 566 2718 quis
591 2647 672 2719 prius
691 2647 721 2701 in
747 2663 782 2702 eo
812 2647 942 2704 sedulam
997 2650 1230 2721 paucaprimum
1253 2647 1412 2718 subjiciam,
1425 2652 1486 2700 tum
1502 2646 1536 2701 de
1560 2645 1621 2716 ejus
1639 2645 1742 2699 instita

96 2740 325 2806 operampunat,
347 2735 382 2789 ad
407 2735 569 2790 Chronicon
598 2736 673 2790 istud
705 2735 854 2809 incapite
879 2753 941 2803 siin,
997 2739 1111 2809 tiusque
1130 2736 1260 2808 opusculi
1274 2735 1515 2806 preti03demum
1530 2750 1563 2789 ea
1580 2748 1745 2805 percurram

95 2824 292 2893 paragrapbos
302 2826 330 2876 et
344 2837 481 2876 numeros
503 2821 701 2890 dividendum,
731 2838 853 2895 eamque
880 2840 944 2895 ope·
997 2827 1032 2881 ad
1044 2825 1214 2881 illustranda
1225 2824 1320 2881 Sancti
1332 2830 1413 2895 gesta
1427 2823 1494 2877 hinc
1507 2822 1573 2877 inda
1585 2822 1739 2877 observatu

95 2909 198 2965 rosiori
212 2908 465 2980 diligentialucem
487 2909 705 2978 effundendam,
731 2925 789 2980 quo
816 2909 942 2981 singulo·
958 2912 978 2968 C
997 2914 1208 2980 existimarem,
1224 2913 1264 2967 ibi
1278 2913 1435 2984 praesertim
1452 2911 1501 2966 ubi
1516 2911 1617 2966 eadem
1633 2915 1745 2965 tractata

96 3014 157 3054 rem
175 3014 307 3053 amorum
330 2997 440 3069 periodi
456 2998 532 3052 inter
545 3013 575 3052 se
598 3003 673 3053 recte
698 3003 727 3053 et
750 2999 880 3070 apposite
895 2998 938 3053 di·
996 3018 1062 3075 qnae
1075 3002 1111 3057 ab
1124 3002 1280 3057 Adelboldo
1302 3000 1345 3054 vel
1359 3005 1509 3070 anonymo
1535 3006 1643 3065 nostro,
1671 3015 1745 3070 quos

95 3087 293 3157 stinguantur3
308 3087 436 3158 sicquae
465 3085 564 3141 multis
586 3086 812 3156 confusionibus,
827 3092 857 3142 et
876 3087 942 3142 binc
996 3089 1129 3145 strandos
1139 3089 1327 3159 suscepimus,
1350 3093 1622 3142 commemorantur.
1638 3087 1673 3143 Ut
1688 3088 1745 3143 ides

95 3176 163 3231 inde
173 3175 319 3230 erroribus
329 3174 941 3245 opus,creteraaestbmatissimum,studiose
996 3177 1099 3233 rissub
1113 3177 1209 3249 ipsum
1224 3175 1399 3248 principium
1427 3179 1533 3246 pateat,
1558 3190 1594 3230 en
1617 3176 1680 3246 ejus
1700 3175 1745 3231 titi

95 3263 265 3318 vindicetur.
281 3263 309 3317 ld
327 3261 528 3332 niibiquidem
543 3268 608 3333 post
621 3264 741 3334 tongum
756 3262 853 3334 operis
872 3279 942 3318 cra·
999 3289 1010 3316 ι
1036 3267 1063 3323 S.
1090 3266 1229 3322 ilenricus
1266 3266 1423 3336 Imperator
1443 3267 1600 3334 Augustus,
1624 3263 1745 3318 bavarie

97 3350 214 3405 nienita
228 3352 420 3406 necessarium
441 3351 533 3404 visum
557 3355 610 3416 est,
638 3354 679 3418 ut,
702 3350 759 3405 nisi
781 3351 942 3406 innumeris
995 3371 1071 3422 xxxi,
1083 3354 1242 3426 religionis,
1256 3352 1427 3424 prudentiae,
1440 3352 1626 3419 tortitudinis,
1651 3353 1745 3407 castln

95 3439 358 3504 allisdistraberer,
389 3439 425 3495 ab
454 3455 487 3493 ea
511 3439 658 3509 provincia
683 3439 865 3511 suscipienda
888 3440 942 3495 rni-
996 3441 1286 3515 clementiaeatiisque
1300 3441 1422 3497 heroicis
1443 3442 1582 3512 exemptis
1605 3442 1745 3512 praecteru

79 3526 175 3590 ,nima
190 3528 385 3583 abhorrerem.
402 3527 532 3594 Coulldo,
566 3527 630 3581 aliis
650 3528 716 3598 plus
745 3527 796 3582 otii
823 3528 886 3584 lore
913 3534 944 3584 ut
996 3529 1188 3585 mirationiet
1215 3528 1369 3584 imitationi
1384 3545 1484 3584 recens
1498 3528 1693 3599 propositusa
1714 3544 1745 3600 qi

94 3614 304 3687 rempublicam
328 3614 495 3669 litterariam
519 3619 578 3669 tam
593 3612 681 3685 digno
704 3629 823 3670 munere
860 3631 942 3670 eror-
996 3617 1224 3675 Soaiclatislesu
1244 3617 1399 3684 sacerdote,
1415 3616 1547 3687 ltilingae,
1580 3615 1680 3671 lormis
1705 3632 1745 3672 act

94 3703 344 3776 nentrocarique
370 3703 441 3758 adeo
465 3703 532 3773 jure
560 3702 652 3772 possit
675 3705 825 3775 egregium
850 3704 941 3760 Cbro·
997 3706 1047 3774 cis,
1063 3722 1139 3761 anno
1153 3720 1334 3761 uncinum.»

95 3791 182 3849 nicon
205 3792 375 3847 ‹llitmerus
398 3791 547 3846 restitutus
563 3795 590 3845 el
610 3790 868 3848 illustratusssed
883 3793 942 3848 brec
1034 3798 1080 3851 65.
1109 3799 1272 3866 dnoymum
1293 3793 1461 3866 scriptorem
1483 3794 1629 3864 appellant
1652 3792 1745 3848 ltamb

94 3878 274 3939 ubiterdicte
301 3885 402 3946 sunto;
427 3885 583 3950 supersunt
608 3879 791 3936 diitlcultstes
811 3880 842 3936 in
865 3885 942 3936 Ano·
998 3900 1043 3938 ses
1070 3886 1098 3937 et
1126 3883 1176 3939 alii
1204 3883 1318 3955 passim,
1347 3898 1452 3952 nempe
1477 3883 1552 3954 quod
1571 3897 1677 3937 nomen
1697 3882 1730 3937 in

94 3984 182 4041 nymo
209 3968 410 4039 explanandae,
444 3980 578 4040 ‘quarum
593 3970 746 4023 nonnullas
770 3971 830 4040 jam
852 3986 940 4041 supra
997 3987 1163 4043 expressum
1176 3988 1235 4027 non
1259 3971 1310 4038 sit,
1328 3986 1394 4026 nam
1409 3970 1500 4042 digito
1525 3987 1591 4025 eum
1616 3984 1745 4027 common

94 4057 188 4129 attigi,
203 4073 308 4128 nempe
324 4056 399 4111 circa
422 4056 517 4112 Sancti
527 4070 629 4127 mnus,
641 4071 758 4122 nomen,
785 4072 940 4127 agnomen,
997 4065 1056 4114 tam
1067 4060 1149 4115 facile
1162 4064 1206 4114 est
1218 4065 1261 4126 ut,
1274 4060 1319 4113 rix
1333 4059 1412 4113 lectis
1428 4057 1541 4113 duabus
1551 4058 1674 4130 paginis,
1705 4074 1745 4114 m<

94 4150 218 4211 mutem,
243 4160 352 4199 anunm
373 4149 402 4199 at
428 4142 506 4201 diem
528 4143 644 4199 obitus:
673 4158 779 4215 paucas
801 4144 849 4200 hic
870 4145 977 4242 alias„
999 4147 1199 4219 prebendarim
1224 4146 1451 4204 lucubrationem
1475 4164 1536 4202 esse
1562 4147 1652 4202 nostri
1681 4146 1745 4202 tlelc

94 4232 257 4302 expediam,
277 4232 403 4302 reliquas
427 4230 463 4287 ed
491 4235 645 4305 sequentes
673 4231 869 4303 paragraphus
897 4249 939 4288 re·
995 4235 1135 4303 lnclroter,
1154 4235 1264 4305 origine
1286 4235 1463 4303 Viennensis,
1492 4235 1521 4290 in
1549 4236 1721 4291 Societatem
1744 4286 1745 4290 ,

94 4320 243 4374 missurus.
995 4323 1112 4378 admissi
1127 4340 1174 4377 an.
1197 4327 1275 4391 roci,
1289 4339 1307 4378 a
1322 4345 1335 4375 u
1352 4323 1506 4394 multiplici
1516 4324 1644 4379 doctrina
1661 4324 1717 4379 »in
1734 4326 1745 4381 l

130 4410 173 4463 63.
189 4408 251 4462 lam
263 4405 407 4461 insinuavi
422 4422 480 4462 non
490 4407 590 4474 semel,
604 4408 695 4463 multu
710 4407 739 4461 in
753 4422 788 4462 eo
796 4409 941 4480 Anonymi
994 4407 1075 4466 ttiece'
1093 4412 1265 4483 scriptorum
1279 4413 1485 4479 commendati3
1506 4413 1571 4480 riri,
1592 4418 1626 4467 ut
1649 4412 1745 4468 aliund

94 4494 228 4551 monachi
243 4510 329 4568 opere
342 4494 474 4565 reperiri,
494 4509 558 4566 qnae
573 4495 677 4550 rectius
700 4495 834 4551 historice
866 4498 942 4552 ordi·
995 4505 1057 4555 tum
1072 4505 1125 4569 est,
1136 4503 1222 4571 panto
1235 4499 1351 4554 acrioris
1363 4500 1482 4571 ingenii,
1497 4501 1580 4556 multi
1598 4500 1745 4556 laborisat

94 4589 173 4652 nata,
185 4591 214 4640 et
226 4585 342 4639 seclusis
353 4583 482 4655 parergis
500 4584 660 4639 accuratius
670 4583 780 4655 digesta
793 4600 938 4656 cuperem,
994 4587 1111 4658 ptionis,
1123 4593 1153 4642 at
1166 4588 1243 4658 styli,
1260 4603 1293 4643 ex
1309 4587 1399 4642 nimia
1425 4588 1597 4655 concisione,
1613 4593 1642 4642 et
1668 4603 1745 4643 acuar

93 4672 136 4729 Ne
149 4672 273 4744 singula,
286 4687 352 4743 quse
364 4671 485 4743 sparsim
501 4670 569 4726 satis
583 4670 706 4727 indicata
716 4677 783 4726 sunt
803 4678 831 4727 et
852 4689 940 4742 porro
994 4673 1162 4744 saepiuscule
1173 4674 1299 4745 periodis
1308 4673 1574 4740 niminminvoluti,
1592 4675 1724 4746 adeoque
1739 4692 1745 4727 t

93 4760 306 4826 indicabuntur,
321 4760 368 4815 bic
380 4759 482 4815 ordine
495 4775 663 4831 prosequar,
678 4775 737 4815 non
760 4760 853 4832 placet
866 4761 941 4815 clau·
993 4761 1086 4830 rionis,
1105 4767 1137 4816 ut
1151 4762 1252 4817 saltem
1268 4762 1299 4816 in
1314 4778 1360 4829 eo,
1376 4779 1434 4834 quo
1449 4763 1484 4818 de
1494 4763 1618 4834 agimus,
1630 4777 1719 4834 opere

93 4848 244 4906 dicationis
255 4863 342 4904 causa
355 4836 515 4919 tamlonge
539 4849 640 4919 petita,
656 4847 691 4903 de
721 4864 778 4920 qua
806 4849 940 4920 superius
993 4851 1088 4905 lronte
1103 4849 1171 4905 satis
1181 4850 1365 4922 perspicuum
1388 4855 1440 4905 est.
1467 4851 1510 4906 Ab
1542 4851 1605 4922 ipso
1630 4856 1727 4906 sutem

93 4937 324 5008 disputavimus:
340 4936 790 5009 nequesatisverosimiliasunt
809 4952 874 5009 qua
903 4937 938 4992 de
993 4937 1161 5010 predictam
1188 4939 1376 5009 compositam
1399 4940 1495 5001 titisse.
1526 4939 1646 4994 omnino
1684 4939 1745 5010 liqu

94 5026 382 5082 visionedaemonum
408 5030 438 5081 et
450 5023 547 5081 calicis
561 5040 630 5079 ansa
655 5031 864 5093 memorantur,
891 5027 938 5096 pio
992 5027 1504 5099 frequentibussuimetcitationibus,
1516 5027 1675 5098 praesertim
1683 5030 1745 5083 dnn

91 5115 321 5182 termesomnio,
341 5112 691 5186 quamsinceroeveritatl
719 5112 936 5185 propinquiora,
993 5116 1248 5171 ecclesiasticorum
1269 5116 1433 5187 llnngaria,
1448 5132 1464 5169 a
1482 5115 1648 5170 nobisalibi
1673 5115 1745 5170 citat

90 5204 357 5274 utBambergenses
378 5202 434 5276 ipsi
446 5200 534 5259 bodie
550 5216 609 5256 non
632 5201 842 5269 dillltebuntur,
857 5201 938 5273 qnid·
992 5219 1116 5274 quorum
1134 5205 1268 5257 volumen
1292 5204 1420 5273 primum
1436 5209 1464 5257 et
1490 5203 1606 5257 unicum
1618 5202 1708 5258 edidit
1738 5205 1746 5258 l

90 5289 160 5363 qnid
185 5290 355 5346 inlaudata
379 5288 626 5346 sanctissimorum
648 5290 807 5360 conjugum
833 5304 937 5345 monu-
993 5291 1145 5362 tdll,quo
1172 5291 1275 5345 eodem
1304 5308 1392 5356 anno,
1420 5292 1453 5346 nd
1478 5291 1647 5346 relationem
1680 5291 1745 5346 ami<

89 5384 186 5435 mente
214 5394 348 5451 expressa
385 5377 580 5434 retulerimus.
607 5378 647 5432 lle
680 5376 827 5434 Nonnosio
868 5378 937 5432 item
993 5379 1094 5435 Leonis
1116 5380 1220 5441 allatii,
1248 5378 1412 5435 facilitatem
1429 5379 1555 5435 obtinuit
1579 5379 1615 5435 ab
1635 5380 1719 5435 ddm.

88 5467 181 5525 obiter
203 5468 313 5525 dictum
337 5472 403 5523 est:
428 5467 499 5540 quid
525 5467 587 5540 ipsa
606 5467 752 5538 singulare
776 5467 812 5522 ad
840 5465 935 5522 Sancti
992 5467 1150 5540 ltyacintho
1174 5468 1305 5534 Serrono,
1334 5468 1413 5524 sociii
1442 5467 1684 5524 deserendissimi
1711 5469 1745 5525 lli
