3878 6112
31 3873 36 3896 τ
138 3865 214 3905 uicus
229 3850 326 3905 divina
342 3850 457 3904 favente
472 3847 625 3903 clementia
641 3864 699 3902 rer.

132 277 186 334 295
788 271 816 331 S.
837 270 981 331 lllililllcl
999 266 1235 330 thraustouts

132 406 278 479 principes
289 422 321 460 ac
339 404 388 459 alii
414 403 511 461 lldeles
534 403 608 458 inira
637 404 798 460 Romanum
822 402 1016 475 imperiumn
1035 403 1254 458 cumbnnnoei
1275 419 1340 458 cum
1367 403 1426 458 suis
1452 402 1588 458 omnibus
1609 403 1808 476 pertinentiis,
1837 420 1889 475 per

133 493 294 550 devotionis
310 493 414 548 intuitu
430 494 607 564 optulerunt.
627 494 683 565 llos
698 493 787 562 igitur
802 492 838 546 ob
853 493 982 547 divinum
1037 493 1249 547 liancnostram
1261 493 1387 563 regalem
1403 493 1540 564 paginam
1555 492 1586 548 in
1614 493 1767 566 proprium
1787 509 1888 547 conce·

134 598 261 637 amorem
273 586 301 636 et
316 581 407 652 ipsius
420 583 510 636 sancti
525 581 579 635 loci
595 581 782 636 reverentiam
799 581 895 635 omnia
908 581 982 635 bona
1036 578 1130 633 dimus
1143 583 1229 650 atque
1244 579 1395 649 largimur,
1407 583 1435 633 et
1452 580 1487 634 de
1507 583 1605 634 nostro
1617 579 1685 650 jure
1712 596 1744 634 ac
1760 579 1888 635 dominio

133 676 192 725 tam
206 669 324 725 mobilia
340 686 426 740 quam
444 669 680 724 immobiliacum
696 668 828 734 abbatiis,
845 667 981 735 comiciis,
1037 667 1139 738 ineJns
1149 669 1198 738 jos
1211 672 1240 723 et
1254 668 1415 722 dominium
1446 667 1564 723 omnino
1588 669 1827 735 transfundimus,
1855 685 1887 723 ca

133 759 234 824 centis,
248 758 376 829 judiciis,
390 758 532 812 theloneis
552 758 684 821 monetis,
708 756 822 823 bannis,
849 756 982 811 districti·
1037 756 1145 811 scilicet
1159 757 1269 811 ratione
1291 762 1322 810 ut
1345 757 1498 827 praedictus
1523 757 1609 812 abbas
1632 758 1761 812 Brantho
1786 759 1886 828 suique

135 847 201 914 bus,
222 846 396 911 wiltbannis,
416 846 649 915 jurisdicionibus
675 845 902 916 quibuscunque,
918 860 983 915 quse
1036 861 1210 899 successores
1226 845 1260 899 de
1274 846 1411 916 praedicta
1439 845 1537 900 foresti
1561 854 1590 901 et
1612 847 1675 918 ejus
1695 847 1886 919 'pertinentiis

134 937 211 991 idem
229 932 600 991 Tulthensemonasterium
626 933 754 1004 possidet
776 933 982 1004 infraregnum
1036 932 1157 988 liberam
1183 934 1288 989 debinc
1311 938 1481 1004 potestatem
1510 935 1638 990 habeant
1665 935 1806 1007 quicquid
1835 935 1885 990 sibi

135 1022 271 1077 divinitus
287 1020 368 1075 nobis
380 1021 488 1086 datum,
515 1020 683 1090 velquaein
713 1019 843 1072 futurum
866 1017 983 1089 adipisci
1036 1021 1104 1077 inde
1119 1023 1258 1093 placuerit
1285 1022 1420 1089 faciendi,
1449 1022 1485 1077 ad
1514 1039 1598 1078 usum
1628 1029 1723 1079 tamen
1750 1024 1886 1090 ecclesia,

133 1111 238 1182 poterit
249 1109 371 1165 Domino
387 1109 570 1176 concedente,
588 1124 643 1161 una
664 1123 728 1161 cum
746 1106 913 1162 hominibus
928 1107 982 1161 im·
1037 1111 1168 1165 omnium
1183 1111 1332 1166 hominum
1344 1111 1570 1167 contradictione
1589 1117 1709 1167 remota.
1728 1113 1762 1167 Et
1785 1117 1816 1166 ut
1827 1113 1886 1168 haee

133 1197 486 1272 periiantedictisetcum
504 1196 982 1268 omnibussupcrierrasipsorum
1037 1205 1141 1252 nostrae
1161 1199 1324 1254 traditionis
1353 1200 1510 1254 auctoritas
1530 1199 1639 1255 stabilis
1666 1206 1695 1255 et
1719 1200 1887 1256 inconvulsa

132 1287 335 1353 residentibus,
352 1286 402 1357 qui
426 1302 479 1356 pro
505 1286 674 1339 condicione
699 1301 749 1338 sua
769 1284 803 1339 ad
823 1285 922 1339 liscum
939 1301 983 1339 re·
1035 1303 1090 1358 per
1101 1286 1197 1341 futura
1207 1293 1376 1358 permaneat
1389 1293 1531 1359 tempora,
1548 1288 1602 1342 hoc
1624 1295 1806 1360 preceptum
1823 1289 1886 1344 inde

134 1376 213 1446 glum
228 1391 345 1429 censum
360 1374 470 1427 solvere
483 1373 631 1438 deberent,
650 1390 701 1426 nec
726 1390 784 1426 non
800 1377 827 1426 et
852 1372 983 1443 predicti
1036 1375 1228 1446 conscriptum
1270 1391 1358 1429 manu
1397 1375 1514 1446 propria
1543 1375 1765 1430 corroborantes
1795 1376 1885 1447 sigillo

133 1462 280 1519 Thacbolli
292 1463 406 1516 comitis
421 1465 623 1516 testamentum
646 1462 698 1532 ipi
719 1462 815 1515 abbati
840 1463 982 1516 lirantboo
1038 1468 1135 1516 nostro
1151 1463 1284 1534 insigniri
1297 1463 1445 1532 jussimus.

134 1551 253 1622 ejusque
279 1549 488 1604 successoribus
508 1554 536 1603 et
564 1549 738 1602 monasterio
758 1548 904 1603 Fultlvensi
931 1565 983 1620 per
1072 1552 1186 1618 sinnam
1198 1552 1293 1606 domrri
1310 1552 1442 1607 Heinrici
1455 1552 1499 1620 (ld)
1512 1554 1584 1621 repis
1596 1554 1781 1608 invictissimi.

133 1640 186 1694 hos
198 1639 462 1710 apicesserenitatis
483 1644 588 1693 nostrae
603 1638 744 1692 tradimus
766 1642 793 1690 ot
815 1637 983 1691 auctoritate
1072 1640 1245 1695 Guntherius
1273 1640 1457 1694 cancellarius
1479 1640 1537 1695 rice
1566 1641 1768 1696 Ercbamhaldi
1797 1643 1887 1697 archi·

1835 276 1887 327 aas

134 1727 265 1798 regiain
291 1732 464 1797 perpetuum
484 1727 699 1780 confirmamus.
726 1727 867 1780 Praeterea
889 1725 983 1780 distri·
1038 1729 1179 1799 capellani
1194 1728 1354 1799 recognovi.
1372 1729 1411 1796 (S)

135 1813 259 1868 ctissime
278 1814 464 1886 probibemus
485 1813 720 1867 nemissinostri
747 1813 790 1867 vel
813 1813 909 1867 ballivi
928 1812 982 1866 im·
1074 1818 1183 1872 Datarv
1208 1818 1271 1872 lial.
1299 1816 1439 1885 ianuarii,
1459 1817 1615 1873 indictione
1630 1834 1657 1886 x,
1691 1833 1771 1873 anno
1791 1820 1885 1874 Domi-

134 1901 207 1973 perii
221 1902 330 1973 aliquid
355 1903 467 1970 tollant,
493 1901 608 1972 rapiant
638 1903 681 1955 vel
705 1902 841 1955 invadant
866 1901 982 1972 desup-
1037 1905 1578 1962 niemincarnationismillesimoXlll.
1612 1907 1887 1963 Auuoverndomni

134 1989 269 2062 pellectili
283 1995 333 2045 aut
347 1990 432 2045 rebus
447 1989 584 2044 abbatum
612 1991 824 2057 decedentium,
854 1990 983 2044 sedsuc·
1029 1994 1155 2049 'secrrndi
1172 1994 1297 2048 licinrici
1319 1995 1467 2066 regnantis
1481 2012 1521 2050 rr.

1072 2087 1174 2137 Acirim
1191 2084 1288 2138 Polida
1300 2083 1431 2139 feliciter.
1449 2086 1553 2138 Amen.

136 2080 241 2133 cessuri
253 2079 351 2134 omnia
365 2083 545 2133 reserventur
561 2097 567 2133 :
585 2095 637 2133 nec
651 2096 703 2150 pro
723 2079 901 2148 investitura,
918 2095 983 2150 quae

1418 2173 1509 2227 blllll.

135 2183 188 2239 per
199 2173 341 2238 sceptrum
353 2167 463 2237 regium
480 2167 543 2221 lieri
556 2167 651 2235 debet,
675 2166 710 2221 ab
735 2167 836 2222 abbate
860 2168 895 2222 de
910 2184 983 2221 noro
1805 2235 1810 2239 -

1109 2260 1234 2315 Traditio
1248 2262 1370 2315 Heinrici
1384 2262 1416 2315 ll
1428 2259 1501 2327 repis
1516 2261 1549 2313 de
1575 2261 1698 2330 chpcnce
1713 2276 1818 2315 morea.

132 2259 227 2310 creato
237 2254 346 2325 aliquid
363 2258 534 2325 expetatur;
555 2256 602 2309 sed
619 2255 658 2309 sic
670 2256 767 2310 omnia
783 2272 835 2326 pro
852 2257 983 2311 libertate

134 2343 264 2414 ejusdem
282 2343 372 2398 sancti
388 2343 442 2398 loci
459 2344 555 2398 taliter
574 2345 744 2398 ordinentur
763 2345 910 2399 utibidem
923 2346 984 2399 cul·
1295 2348 1391 2416 (Anno
1408 2345 1501 2401 tfrtt‘l
1516 2349 1550 2401 30
1565 2347 1638 2417 dec.)

135 2437 181 2486 tus
203 2431 318 2486 Domini
344 2439 483 2504 perpetuo
507 2439 582 2486 stare
605 2434 701 2503 possit.
720 2435 752 2486 lit
774 2433 983 2505 nequisquam
1298 2433 1433 2507 [bronna
1450 2435 1498 2488 nbi
1512 2436 1620 2505 supra]

135 2520 286 2575 hominum
300 2520 405 2575 futuris
433 2521 613 2590 temporibus
636 2524 735 2574 coritra
768 2521 841 2575 hanc
857 2526 983 2576 nostram
1074 2523 1238 2577 innomine
1260 2528 1364 2577 sanctae
1393 2528 1423 2578 et
1446 2523 1597 2578 individuae
1624 2522 1784 2589 trinitatis,
1810 2527 1883 2580 ilun-

135 2608 318 2663 traditionem
333 2625 383 2663 sen
405 2609 651 2663 confirmationem
681 2611 777 2664 venire
803 2611 984 2671 arrdeat,lros
1037 2627 1125 2678 arcus,
1154 2611 1249 2666 divina
1275 2612 1387 2666 favente
1424 2610 1575 2665 clementia
1614 2611 1814 2667 Romanorum
1838 2613 1884 2666 im-

136 2697 230 2768 apices
252 2696 319 2751 inde
345 2698 521 2768 conscriptos
549 2713 638 2751 niano
674 2697 790 2769 propria
816 2700 984 2753 roborantes
1038 2704 1154 2770 perator
1179 2703 1327 2769 augustus,
1356 2698 1492 2754 omnibus
1525 2698 1659 2754 fidelibus
1688 2699 1795 2754 nostris
1821 2715 1884 2771 pra*
1929 2716 1931 2729 ¹

135 2785 231 2856 sigillo
246 2790 343 2840 nostro
357 2785 476 2840 fecimus
492 2784 635 2856 insigniri.
1039 2786 1168 2840 sontibus
1191 2785 1298 2840 scilicet
1320 2789 1349 2841 et
1375 2785 1480 2841 futuris
1502 2786 1625 2858 gratiam
1656 2792 1685 2841 et
1715 2788 1836 2843 salutern
1858 2787 1883 2841 in

172 2875 286 2942 Sipnnm
303 2871 396 2929 domni
410 2876 531 2930 lleinrici
554 2873 601 2945 (ll)
615 2877 688 2943 repis
707 2877 893 2930 invictissimi.
1040 2875 1159 2931 Christo.

172 2962 625 3033 Erkanbaldusarchicapellanus
642 2963 807 3033 recognovi.
1002 2960 1022 3014 C
1077 2964 1182 3018 Notum
1199 2978 1260 3017 esse
1275 2962 1409 3018 volumus
1423 2962 1554 3018 omnium
1582 2963 1727 3018 catholice
1743 2963 1884 3018 fldeime-
1927 2990 1931 3013 ι

173 3052 243 3105 Data
263 3067 319 3104 xvir
340 3051 402 3106 lial.
426 3053 543 3107 lanrrar.
574 3051 731 3105 indictione
753 3066 793 3113 xr,
814 3068 890 3105 anno
918 3069 984 3106 vero
1039 3051 1139 3106 rnoriae
1154 3050 1287 3120 qualiter,
1308 3050 1471 3105 interventu
1486 3066 1517 3104 ac
1532 3050 1673 3122 peticione
1690 3051 1884 3122 chunigunda

137 3139 472 3194 domuinvillesimollll.
489 3140 652 3193 iternanno
681 3139 780 3193 domni
800 3140 985 3195 Heinricise·
1037 3138 1228 3209 imperatricis
1251 3143 1381 3209 augustae
1403 3145 1509 3194 nostrae
1538 3139 1648 3194 dilecte
1674 3140 1821 3211 coniugis,
1836 3156 1882 3211 per

137 3228 222 3282 cundi
235 3228 382 3299 regnantis
396 3244 433 3282 rr.
450 3230 552 3282 Actum
580 3228 681 3281 Fultlia
705 3229 919 3283 monasteriola
934 3245 984 3283 no·
1037 3228 1111 3282 hanc
1125 3227 1216 3282 nostri
1229 3227 1390 3297 imperialis
1401 3227 1535 3299 praecepti
1550 3227 1687 3297 paginam
1703 3229 1882 3284 concedimus

137 3316 214 3372 mine
230 3316 343 3371 Domini
358 3316 487 3370 feliciter.
503 3319 606 3370 Arnen.
1039 3321 1143 3370 sauctae
1163 3315 1295 3370 Fuldcnsi
1319 3316 1444 3370 ecclesiae
1469 3320 1497 3370 et
1523 3315 1629 3371 domno
1645 3317 1779 3387 bopponi
1796 3316 1884 3373 abbati

529 3405 606 3458 LXll.
1039 3405 1159 3475 ejusque
1174 3403 1382 3458 successorihus
1392 3403 1421 3458 in
1432 3409 1605 3476 perpetuum
1616 3404 1746 3459 bannum
1762 3410 1884 3459 nostram

174 3493 298 3549 Traditio
324 3492 455 3548 Heinrici
486 3495 559 3560 repis
588 3492 622 3547 de
645 3494 741 3559 foresti
768 3493 983 3550 Znndnenhnrt.
1037 3506 1125 3561 super
1136 3491 1241 3546 diversi
1257 3490 1371 3561 generis
1397 3491 1470 3545 feras
1496 3492 1573 3546 inter
1596 3491 1668 3547 lines
1693 3497 1723 3546 et
1752 3493 1885 3548 terminos

412 3584 504 3647 (loti,
521 3584 555 3637 ae
571 3581 709 3650 decemb.)
1040 3579 1289 3650 lupencemarcha
1303 3596 1534 3651 quaquaversum
1554 3582 1654 3635 eadem
1678 3580 1883 3651 Lupeneemar·

399 3670 535 3742 [Dronke,
551 3671 600 3725 ubi
614 3668 721 3742 supro]
1038 3670 1091 3723 cha
1106 3668 1278 3735 extenditur,
1290 3683 1324 3723 ex
1335 3684 1477 3723 consensu
1491 3673 1520 3723 et
1537 3669 1685 3723 voluntate
1715 3669 1884 3725 Erkenbsldi

174 3762 204 3815 ln
229 3760 347 3816 nomine
375 3765 479 3814 sanctie
495 3758 693 3815 ctindividuae
721 3757 879 3827 Trinitatis,
902 3759 985 3814 Haru·
1038 3756 1260 3828 llogontinensis
1284 3755 1491 3827 archiepiscopi
1518 3771 1629 3811 necnon
1657 3761 1687 3810 et
1707 3756 1826 3813 arnoldi
1843 3755 1884 3811 ah
1929 3756 1931 3761 ’

1039 3845 1113 3900 batis
1133 3844 1324 3900 llerfeldcnsis
1345 3850 1373 3898 et
1399 3844 1571 3899 willehelmi
1599 3844 1714 3900 comitis
1749 3850 1779 3899 et
1796 3844 1885 3900 fratris

173 3940 202 3994 Si
217 3939 399 3994 ecclesiarum
416 3938 466 3993 lici
489 3938 552 3992 loca
568 3937 689 4007 alicujus
710 3935 777 3991 doni
805 3935 984 3991 incremento

138 4028 295 4083 sublimare
308 4027 352 4082 rel
368 4027 520 4082 meliorare
548 4023 754 4089 studuerimus,
771 4022 853 4076 nobis
879 4021 985 4076 nostri-

138 4132 194 4188 que
216 4115 298 4186 rcgni
326 4115 413 4170 statui
442 4115 471 4170 id
498 4113 639 4184 prolicere
665 4110 784 4164 minime
809 4109 982 4165 dubitamus.

1039 3936 1100 4005 ejus
1116 3934 1269 4005 Bnppouis.
1282 3932 1416 4003 sigimari
1432 3949 1547 4004 quoqne
1561 3934 1690 3988 advocati
1706 3936 1735 3987 et
1761 3934 1884 3990 omnium

1038 4024 1112 4078 circa
1124 4023 1316 4077 habitantium
1346 4021 1395 4093 qui
1418 4021 1457 4076 ibi
1476 4022 1558 4091 justa
1583 4021 1691 4094 praedia
1706 4022 1813 4078 habere
1839 4039 1885 4078 no·
1929 4072 1931 4077 ,

1037 4116 1165 4178 scantur,
1180 4127 1213 4165 eo
1237 4110 1365 4165 vicelicet
1392 4115 1493 4164 tenore
1527 4117 1669 4182 quatenus
1698 4111 1882 4183 eadempre·

136 4203 461 4275 Quapropteromnium
490 4201 620 4257 fidelium
648 4204 825 4264 nostrorum,
854 4213 983 4269 praesen·
1000 4243 1022 4297 D
1041 4199 1197 4266 nominata,
1214 4203 1310 4254 sancta
1333 4198 1443 4253 scilicet
1462 4198 1611 4254 fuldensis
1637 4199 1767 4266 ecclesia,
1784 4205 1886 4255 noster·

61 4361 63 4367 Ι
138 4293 210 4345 tium
236 4291 396 4346 scilicetne
434 4290 609 4357 futurorum,
632 4287 782 4343 industriae
809 4291 984 4341 notumesse
1041 4303 1097 4359 que
1112 4287 1204 4342 tidelis
1219 4288 1316 4358 Bappo
1331 4286 1459 4357 eiusdem
1475 4286 1883 4356 ecclesiaevenerahilisahhas,

138 4379 271 4434 volumus
285 4379 408 4450 qualiter
423 4395 474 4432 nos
493 4377 582 4432 divini
592 4376 698 4431 amoris
725 4374 873 4442 instinctu,
896 4374 985 4429 inter·
1042 4391 1201 4446 omnesque
1216 4376 1309 4447 quiin
1323 4375 1457 4447 praesenti
1474 4375 1608 4431 Fuldensi
1637 4376 1759 4432 ecclesia
1773 4376 1826 4432 sibi
1839 4390 1886 4448 pro

138 4472 225 4522 ventu
241 4483 357 4539 quoque
377 4482 408 4521 ac
427 4466 571 4538 peticione
598 4465 743 4536 Branthoy
764 4463 885 4528 abbatis,
899 4478 987 4534 quan·
1041 4463 1144 4518 futuris
1168 4464 1347 4535 temporibus
1368 4464 1525 4519 successuri
1552 4468 1636 4532 sunt,
1654 4464 1731 4520 infra
1757 4464 1886 4537 praefatoi

139 4556 204 4611 dam
228 4555 302 4626 juris
321 4555 415 4610 nostri
446 4553 528 4626 regni
570 4553 698 4608 forestim
725 4552 799 4606 infra
819 4551 890 4605 istos
912 4551 985 4605 lines
1041 4552 1113 4607 sines
1128 4552 1307 4607 forestandos
1321 4552 1374 4607 hac
1387 4558 1487 4607 nostra
1509 4552 1652 4624 imperiali
1678 4553 1834 4610 traditione
1847 4559 1885 4608 ta·

137 4644 314 4715 adjacentem
326 4644 427 4716 hisque
442 4643 572 4698 terminis
581 4642 762 4715 praecinctam
781 4640 833 4695 :de
846 4639 986 4694 biberaho
1041 4641 1098 4696 lem
1113 4657 1213 4713 pacem
1227 4645 1256 4696 et
1269 4640 1450 4696 securitatem
1464 4640 1567 4696 amodo
1583 4646 1611 4696 et
1634 4640 1771 4713 deinceps
1794 4642 1831 4698 de
1842 4657 1887 4697 oe·

137 4734 244 4790 scilicet
259 4732 399 4805 usquead
414 4732 594 4801 Wolfesbart,
607 4747 639 4786 ac
655 4730 723 4786 iude
744 4735 819 4785 recte
843 4734 987 4783 transeur-
1040 4727 1108 4783 teris
1127 4727 1416 4798 comprovincialibus
1442 4733 1471 4783 et
1495 4728 1603 4783 circum
1628 4729 1795 4786 sedentibus
1816 4728 1886 4785 obti-

136 4824 226 4879 rendo
253 4823 484 4878 llodenmannun
510 4825 539 4874 ct
569 4819 802 4891 byochineberge
827 4833 919 4888 usque
949 4815 986 4870 ad
1041 4821 1138 4884 aeaut,
1156 4817 1271 4888 qualem
1287 4816 1462 4871 breceadem
1491 4821 1661 4888 caeteraeque
1688 4818 1887 4874 ecclesivebso·

137 4913 263 4968 calbaho
278 4917 306 4966 et
319 4911 473 4976 fliedenu3
496 4909 563 4964 hinc
581 4912 677 4963 autem
696 4907 730 4962 ad
759 4905 930 4977 langenaho
958 4909 987 4959 ct
1041 4909 1125 4961 tenus
1146 4904 1253 4959 habere
1276 4905 1345 4959 visae
1372 4909 1450 4973 suut,
1480 4920 1544 4976 quac
1572 4911 1671 4960 nostra
1696 4905 1756 4960 sive
1778 4906 1887 4978 pracda·

137 5002 313 5067 Widenaho;
339 4999 405 5054 hinc
431 5014 498 5052 vern
523 4997 554 5051 in
586 4995 759 5052 Guncenaho
786 5001 814 5049 et
841 4994 872 5048 in
896 4994 984 5049 ldose·
1040 5009 1185 5049 cessurum
1201 4998 1364 5048 nostrornm
1379 4994 1586 5065 imperatorum
1597 4993 1735 5049 videlidet
1747 5000 1777 5051 et
1791 5008 1888 5067 regum

136 5089 280 5158 brunnen,
296 5094 325 5144 et
340 5088 408 5143 inde
424 5087 463 5142 sic
488 5090 565 5140 recte
587 5084 752 5139 transiendo
776 5084 840 5138 loca
873 5081 988 5138 Ufecre-
1041 5082 1076 5137 de
1089 5082 1257 5153 hujusmodi
1270 5081 1425 5137 forestibus
1448 5081 1620 5137 forestandis
1646 5087 1890 5153 praeceptasusee·

138 5176 248 5247 ginfelt,
262 5173 553 5240 warmuntessneida,
564 5172 817 5227 lliv'ineshnsunet
831 5170 985 5226 lleribrah-
1040 5175 1155 5242 perunt.
1186 5172 1219 5225 Et
1241 5175 1274 5225 ut
1299 5170 1359 5238 haec
1381 5170 1469 5225 banni
1495 5170 1588 5225 nostri
1611 5170 1758 5226 concessio
1781 5170 1890 5227 stabilis

138 5265 288 5332 tesbusun,
303 5281 414 5320 necnon
434 5261 552 5318 Slierefa
568 5262 701 5316 deorsum
726 5259 756 5314 in
771 5259 891 5323 Slidesa,
906 5258 987 5314 etsie
1041 5275 1156 5331 semper
1166 5263 1193 5312 et
1204 5259 1369 5314 inconvulsa
1379 5258 1620 5330 permaneat,hoc
1630 5264 1810 5331 preceptum
1824 5257 1890 5314 inde

137 5352 334 5425 perdeorsurn
353 5368 445 5423 nsque
464 5352 494 5407 in
517 5349 646 5415 Tuldam,
664 5349 718 5403 sibi
740 5364 857 5421 suaeque
881 5353 985 5403 sancte
1041 5346 1234 5419 conscriptum
1250 5347 1465 5420 manupropria
1492 5347 1710 5403 corroborantes
1725 5349 1815 5421 sigilli
1843 5362 1889 5404 ne

138 5440 265 5498 eeclesiae
279 5440 310 5496 in
324 5440 434 5497 honore
446 5441 497 5496 liei
511 5437 659 5512 genitricis
678 5437 825 5509 sanctique
849 5436 987 5493 Bouifacii
1041 5436 1092 5491 stri
1106 5436 1295 5508 impressione
1309 5435 1447 5507 jussimus
1463 5434 1596 5508 insigniri
1611 5441 1641 5492 et
1649 5436 1777 5493 nominis
1801 5436 1889 5494 nostri

138 5528 345 5603 archiepiscopi
373 5533 402 5584 et
424 5528 557 5599 martyris
573 5530 744 5584 consecratae
759 5542 790 5582 ac
805 5531 985 5594 constructa,
1041 5529 1182 5582 caractere
1193 5523 1366 5582 confirmari.
