3878 6112
96 215 151 270 805

584 212 822 269 nacasronuu
842 212 935 268 LIBRI
953 212 1006 270 xx.
1025 241 1059 254 -
1079 212 1183 271 LIBER
1202 213 1366 271 octavus.

1726 240 1738 253 ‘
1802 227 1854 281 806

94 334 164 391 cis.
185 334 255 390 Llll.
282 365 318 376 -
343 336 377 390 Ut
392 330 611 391 sanctimdaiutes
631 335 776 392 abbatissae
802 351 858 391 suae
885 338 942 391 sint
960 336 984 389 Α
999 335 1139 391 hensibila
1161 335 1313 400 invenerit,
1339 337 1484 410 corrigere
1509 346 1628 414 satagat.
1644 344 1852 404 sanctimonia·

443 405 604 461 obedientes.

1005 423 1076 479 lium
1098 425 1196 493 eham,
1224 426 1392 497 pudicitiam
1416 429 1561 485 subtiliter
1584 431 1745 506 iurcsIIgctss
1772 437 1806 491 Et
1830 437 1854 491 si

131 496 189 564 (32
203 495 303 561 eodem,
327 496 416 564 capili
442 493 496 565 Μ·)
519 493 766 563 ὓθῦὓῖῖῐΰθῦῑᾶῑθῦ,
789 495 852 561 UISI
874 495 949 549 f⁰ile
1005 512 1101 584 aIIqua
1118 513 1264 568 invenitur
1288 530 1362 584 quae,
1380 517 1511 587 neglecto
1531 521 1681 590 proposito
1704 523 1853 593 castitatis,
1915 519 1918 527 ’

93 582 241 643 ὼδθῐῑδθᾶ
268 598 320 637 ⁸¹¹⁸
346 598 399 654 Pl⁰
436 583 534 654 ⁸¹lI¹¹³
563 583 731 638 Πθθθὸθῑῑθῑθ
763 583 949 638 incumbfflle
1004 599 1108 656 clerico
1122 607 1171 656 aut
1186 601 1260 656 laico
1275 602 1461 674 impudenter
1476 605 1638 677 misceatur,
1655 613 1684 663 ct
1697 609 1728 664 in
1741 610 1854 682 privata

92 670 243 733 mittente,
268 686 452 743 nequaquam
481 671 515 725 de
545 672 719 753 monasterio
750 672 946 743 egrediantur.

91 758 145 814 11ae
171 774 239 814 vero
254 776 320 832 quae
346 759 469 815 famulos
485 763 533 814 aut
548 759 671 814 famulas
695 776 754 814 non
770 760 888 833 babent,
912 761 947 815 ad

91 848 254 903 exercenda
282 849 398 918 negotia
427 849 462 904 ad
490 848 616 904 mediam
641 849 809 903 monasterii
832 853 946 920 portam

90 936 278 1007 perveniant,
305 941 335 992 et
359 935 400 992 ibi
426 951 525 992 coram
548 936 669 992 testibus
690 938 839 1008 negotium
862 953 946 991 suum

91 1025 255 1075 exerceant.

90 1109 158 1164 Car.
177 1108 234 1167 tx.
260 1137 297 1151 -
323 1109 365 1163 De
387 1110 498 1175 [emistis
531 1124 591 1179 quse
612 1114 728 1179 propter
754 1111 946 1165 continentiam

307 1181 463 1235 muliebrem
477 1185 586 1234 mutant
598 1181 732 1235 habitum.

130 1270 185 1337 (Ea
209 1269 320 1324 concilia
347 1270 482 1337 Granperr.
509 1271 598 1338 capite
622 1267 677 1339 13.)
704 1267 734 1324 Si
757 1285 813 1341 qua
840 1269 946 1324 mulier

88 1362 216 1429 propter
239 1357 446 1412 continentiam
461 1373 526 1428 quae
550 1361 677 1430 putatur,
693 1357 825 1412 habitum
842 1363 944 1429 mutat,

90 1449 122 1499 et
148 1461 202 1517 pro
228 1444 312 1500 solito
331 1444 467 1501 muliebri
494 1444 599 1501 amictu
622 1444 735 1501 vlrilem
751 1446 847 1514 sumit,
876 1463 944 1502 ana-

91 1533 195 1588 thema
210 1533 257 1588 sit.

93 1621 164 1678 aas.
178 1622 247 1678 xer.
279 1650 316 1665 -
332 1622 373 1677 ue
400 1623 447 1678 stro
483 1625 532 1693 qus
557 1599 745 1689 aversanum
775 1624 943 1693 carcerare,
965 1616 985 1671 B

308 1695 421 1763 nuptias
436 1701 527 1748 cutem
542 1697 732 1750 exsecraverit.

131 1782 188 1852 (aa
200 1779 300 1849 mdem,
317 1784 407 1853 cupite
416 1782 454 1853 9.)
470 1781 638 1853 Quicunque
650 1781 844 1853 virginitatem
855 1789 946 1838 custo-

94 1869 193 1939 diens,
222 1876 273 1925 aut
301 1870 485 1925 continentior
518 1872 646 1939 studens,
676 1872 753 1925 relut
780 1873 946 1926 horrescens

93 1959 215 2030 nuptias
239 1963 371 2026 temerat,
397 1975 449 2014 nec
472 1965 591 2030 propter
614 1959 669 2013 hoc
692 1959 768 2046 quod
793 1960 901 2015 bouum
919 1967 947 2016 et

94 2052 229 2102 sanctum
253 2052 296 2103 cst
322 2064 428 2102 numen
444 2047 617 2119 virgimtatis
640 2047 769 2116 assumit,
795 2048 947 2103 anathema

94 2134 146 2190 sit.

94 2224 164 2281 Cae.
179 2225 263 2281 XLII.
284 2255 318 2265 —-
334 2227 370 2279 lle
382 2226 494 2292 tennala
509 2238 568 2293 quae
581 2227 692 2294 propter
714 2224 870 2293 religionem
891 2229 946 2280 cri·

403 2311 450 2349 nes
466 2295 639 2349 totonderint.

134 2385 192 2453 (aa
204 2384 304 2452 eodem,
318 2387 407 2454 capite
430 2383 483 2451 17.)
492 2372 528 2438 'Si
542 2398 600 2455 qua
619 2383 724 2438 mulier
738 2388 856 2455 propter
870 2385 944 2439 divi·

90 2489 167 2529 num
194 2473 313 2541 cultum,
339 2477 372 2528 ut
395 2472 529 2538 aestimat,
545 2472 639 2526 crines
663 2473 798 2538 attondit,
825 2489 897 2545 quos
919 2475 945 2528 ei

92 2563 172 2617 Deus
199 2561 234 2617 ad
262 2560 447 2633 subjectionis
475 2561 645 2615 memoriam
670 2561 779 2629 tribuli,
807 2564 945 2633 tunquam

90 2654 271 2722 praeceptum
283 2648 445 2705 >dissolvens
460 2649 642 2715 obedientias,
658 2649 812 2705 anathema
827 2651 873 2704 sit.

91 2747 160 2812 cas.
170 2756 265 2812 XLIII.
282 2786 317 2796 —
332 2758 370 2811 De
382 2757 439 2811 iltis
454 2757 627 2880 qartilprtcpter
641 2759 833 2813 continentiam
850 2758 945 2827 palliis

439 2842 483 2882 ses
498 2843 545 2881 ruri
560 2843 601 2880 ur.

1004 688 1134 751 custodia
1156 688 1331 756 retrudatur,
1347 689 1396 745 ubi
1412 693 1489 763 quod
1514 695 1591 749 male
1606 697 1752 752 commisit
1768 698 1854 770 digne

1003 777 1149 846 paeniteat.
1171 777 1322 833 Interdicat
1343 778 1430 834 etiam
1446 797 1480 836 ex
1496 783 1666 839 auctoritate
1688 791 1852 842 sanctorum

1002 879 1158 932 canonum,
1187 870 1219 921 ut
1244 867 1341 922 nullus
1364 868 1453 924 laicus
1479 876 1530 926 aut
1552 872 1672 928 clericus
1694 874 1723 929 in
1751 892 1851 931 earum

1002 954 1131 1009 claustris
1164 959 1193 1009 et
1224 956 1340 1011 secretis
1368 957 1594 1015 habitationibus
1625 977 1768 1018 accessum
1799 964 1850 1019 ha-

1002 1042 1186 1116 beataeque
1205 1045 1375 1117 presbyten,
1393 1046 1449 1102 uisi
1472 1053 1582 1105 lantum
1599 1051 1634 1106 ad
1657 1053 1786 1121 missam,
1802 1070 1852 1109 cx·

1000 1131 1079 1202 pieta
1093 1132 1179 1188 missa
1193 1134 1228 1189 ad
1242 1133 1376 1189 ecclesias
1390 1153 1456 1191 suas
1471 1138 1598 1195 redeant.
1616 1139 1757 1196 Omnibus
1775 1159 1853 1213 pree-

1001 1225 1080 1275 terea
1092 1221 1205 1291 publice
1220 1228 1249 1277 et
1263 1223 1397 1294 privatim
1420 1224 1582 1295 denuntiet,
1598 1234 1739 1299 quantum
1752 1230 1851 1302 piacu-

999 1309 1061 1364 lum
1087 1310 1132 1378 sIt,
1159 1310 1209 1382 qui
1224 1327 1358 1382 sponsam
1383 1313 1487 1368 Christi
1510 1315 1612 1372 vitiare
1635 1319 1796 1390 presumit.
1822 1318 1852 1375 Si

1000 1398 1078 1453 enim
1093 1397 1143 1453 ille
1167 1415 1234 1454 reus
1256 1404 1372 1456 tenetur
1391 1402 1442 1472 qui
1456 1419 1590 1474 sponsam
1610 1405 1737 1461 hominis
1753 1407 1850 1474 violat,

1000 1489 1108 1555 quanto
1130 1486 1221 1557 magis
1243 1503 1309 1542 reus
1325 1489 1481 1560 majestatis
1505 1492 1630 1548 allicitur
1645 1494 1695 1566 qui
1716 1511 1850 1567 sponsam

999 1574 1205 1646 omnipotentis
1220 1577 1271 1631 Ilei
1285 1577 1468 1648 corrumpit?

1001 1681 1065 1737 Car.
1082 1682 1180 1737 LXVII.
1211 1712 1246 1722 —
1278 1685 1311 1740 llt
1334 1684 1444 1739 abbates
1466 1687 1495 1739 in
1516 1691 1649 1756 potestate
1667 1691 1849 1761 episcoporum

1344 1758 1504 1812 consistunt.

1034 1839 1092 1910 (Ee
1106 1842 1218 1896 concilio
1242 1844 1403 1910 Aureliana,
1427 1846 1516 1915 capite
1528 1844 1568 1914 t.)
1591 1846 1714 1902 hbbatrs
1730 1864 1781 1920 pro
1796 1849 1850 1904 hu·

1000 1928 1123 1982 mihtate
1150 1929 1301 2000 religionis
1325 1930 1355 1985 in
1384 1931 1583 2003 episcoporum
1614 1939 1756 2005 potestate
1781 1953 1850 1992 con·

999 2017 1110 2084 sistant,
1128 2022 1155 2071 et
1170 2018 1195 2071 si
1211 2018 1281 2089 quid
1297 2023 1375 2074 extra
1394 2020 1526 2091 regulam
1540 2022 1670 2091 iecerint,
1691 2025 1727 2079 ab
1741 2025 1850 2097 episco-

999 2105 1044 2175 pis
1060 2105 1249 2176 corrigantur.
1266 2106 1330 2160 Non
1345 2108 1444 2173 semel,
1460 2108 1509 2163 sed
1525 2110 1630 2180 sapius
1645 2111 1675 2164 ih
1691 2128 1779 2180 anno,
1793 2114 1851 2185 epi·

999 2192 1077 2264 scopi
1098 2192 1214 2249 visItent
1236 2195 1412 2250 monasteria
1435 2198 1652 2267 monachorum,
1680 2205 1708 2254 ct
1731 2201 1755 2254 si
1781 2203 1850 2273 quid

999 2280 1203 2352 corrigendum
1227 2282 1324 2350 luerit,
1350 2283 1503 2355 corrIgaut.
1526 2286 1656 2340 llonachi
1681 2293 1777 2343 autem
1800 2290 1850 2344 ab·

998 2370 1113 2425 batibus
1136 2370 1215 2425 omni
1242 2371 1407 2427 obedientia
1435 2377 1463 2428 ct
1493 2373 1644 2429 devotione
1674 2376 1847 2447 subjaceant.

999 2459 1079 2523 Quod
1094 2459 1118 2513 si
1142 2460 1206 2531 quis
1221 2476 1274 2531 per
1297 2462 1505 2517 contumaclam
1535 2463 1675 2518 exstiterit
1689 2464 1847 2536 indevotus,
1914 2498 1919 2504 ·

999 2563 1032 2601 ac
1046 2563 1098 2618 per
1118 2547 1181 2602 loca
1195 2548 1292 2620 ahqua
1315 2550 1423 2621 vagari,
1439 2555 1490 2605 aut
1509 2552 1653 2622 pecuIIare
1668 2554 1786 2624 aIIquod
1798 2553 1849 2608 ha·

999 2635 1067 2691 here
1093 2637 1319 2707 presumpserit,
1343 2639 1440 2693 omnia
1463 2655 1529 2711 quae
1557 2641 1723 2711 acquisierit
1745 2642 1781 2697 ab
1803 2642 1851 2697 ab·

995 2716 1112 2779 batibus
1137 2726 1304 2780 auferantur
1329 2727 1497 2782 secundum
1517 2729 1648 2798 regulam
1674 2730 1850 2785 monasterio

998 2813 1158 2884 prolatura.
1196 2814 1252 2886 Ipsi
1278 2819 1373 2870 autem
1399 2815 1449 2887 qui
1476 2815 1583 2871 fuerInt
1610 2819 1770 2889 pervagati,
1800 2819 1849 2874 ubi

130 2915 192 2985 (Ea
205 2915 299 2971 concil.
325 2915 468 2983 cabillon,
495 2918 584 2986 capite
600 2917 656 2985 12.)
676 2916 705 2970 Si
727 2916 793 2987 quis
815 2916 942 2971 virorum
963 2901 1106 2960 Cinvcuti
1128 2902 1245 2971 luerint,
1260 2918 1326 2958 cum
1341 2903 1449 2958 auxilio
1469 2904 1597 2975 episcopi
1611 2910 1750 2977 tanquam
1766 2906 1848 2979 Iuga·

90 3008 211 3077 propter
235 3003 455 3071 continentiam,
484 3020 549 3076 quae
572 3008 700 3075 putatur,
726 3004 832 3060 amictu
862 3006 942 3076 pallii

89 3093 196 3162 utitm,
221 3088 304 3164 quasi
317 3108 369 3164 per
384 3093 436 3147 hoc
449 3091 555 3147 habere
569 3108 599 3146 se
611 3092 753 3161 justitiam
770 3093 899 3164 credens,
915 3100 943 3149 ct

89 3181 217 3254 despicit
253 3198 303 3237 eos
334 3181 385 3253 qui
417 3197 483 3236 enm
512 3181 674 3236 reverentia
701 3181 794 3252 byrris
820 3187 849 3237 et
880 3183 943 3238 altis

89 3270 295 3327 eominuuibus
319 3274 347 3325 et
369 3269 461 3325 solitis
485 3270 611 3325 vestibus
636 3273 765 3340 utuntur,
789 3271 943 3327 anathema

91 3357 142 3415 sil.

89 3466 156 3521 Gar.
176 3465 264 3521 LlllV.
278 3493 312 3506 -
324 3466 365 3520 De
377 3466 490 3535 illisqui
504 3467 692 3532 sirpinilatem
707 3465 942 3532 absartianensis

430 3537 607 3590 celollrmtur.

126 3626 181 3690 (aa
193 3624 294 3694 eodem,
310 3627 401 3694 capite
415 3623 470 3697 to.)
492 3624 521 3680 si
536 3625 600 3696 quis
619 3640 654 3679 ex
669 3624 715 3679 his
728 3623 778 3695 qui
792 3623 942 3695 virginita-

88 3715 150 3765 tem
191 3716 308 3782 propter
341 3712 431 3767 Deum
472 3715 587 3767 servant
616 3711 764 3766 extollitur
791 3711 941 3767 adversum

87 3799 269 3871 conjugatos,
287 3801 439 3855 anathema
456 3799 500 3854 sit.

87 3885 153 3942 Cae.
190 3887 264 3943 LIV.
287 3915 324 3929 -
347 3887 424 3953 Quod
441 3890 544 3943 nonsit
562 3887 774 3957 permittendum
796 3889 941 3943 monachos

155 3962 182 4012 ct
195 3960 340 4014 monachas
353 3960 383 4012 ia
396 3974 450 4013 uno
465 3961 627 4014 monasterio
642 3960 724 4014 simul
738 3958 872 4013 babitare.

124 4046 184 4116 (Ea
197 4061 254 4113 rea.
272 4048 355 4114 Grec.
379 4046 483 4118 papa.)
503 4048 534 4101 ln
550 4047 629 4100 nullo
654 4047 716 4101 loco
739 4048 897 4102 monachos
912 4053 941 4102 et

88 4135 246 4189 monachas
268 4135 464 4204 permittimus
480 4151 569 4189 riuum
595 4136 801 4190 monasterium
821 4136 936 4204 habere,

88 4222 138 4276 sed
154 4237 207 4278 nec
229 4238 262 4276 aa
278 4239 343 4294 quse
367 4223 495 4295 duplicia
518 4229 628 4290 vocant,
646 4228 674 4278 et
690 4223 798 4296 siquid
814 4225 870 4279 lale
886 4230 936 4281 ast.

89 4309 251 4383 Religiosus
275 4311 425 4382 episeopus
449 4311 585 4366 mulieres
610 4313 728 4383 quidem
751 4314 782 4367 in
800 4329 851 4367 stru
876 4314 938 4367 loco

89 4400 202 4453 studeat
216 4414 343 4466 manere,
360 4400 515 4454 monachos
526 4404 622 4454 autem
638 4401 715 4456 aliud
732 4401 938 4456 monasterium

89 4485 231 4540 edificare
253 4489 345 4559 cogat.
369 4486 419 4543 Siu
444 4491 541 4542 autem
565 4487 690 4559 plurima
715 4488 854 4543 sinttalia
876 4505 938 4543 mo-

88 4573 222 4641 nasteria,
245 4581 416 4647 separentur
436 4575 467 4630 in
487 4575 550 4630 aliis
571 4577 753 4631 monasteriis
779 4578 937 4644 monacha,

89 4663 159 4717 etin
182 4662 246 4718 eliis
268 4665 411 4719 monachi.
439 4666 495 4721 Res
511 4670 607 4720 antem
634 4680 705 4737 quas
730 4666 838 4720 habent
859 4682 937 4721 com-

87 4765 200 4820 munes,
224 4752 381 4808 secundum
394 4754 461 4824 jura
482 4753 524 4807 eis
543 4753 736 4824 competentia
760 4754 937 4809 distribuan-

88 4843 142 4894 tur.

88 4945 150 5002 Cae.
182 4946 270 5002 Llll'l.
292 4976 324 4988 -
352 4950 386 5003 Ut
411 4951 551 5017 episcopus
565 4951 732 5003 monasteria
747 4948 937 5004 monachorum

222 5022 248 5071 et
263 5020 512 5073 sanctimonialium
527 5022 684 5088 frequenter
698 5023 799 5074 visitet.

119 5106 179 5175 (Eu
193 5106 281 5161 concil
306 5107 478 5175 ltotbomap„
502 5109 591 5176 capite
604 5108 643 5175 3.)
660 5108 694 5161 Ut
707 5108 857 5179 episcopus
873 5122 936 5161 mo·

87 5192 210 5248 nastasia
226 5195 435 5249 monachorum
450 5199 479 5248 et
495 5194 757 5251 sanctImoniaIIum
770 5196 937 5268 frequenter

87 5278 219 5348 introeat,
237 5287 266 5337 et
280 5297 345 5337 cum
362 5282 496 5353 gravibus
512 5288 541 5338 et
555 5284 696 5355 reIIgiosis
711 5283 852 5355 personis,
868 5288 896 5338 et
906 5284 936 5337 in

87 5383 195 5437 eorum,
211 5370 254 5424 rel
271 5370 300 5424 iu
314 5387 412 5426 earum
424 5377 568 5427 conventu
582 5372 719 5439 residens,
734 5388 836 5427 eorum
847 5371 935 5425 vitam

87 5459 934 5532 etconversatiouemdiligenterdiscnIIat,et,siquidrepre·

997 3006 1043 3045 ces
1058 2991 1111 3045 sub
1123 2991 1252 3046 custodia
1268 2997 1438 3048 revocentur
1452 2997 1480 3048 et
1494 2994 1740 3066 constringantur.

1016 3080 1080 3134 Cae.
1098 3080 1304 3136 LlIVlll.-De
1317 3067 1455 3137 monachis
1471 3084 1520 3151 qui
1532 3084 1603 3151 filios
1616 3086 1829 3152 procreaverint.

1034 3167 1090 3238 (Ec
1111 3168 1193 3223 dictis
1217 3169 1245 3224 S.
1275 3169 1388 3241 Isidor.)
1413 3170 1541 3224 lionachi
1566 3171 1643 3225 lilios
1663 3177 1848 3243 procreantes

997 3254 1027 3309 in
1043 3272 1154 3312 carcere
1170 3257 1365 3325 recludantur,
1389 3263 1502 3313 tantum
1527 3258 1638 3314 lacinus
1653 3261 1791 3316 cantibus
1810 3261 1849 3316 la·

997 3345 1173 3400 mentatione
1188 3345 1337 3413 deflentes,
1362 3347 1447 3401 ateis
1461 3348 1504 3403 vel
1522 3346 1557 3402 ad
1576 3354 1699 3404 mortem
1716 3350 1778 3404 sola
1793 3351 1847 3404 mi-

996 3432 1151 3488 sericordia
1163 3433 1194 3488 in
1207 3434 1418 3489 communionis
1432 3435 1526 3506 gratia
1537 3436 1629 3506 possit
1645 3436 1800 3510 Indulgeri.

997 3539 1062 3593 Cae.
1078 3539 1164 3593 Llllll.
1178 3568 1213 3578 —
1229 3541 1265 3594 Ile
1279 3540 1535 3595 sanctimonialibus
1546 3543 1848 3610 quaoimbarbaricam

1332 3611 1513 3680 pertulerunt.

1032 3696 1091 3765 (Ea
1114 3695 1187 3751 decr.
1215 3699 1310 3752 Leonis
1321 3711 1413 3767 pupae,
1438 3700 1527 3767 cupite
1547 3697 1606 3772 49.)
1625 3700 1664 3754 De
1679 3700 1723 3755 his
1748 3706 1845 3759 autem

996 3799 1070 3855 qrrae,
1086 3783 1116 3838 in
1141 3799 1222 3839 sacro
1237 3783 1412 3855 virginitatis
1428 3785 1576 3857 proposito
1592 3787 1765 3856 constituta,
1780 3789 1846 3845 bar·

994 3871 1121 3926 baricam
1143 3874 1287 3944 pertulere
1301 3873 1476 3942 violentiam,
1495 3879 1524 3928 et
1539 3874 1733 3946 integritatem
1748 3879 1847 3949 pudo-

995 3961 1034 4015 ris
1049 3961 1153 4015 nonin
1168 3961 1267 4016 animo
1290 3961 1340 4016 sed
1355 3977 1474 4031 corpore
1491 3961 1688 4032 perdiderunt,
1714 3981 1748 4019 ea
1763 3966 1846 4021 uobis

995 4045 1108 4100 videtur
1129 4046 1268 4100 servanda
1290 4045 1460 4114 moderatio,
1484 4051 1518 4101 ut
1533 4062 1627 4118 neque
1648 4048 1678 4102 iu
1693 4048 1845 4105 viduarum

996 4134 1168 4205 dejiciantur
1191 4135 1323 4207 gradum,
1340 4149 1433 4205 nequa
1449 4134 1479 4188 in
1500 4150 1646 4190 sacrarum
1672 4142 1702 4193 et
1716 4153 1845 4209 persero·

995 4222 1122 4276 rentium
1150 4224 1295 4294 vlrgInum
1322 4239 1444 4278 numeru
1473 4231 1653 4278 censeantur.
1683 4225 1792 4290 Quibus
1821 4227 1845 4282 si

994 4311 1024 4366 in
1040 4312 1174 4367 omnibus
1188 4311 1376 4383 rirgInalibus
1390 4312 1639 4368 observationibus
1651 4320 1845 4386 perseverunt,

995 4404 1024 4454 et
1054 4400 1231 4456 castimoniae
1257 4401 1430 4456 solidItatem
1465 4407 1562 4456 mente
1591 4403 1766 4472 custodiunt,
1796 4420 1845 4460 sa-

994 4492 1207 4543 crementorum
1235 4504 1297 4543 non
1325 4493 1369 4544 cst
1395 4489 1527 4559 neganda
1553 4491 1719 4546 commuuio
1744 4509 1751 4548 z
1777 4494 1846 4566 qula

993 4577 1133 4649 injustum
1148 4582 1191 4631 est
1212 4577 1277 4632 illas
1292 4578 1322 4631 in
1344 4594 1378 4632 eo
1394 4579 1437 4632 vel
1461 4579 1555 4649 argiri,
1577 4581 1620 4634 vel
1644 4581 1749 4648 notari,
1766 4581 1843 4654 quud

993 4681 1051 4721 non
1066 4666 1198 4720 uoluntas
1212 4664 1339 4730 admisit,
1355 4665 1404 4721 sed
1420 4665 1461 4719 ris
1476 4666 1589 4721 hostilis
1602 4667 1717 4737 eripuit.

992 4770 1061 4825 Cae.
1081 4772 1151 4827 Lxx.
1168 4802 1203 4812 -
1227 4775 1267 4827 De
1281 4771 1401 4840 quadam
1421 4772 1562 4826 abbatissa
1578 4789 1638 4842 quae
1651 4789 1680 4828 se
1692 4776 1843 4842 proclama·

1023 4849 1102 4896 serut
1114 4858 1197 4912 super
1209 4842 1343 4897 militibus
1358 4847 1388 4896 in
1401 4847 1520 4897 claustro
1535 4859 1583 4898 suo
1598 4846 1809 4913 hospitantibus.

1028 4930 1087 5000 (Ea
1096 4933 1179 4998 repis.
1194 4932 1276 4995 Grep.
1289 4930 1326 4985 ad
1336 4931 1517 4985 Fortunarum
1530 4935 1683 5000 episcopum
1694 4934 1840 5002 Neapolit,

991 5019 1080 5087 capite
1092 5019 1166 5087 tlt.)
1176 5017 1425 5072 lusiauavituobis
1436 5019 1518 5073 latrix
1528 5021 1712 5090 praesentium
1722 5023 1843 5091 agnella

992 5105 1144 5172 abbatissa,
1173 5104 1251 5176 quod
1278 5105 1354 5160 iutra
1379 5108 1587 5160 monasterinm
1616 5106 1707 5177 ipsius
1734 5109 1841 5165 milites

992 5193 1182 5264 hospitentur.
1209 5194 1242 5249 Et
1256 5194 1376 5249 omuino
1390 5195 1426 5249 de
1441 5193 1628 5249 fraternitatis
1641 5202 1743 5253 vostrae
1765 5198 1841 5254 solli-

990 5281 1115 5336 eitudine
1143 5280 1240 5337 mIrati
1265 5299 1375 5352 sumus,
1403 5298 1454 5337 cur
1478 5282 1533 5337 hoc
1558 5283 1702 5354 patienter
1731 5286 1839 5352 tulerit,

991 5374 1020 5425 et
1034 5386 1092 5424 nou
1117 5370 1186 5425 illud
1202 5386 1268 5425 eum
1291 5369 1371 5425 omni
1387 5370 1533 5425 celeritate
1557 5371 1656 5427 iecerit
1680 5376 1838 5432 emendari.

993 5458 1072 5513 Unde
1096 5459 1258 5523 hortamur,
1287 5463 1320 5514 ut
1340 5459 1382 5513 vel
1408 5474 1486 5513 nunc
1512 5460 1599 5515 studii
1626 5462 1713 5516 vestri
1736 5463 1774 5518 sit
1796 5464 1840 5519 iu·
