3878 6112
130 274 181 331 tlt
779 271 807 328 S.
831 212 980 327 acuatur
991 267 1231 326 lurebsrouls
1840 272 1888 326 lle

132 411 198 452 rum
221 392 262 452 ibi
285 395 478 463 destruentur,
520 400 550 451 et
583 394 736 453 Christiani
768 393 895 450 nominis
922 396 1018 449 meh
1036 393 1128 449 ritatis
1157 393 1338 465 episcopatus
1366 391 1478 449 noviler
1511 391 1603 448 iaetus
1629 391 1811 450 fundaretur.
1837 395 1890 450 Pro

134 483 226 541 moria
256 485 464 556 perpetualiter
494 483 566 539 inihi
598 484 717 539 celebris
736 483 899 538 haberetur.
929 482 983 538 Sed
1040 498 1097 554 qua
1110 483 1221 537 ratione
1244 480 1392 538 Heinricus
1416 480 1565 536 Secundus
1589 480 1816 553 gloriosissimus
1833 481 1889 536 ilex

136 588 202 628 cum
217 573 381 645 parochiam
395 574 432 628 ad
446 573 576 628 eamdem
589 573 687 627 sedem
711 570 912 643 respicientem
927 586 985 625 uon
1040 572 1158 627 nuutios
1171 586 1237 626 suos
1251 570 1287 627 ad
1301 586 1354 627 nos
1372 569 1487 635 direxit,
1513 569 1564 640 qni
1591 569 1674 624 nobis
1700 570 1763 625 baec
1794 570 1892 624 omnis

137 660 264 729 haberet,
284 666 311 716 et
339 669 466 716 sanctam
508 663 693 715 Pentecosten
723 660 753 714 in
782 661 884 715 codem
910 676 985 714 anno
1041 661 1179 726 dicerent,
1205 665 1232 714 et
1260 674 1377 730 nosrsro
1408 659 1460 714 bac
1478 658 1545 713 seds
1572 659 1772 714 contlrmanda
1800 657 1891 712 intsr·

139 750 222 822 regni
250 750 295 805 sni
315 750 467 821 bioguutiae
493 750 658 814 celebraret,
691 753 802 818 partem
831 749 987 803 wirzebur·
1043 750 1194 820 petierent.
1214 749 1302 818 Cujus
1317 748 1525 802 curialissimum
1544 746 1747 813 imitationem,
1773 750 1895 817 paterna

140 838 236 910 gensis
263 839 426 906 dioeceseos,
455 839 624 892 comitatum
648 837 780 891 videlicet
808 838 987 907 itaterzgewe
1043 835 1263 908 stproecordiali
1288 834 1440 891 dilectione
1455 834 1611 901 intuentes,
1635 850 1736 890 omnes
1749 850 1808 902 res,
1825 850 1895 906 quas

140 927 197 999 (52)
210 927 329 996 dictum,
344 931 372 981 et
384 926 453 996 pagi
465 924 687 992 wotcveltdicti,
700 924 883 980 iuterllurios
897 927 990 980 Vraba
1044 927 1127 982 beato
1146 927 1230 980 Petro
1255 924 1458 995 Apostolorum
1487 922 1622 994 Principi,
1638 922 1670 977 in
1693 924 1756 977 ioco
1781 938 1896 994 praeno-

141 1022 169 1071 et
197 1016 321 1070 itatenza
345 1015 408 1081 sita,
436 1014 472 1068 ab
503 1013 636 1069 Heinrieo
669 1013 898 1085 Wirzehurgensi
927 1012 992 1083 Epi·
1046 1015 1154 1070 minato
1182 1013 1312 1083 legitima
1337 1012 1445 1066 ratione
1474 1012 1607 1067 collectas
1631 1011 1767 1077 contulit,
1792 1016 1896 1067 nostrae

93 1112 99 1121 '
141 1102 321 1174 scopoflrma
343 1119 376 1156 ec
400 1102 486 1172 legali
513 1102 668 1157 traditione
691 1102 852 1173 acquisivit,
875 1102 992 1156 tradens
1047 1101 1223 1157 auctoritatis
1246 1100 1396 1173 privilegio
1424 1098 1593 1154 coniirmare
1630 1097 1826 1160 decernimus,
1864 1112 1898 1152 ea

142 1197 272 1247 econtra
293 1190 524 1260 wirzeburgensi
547 1189 671 1244 ecclesia
691 1190 733 1245 Gi.
757 1190 811 1261 (53)
834 1206 947 1245 mansos
962 1190 992 1244 iu
1047 1191 1180 1246 videlicet
1201 1190 1327 1259 ratione,
1355 1194 1386 1243 ut
1415 1187 1570 1260 Episcopus
1606 1187 1668 1259 ejus
1697 1187 1765 1254 loci,
1795 1191 1825 1242 et
1849 1185 1897 1258 qui

142 1279 204 1334 rico
223 1279 400 1350 Memmiguu
425 1280 512 1345 dicto,
541 1285 569 1333 ct
593 1279 623 1332 in
642 1279 771 1350 proxime
799 1278 993 1350 adjacentibus
1048 1282 1271 1351 inperpetuum
1298 1276 1341 1331 sui
1377 1277 1485 1338 luerint
1504 1290 1693 1344 successores,
1722 1290 1768 1341 ea,
1801 1288 1898 1350 sscpra

143 1368 224 1437 locis,
261 1367 515 1436 consentientibus,
547 1370 576 1420 st
606 1368 841 1421 concurrentibus
871 1367 902 1421 in
933 1367 995 1420 haec
1048 1367 1255 1438 tranquillitate
1283 1366 1457 1437 possideant.
1495 1369 1524 1419 st
1546 1364 1667 1419 liberam
1697 1363 1826 1419 habeant
1848 1378 1897 1434 po·

143 1461 203 1512 tota
236 1456 314 1510 illius
354 1455 487 1511 Heinrico
524 1454 762 1526 wirzeburgensi,
795 1460 824 1510 et
856 1455 994 1527 willigiso
1048 1461 1180 1512 testatem
1207 1471 1252 1509 res
1277 1462 1306 1510 et
1334 1452 1522 1526 proprietates
1548 1453 1678 1525 ejusdem
1703 1451 1833 1508 ecciesiae
1851 1467 1899 1504 or·

145 1543 297 1615 lioguntiae
312 1542 480 1613 metropolis
508 1542 732 1615 archiepiscopo,
762 1543 927 1616 multisque,
945 1543 996 1615 qui
1048 1546 1159 1610 dinare,
1184 1549 1268 1615 atque
1296 1558 1479 1614 componere,
1507 1543 1549 1596 sel
1573 1541 1659 1596 stiam
1682 1545 1897 1612 augmentare:

145 1635 300 1704 presentes
320 1630 437 1686 luerunt
450 1629 515 1703 (el),
541 1631 770 1704 archiepiscopis
793 1637 822 1687 et
838 1631 993 1704 Episcopis,
1011 1668 1041 1728 B.
1051 1633 1190 1704 dissipare
1214 1648 1290 1701 vero,
1318 1636 1404 1704 atque
1432 1632 1617 1697 conirrndere,
1642 1621 1763 1686 nnllam
1779 1629 1902 1684 babsant

145 1719 306 1792 legitimum
322 1720 375 1773 hoc
393 1718 592 1774 concambium
618 1720 798 1775 attestatione
810 1736 870 1786 sua,
885 1727 914 1777 et
928 1721 995 1776 sub·
1052 1725 1231 1794 potestatem.

146 1807 300 1880 scriptione
340 1807 553 1863 roborantibus.
589 1807 815 1863 Gloriosissimus
835 1825 901 1864 vero
938 1810 997 1864 ilex
1089 1810 1166 1865 lb«
1198 1809 1299 1863 Nostra
1325 1822 1441 1878 quoqne
1458 1806 1628 1861 auctoritate
1655 1807 1812 1874 sancimus,
1823 1805 1901 1861 utiio

146 1912 264 1968 compos
295 1896 354 1950 soti
382 1895 510 1962 effectus,
536 1895 599 1967 pari
623 1896 853 1968 supradictorum
881 1899 996 1952 Petrum
1053 1897 1192 1965 terminis,
1221 1902 1249 1951 st
1271 1896 1303 1951 in
1328 1896 1413 1951 rebus
1453 1896 1582 1967 ejusdcm
1608 1895 1735 1950 ecclesiae
1761 1896 1843 1951 nialla
1867 1895 1901 1949 sit

146 1983 289 2052 consulto,
321 1984 393 2039 duos
426 2000 460 2038 ex
501 1985 656 2054 capellanis
686 1985 745 2038 suis
778 1985 941 2041 hibericum
969 1989 998 2041 et
1052 1987 1197 2042 infestatio
1211 1991 1411 2057 tyrannorum,
1428 1985 1472 2038 rel
1487 1984 1611 2039 aliorum
1624 1983 1827 2056 quorumtibet
1839 1998 1899 2054 pra·

149 2071 487 2143 hodericum'odjnnclis
510 2072 754 2144 wirzeburgensis
778 2073 912 2145 Episcopi
924 2074 999 2130 litte·
1053 2091 1153 2130 vorum
1168 2074 1328 2142 bominum,
1357 2073 1416 2127 sire
1438 2073 1540 2127 sintin
1560 2073 1674 2129 civitate
1701 2073 1767 2144 ipsa
1798 2073 1901 2128 Euhen-

42 2195 54 2211 .
150 2159 197 2226 ris,
228 2160 349 2216 Romam
390 2176 481 2232 usque
514 2159 627 2226 direxit,
651 2166 794 2233 quatenus
832 2162 893 2217 hrec
924 2162 999 2216 hene
1052 2163 1129 2228 berc,
1154 2162 1211 2217 sire
1243 2162 1272 2217 iu
1301 2160 1424 2215 castellis
1451 2166 1479 2215 et
1507 2159 1591 2227 siliis,
1623 2161 1711 2215 serris
1737 2165 1768 2216 et
1784 2159 1900 2224 ancillis,

148 2253 239 2319 empta
264 2248 293 2302 in
320 2248 424 2304 melius
449 2247 622 2319 proficerent
640 2249 808 2303 auctoritate
826 2250 997 2320 apostolica.
1052 2249 1221 2319 tributariis,
1250 2248 1378 2316 decimis,
1409 2249 1572 2314 forestibus,
1608 2247 1696 2316 sitris,
1742 2246 1901 2318 piscationi·

149 2339 186 2392 ar
206 2337 353 2392 Romanus
373 2337 512 2405 Pontifex,
538 2341 566 2391 et
590 2336 758 2391 anniversalis
787 2339 864 2408 Papa
877 2339 1001 2393 ioannes
1053 2338 1117 2407 bus,
1155 2337 1365 2399 venationibus,
1416 2335 1599 2403 molendinis,
1649 2336 1771 2406 campis,
1808 2334 1898 2406 pratis,

149 2424 272 2497 piissimi
287 2425 372 2496 Regis
397 2424 754 2494 devotioniscongaudeus‚
778 2426 877 2481 hahita
893 2426 1002 2481 insau-
1054 2425 1174 2496 pascuit,
1201 2425 1285 2478 terris
1307 2425 1379 2478 cutis
1403 2428 1432 2478 et
1462 2423 1584 2487 incultis,
1612 2428 1641 2478 et
1664 2422 1807 2496 quidquid
1823 2422 1899 2477 mods

150 2515 188 2569 cti
213 2512 289 2568 Petri
331 2512 448 2566 Basilica
478 2511 597 2583 synodo,
627 2528 679 2583 pro
720 2513 916 2569 continuando
943 2515 1002 2586 cpi·
1054 2506 1351 2584 illuc,⁷pertinet,val
1379 2513 1409 2568 in
1439 2513 1569 2567 tutorum
1595 2512 1705 2584 acquiri
1732 2514 1833 2584 possit,
1857 2525 1900 2583 per

151 2604 270 2672 scopatu
289 2599 528 2669 babenbergensi,
553 2599 738 2671 privilegium
765 2601 833 2657 iecit
851 2602 1001 2668 conscribi,
1056 2608 1160 2657 nostrae
1202 2600 1377 2656 auctoritatis
1416 2601 1598 2672 privilegium
1626 2600 1900 2666 corroboratum,in

153 2691 182 2743 et
208 2688 370 2760 apostolica
402 2687 571 2743 auctoritate
596 2689 717 2757 lirmari,
741 2690 882 2745 universis
905 2692 1002 2748 Galliae
1056 2690 1263 2762 securaquiete
1279 2695 1455 2760 permaneat.
1483 2690 1584 2745 Nullus
1606 2689 1647 2744 ihi
1673 2690 1776 2745 Comes
1802 2689 1901 2744 cuttu

153 2781 182 2832 et
203 2777 362 2832 Germanice
390 2775 536 2847 Episcopis
559 2779 727 2845 rescribens,
751 2784 781 2834 ut
805 2779 907 2851 stipsi
940 2780 1004 2852 pari
1057 2781 1112 2835 dex
1140 2780 1235 2850 legem
1259 2778 1351 2833 lacere
1377 2783 1541 2848 presumat,
1571 2778 1626 2832 nisi
1651 2794 1739 2850 quam
1770 2793 1823 2850 per
1842 2793 1900 2832 cors·

152 2865 357 2935 communique
389 2865 569 2931 auctoritaie,
598 2866 769 2937 pradictum
806 2867 1002 2940 episcopatum
1057 2868 1216 2923 cessionem
1243 2865 1441 2937 gloriosissimi
1472 2866 1557 2937 Regis
1582 2865 1706 2921 iieinrici
1732 2868 1777 2921 rel
1800 2881 1901 2920 succes

155 2951 332 3016 roborarent,
361 2953 443 3022 cujus
469 2951 600 3007 videlicet
627 2953 772 3023 privilegii
800 2955 945 3025 exemplar
975 2944 1160 3012 iquorum
1175 2956 1237 3026 ejus
1252 2955 1407 3026 Episcopus
1432 2954 1484 3008 ioci
1507 2954 1637 3024 ejusdem
1662 2954 1813 3024 deligeret.
1829 2953 1903 3008 Nulla

154 3039 231 3095 hunc
245 3039 365 3094 modum
379 3056 408 3094 sc
422 3039 528 3095 habat:
1060 3044 1155 3100 aliena
1185 3048 1309 3115 potestas
1337 3043 1378 3097 ihi
1405 3058 1457 3113 per
1481 3042 1647 3097 violentiam
1668 3042 1768 3096 irruat.
1792 3043 1840 3097 Sic
1863 3041 1905 3096 ills

192 3131 235 3184 td.
262 3147 277 3179 ιι
303 3128 426 3183 ioannes
454 3128 608 3199 Episcopus
633 3143 730 3182 servus
765 3144 913 3184 seruorum
943 3129 1003 3184 bei.
1061 3133 1241 3206 episcopatus
1265 3133 1347 3198 liber,
1383 3136 1416 3185 et'
1436 3132 1472 3186 ab
1506 3132 1587 3186 omni
1612 3135 1752 3203 potestate
1775 3137 1906 3185 extranee

155 3216 247 3273 Oiticii
272 3216 361 3270 nostri
388 3223 432 3272 est
456 3216 587 3271 omnium
608 3221 770 3271 sanctarum
799 3217 849 3273 Dei
874 3216 1005 3272 ecclesia·
1060 3237 1187 3289 securus,
1201 3221 1330 3275 Romano
1346 3219 1546 3274 tantummodo
1557 3218 1763 3274 mundiburdio
1775 3220 1836 3290 (55)
1851 3218 1907 3273 suh

155 3319 221 3361 rum
244 3305 398 3360 commoda
421 3305 595 3376 generaliter
616 3305 806 3368 considerare,
830 3311 858 3360 et
882 3307 1006 3362 maxime
1060 3311 1310 3382 ditus2quatenus
1329 3308 1486 3379 Episcopus
1503 3307 1656 3363 cornelius
1689 3321 1754 3362 cum
1770 3304 1908 3361 mnonicis

156 3409 351 3466 eorumquae
381 3394 541 3464 specialiter
557 3394 609 3449 sub
632 3395 744 3465 jureac
760 3394 1007 3449 dominionostrre
1061 3398 1249 3454 suisservitio
1289 3398 1338 3452 liei
1375 3396 1467 3469 possit
1493 3396 1634 3461 insistere,
1659 3401 1688 3450 et
1721 3395 1811 3468 primi
1842 3410 1908 3450 oon·

157 3483 296 3537 Rornanaa
322 3482 454 3536 Ecclesiae
484 3481 661 3549 consistuut;
684 3482 707 3535 si
731 3483 809 3554 quod
833 3488 876 3537 est
897 3482 1007 3538 incom·
1062 3487 1209 3543 structoris
1243 3485 1373 3555 ejusdem
1403 3485 1466 3554 ioci,
1507 3489 1536 3540 et
1567 3484 1778 3554 recrspsratoris
1804 3483 1908 3555 Jugitsr

157 3571 287 3636 modum,
311 3570 435 3636 abolere,
460 3587 497 3626 ne
520 3586 573 3641 pro
591 3571 671 3642 gravi
697 3570 932 3627 incommoditate
957 3588 1008 3628 sua
1063 3574 1232 3631 memoriam
1257 3573 1372 3629 babere.
1399 3573 1441 3629 Sit
1466 3577 1564 3628 tamen
1601 3572 1679 3628 idem
1702 3579 1908 3642 suomstropo

158 3659 295 3729 neglectas
323 3659 478 3727 vilescnut3
510 3661 553 3714 rel
577 3660 704 3731 qualibet
741 3664 823 3714 nacta
850 3660 1007 3727 occasione,
1063 3665 1152 3721 titano
1179 3662 1324 3733 subjectus
1358 3666 1443 3734 atque
1469 3660 1614 3717 obediens.
1639 3660 1823 3733 Quicumque
1854 3661 1910 3716 hec

159 3747 254 3803 debita
280 3747 450 3802 solennitate
473 3754 597 3804 careant.
625 3750 781 3819 Propterea
799 3749 932 3804 omnibus
947 3766 1010 3804 san·
1063 3756 1206 3825 praecepta
1234 3750 1396 3815 serraverii,
1427 3749 1552 3805 divinam
1593 3749 1861 3804 remunerationem
1886 3752 1913 3802 st

158 3841 212 3890 ctae
230 3834 282 3891 Dei
302 3836 432 3892 Ecclesiae
459 3837 601 3902 fidelibus,
630 3837 820 3908 presentibus
848 3837 956 3894 scilicet
981 3842 1010 3893 et
1063 3838 1500 3914 Apostolicambenedictionem
1518 3837 1645 3909 accipiat.
1662 3837 1717 3902 Qui
1734 3843 1833 3893 autem
1847 3852 1911 3892 con·

160 3924 273 3991 laturis,
290 3929 466 3979 notomesse
496 3925 651 3980 volumus:
678 3927 746 3997 quia
774 3925 895 3980 dilectus
911 3926 1010 3998 etspi·
1060 3935 1190 4000 temptor
1219 3933 1247 3982 et
1284 3926 1405 3981 violator
1446 3925 1595 3991 exstiterit,
1638 3925 1771 3996 perpetui
1804 3924 1913 3982 cosme

159 4011 270 4067 ritualia
295 4019 392 4068 noster
419 4012 494 4066 lilius
517 4012 666 4069 Heinricus
690 4012 1010 4085 gloriosissirnusatqne
1065 4017 1163 4073 masiis
1178 4015 1358 4072 damnationi
1371 4015 1527 4085 subjaceat,
1557 4012 1614 4068 nisi
1633 4012 1807 4084 resipiscens
1822 4013 1857 4067 ad
1870 4028 1912 4067 sa·

160 4100 364 4156 invictissimus
385 4102 453 4163 ilex,
479 4100 576 4155 divina
603 4101 760 4172 inspirante
784 4101 949 4166 clementia,
975 4101 1010 4156 de
1065 4104 1254 4160 tisfsctionem
1278 4102 1435 4174 perveniat.
1459 4101 1602 4171 Scriptum
1630 4115 1682 4171 per
1709 4115 1816 4155 mansas
1841 4098 1911 4156 Petn'

161 4189 286 4260 propriis
299 4189 487 4244 haereditariis
500 4188 596 4257 rebus,
620 4204 672 4259 pro
687 4204 738 4243 soa
765 4204 943 4261 suorumque
958 4205 1008 4260 pa·
1024 4219 1046 4274 0
1065 4192 1170 4249 notarii
1195 4199 1225 4247 et
1250 4190 1391 4246 scriniarii
1424 4194 1528 4244 sanctae
1556 4189 1692 4243 Romanae
1728 4189 1860 4244 ecclam
1886 4188 1912 4242 in

163 4280 278 4332 rentum
304 4277 409 4340 anima,
443 4277 640 4348 episcopatum
673 4277 704 4332 in
738 4277 801 4331 loco
828 4277 878 4350 qui
905 4277 1011 4333 dicitur
1066 4296 1164 4335 manse
1182 4278 1391 4345 Junio,iudict.
1407 4293 1464 4332 r.»

165 4365 338 4431 babenberc,
376 4366 508 4436 perfectas
529 4364 597 4420 iidei
624 4369 653 4420 et
676 4364 821 4419 charitatis
848 4364 1010 4433 devotione,
1105 4371 1145 4423 15.
1175 4367 1276 4423 Habito
1306 4366 1396 4437 igitur
1423 4380 1537 4419 rursum
1576 4363 1704 4435 generali
1745 4363 1868 4420 concilio
1887 4362 1915 4419 in

163 4454 194 4509 in
221 4455 361 4509 bonorem
388 4454 544 4509 beatissimi
572 4454 648 4508 Petri
676 4454 881 4523 apostolorum
904 4453 1011 4509 Princi·
1069 4456 1285 4522 l'rancheniurt,
1314 4454 1361 4509 cui
1391 4453 1525 4525 presedit
1563 4452 1735 4508 venerahilis
1750 4460 1754 4465 ’
1767 4452 1917 4525 archiepi-

163 4543 209 4616 pis
236 4557 297 4597 esse
322 4542 483 4610 constituit,
512 4542 734 4597 commutatione
769 4543 845 4597 iacta
876 4542 951 4614 J'ure,
983 4559 1016 4597 ac
1068 4562 1170 4618 scopus
1199 4543 1354 4615 willigisus
1386 4543 1578 4613 negantium,
1620 4541 1745 4597 universi
1772 4541 1918 4614 Aschiepi·

163 4630 294 4702 iegaliter
311 4646 377 4686 cum
404 4631 536 4686 lisinrico
553 4629 804 4703 Wirzenburgensi
824 4629 963 4701 Episcopo
979 4630 1013 4685 de
1068 4634 1148 4706 scopi
1162 4638 1190 4690 et
1210 4631 1349 4704 Episcopi,
1376 4631 1643 4704 quiinteriuerunt,
1673 4645 1794 4685 nurnero
1825 4646 1916 4696 xxxvi,

165 4720 262 4792 aliqua
280 4726 361 4793 parte
376 4719 520 4790 parochias
548 4719 592 4774 soi
619 4720 809 4792 episcopatus.
834 4719 913 4775 Unde
927 4720 1014 4776 etiam
1068 4724 1237 4779 debitarum
1254 4720 1437 4775 veneratione
1460 4720 1643 4790 privilegium
1669 4718 1723 4774 hoc
1746 4719 1828 4775 Sedis
1843 4723 1916 4793 spo·

165 4808 319 4881 predictus
356 4808 510 4879 Episcopus
538 4808 622 4864 nobis
648 4824 714 4862 suas
738 4808 848 4863 litteras
876 4808 964 4877 misit,
984 4816 1017 4863 ut
1067 4812 1175 4867 stolicre
1203 4809 1400 4881 suscipientes,
1438 4808 1615 4863 unanimiter
1634 4808 1743 4862 devotis
1772 4808 1917 4863 mentibus

165 4914 218 4954 sno
233 4913 383 4964 consensu,
411 4896 563 4969 privilegio
595 4902 700 4952 nostrie
714 4897 886 4969 apostolicas
916 4902 1016 4953 aucto·
1048 4900 1269 4967 ·landaverunt,
1296 4902 1325 4953 st
1358 4897 1540 4953 scribendum
1567 4886 1784 4952 mboraseruut.
1813 4898 1853 4953 lle
1878 4910 1920 4951 sn·

166 5041 198 5097 in
213 5040 425 5098 Commentario
453 5040 604 5096 restituere
631 5041 726 5097 conati
743 5057 861 5097 aramus:
877 5042 953 5114 quod
968 5057 1019 5096 au·
1070 5042 1113 5098 rei
1127 5039 1315 5097 substantiam
1330 5055 1388 5094 non
1402 5054 1577 5109 magnopere
1599 5037 1764 5093 amendant.

167 5116 347 5167 lemannum
366 5114 432 5169 ¹0⁰7
450 5118 601 5168 connectat
622 5127 687 5168 cum
703 5117 802 5168 annot
829 5112 912 5182 regui
941 5114 1018 5168 tisu-
1107 5113 1162 5181 (ii)
1174 5113 1212 5167 Ex
1226 5110 1323 5166 codice
1335 5108 1723 5180 Viennensinominaaliqua
1740 5108 1831 5164 refert
1844 5108 1921 5163 Grat-

166 5182 229 5250 rici,
252 5182 383 5254 sequitur
402 5199 435 5238 ax
457 5184 552 5256 primo
580 5199 676 5239 errore
706 5199 792 5256 quem
818 5198 905 5254 supra
934 5188 1018 5239 nota·
1071 5199 1152 5238 serus
1168 5199 1176 5250 3
1190 5188 1219 5237 at
1233 5180 1435 5250 distinguenda
1445 5184 1513 5235 sunt
1541 5185 1570 5234 et
1591 5187 1724 5250 tempora
1740 5185 1771 5234 et
1793 5178 1922 5242 concilia,

166 5252 269 5308 rimus.
1073 5257 1104 5308 nt
1118 5254 1181 5309 ride
1205 5252 1235 5307 iu
1264 5251 1474 5308 Commentario
1503 5250 1610 5322 praevio
1638 5250 1730 5305 locius
1755 5249 1922 5315 deductum,

203 5322 260 5396 (ss)
275 5324 313 5380 Es
342 5325 437 5380 codice
452 5325 605 5380 Viennensi
628 5322 728 5379 scribit
737 5324 887 5380 Gretserus
900 5327 1017 5381 ltutesu·
1073 5324 1123 5380 ribi
1146 5324 1244 5379 omnia
1270 5324 1410 5394 explicata
1436 5326 1504 5376 sunt
1529 5337 1594 5394 quse
1616 5321 1664 5376 hic
1691 5320 1826 5376 annotari
1858 5336 1921 5393 pos·

167 5397 302 5463 praeiet
324 5397 412 5467 paulo
439 5396 622 5469 postsotofctt
640 5410 706 5468 quse
739 5395 802 5450 loca
827 5395 942 5466 aliaque
970 5394 1017 5450 hic
1073 5399 1144 5451 sant.

167 5467 327 5522 accuratius
339 5468 426 5523 modo
454 5483 595 5539 qrroerere,
610 5481 705 5537 operas
733 5465 863 5535 pretinm·
887 5481 947 5520 non
964 5471 1016 5521 est.
1108 5466 1163 5536 (55)
1178 5464 1390 5532 Moadihurpum
1404 5463 1490 5518 etiam
1506 5461 1620 5527 dicitur,
1649 5465 1750 5535 astum
1763 5460 1863 5526 tuitio,
1876 5461 1923 5517 ds·

202 5535 258 5610 (aa)
277 5538 424 5595 variantes
451 5538 588 5594 lectiones
614 5537 708 5593 adlsrt
721 5536 879 5604 Graecum,
894 5537 1019 5610 Mune
1071 5537 1163 5593 lensio
1176 5543 1225 5592 ant
1240 5537 1338 5591 tutela.
