3894 6120
165 224 217 278 let
639 220 791 278 struunt
811 220 838 274 S.
860 217 1100 277 SYltPHORlle
1120 216 1268 273 METENS.
1290 214 1442 273 nonnuli.
1873 218 1920 272 lbi

166 362 231 419 gam
257 343 414 416 praeparati
440 349 523 417 atque
548 343 680 416 expediti.
711 344 772 398 llna
801 324 846 396 res
872 347 935 397 erat
958 341 1051 397 illisa
1071 343 1237 410 erumpunt,
1254 339 1350 394 omnia
1372 339 1706 395 cadareramortoornm
1728 339 1920 411 perequitant,

165 451 273 507 magno
297 433 374 499 usui,
401 434 477 505 quod
503 449 636 505 eampum
666 447 784 486 omnem
810 429 893 484 lossis
917 429 1019 503 prelo-
1073 427 1206 483 illucubi
1229 430 1361 482 ducema
1386 427 1567 503 multitudine
1590 428 1808 485 circumdatum
1830 445 1919 484 cerne·

165 524 282 590 derant,
322 522 380 575 sive
416 523 450 576 ad
489 521 699 579 defendendum
738 521 877 592 majorem
915 526 1016 573 aestum
1073 516 1345 572 bantcontendnnt.
1366 515 1454 581 Quem
1475 517 1633 587 cognitum,
1660 517 1765 589 etjam
1786 518 1918 573 inadver·

166 611 267 678 maris,
313 610 363 680 qtri
401 610 429 664 in
474 611 633 683 plenilunio
669 607 794 664 validior
830 608 901 662 solet
936 608 1016 665 lieri.
1074 619 1189 657 sumes
1212 606 1395 659 vulneratum
1418 608 1533 677 etpene
1554 606 1755 675 desperatum,
1776 606 1869 660 statim
1890 624 1916 662 rs

165 701 224 756 sive
258 698 294 753 ad
330 698 545 769 impediendum
578 699 633 753 iter
669 699 807 753 hostium.
846 696 921 762 Onnes
952 713 1016 751 cnm
1073 694 1202 766 periculo
1217 695 1355 766 eripiunt,
1382 700 1410 750 rt
1424 711 1487 750 cum
1504 697 1600 767 paucis
1624 699 1717 767 captis
1733 696 1766 752 in
1782 698 1941 754 castellnm.

164 788 229 844 duci
242 787 390 842 videretur
403 787 518 842 dilllcile
534 804 599 841 enm
616 786 804 841 multitudine
818 785 1017 852 transeundas,
1073 783 1246 854 perducunt,
1271 784 1451 856 pedibusque
1474 786 1535 856 ejus
1558 785 1784 857 provolvuntur,
1800 787 1879 858 eique
1893 804 1914 843 se

161 876 258 948 jussit,
285 878 318 929 ut
342 874 392 945 qni
421 875 502 946 signa
525 876 655 930 ferebant
681 874 820 941 redirent,
846 879 874 929 et
898 874 1017 927 circutu-
1074 871 1193 940 dedunt,
1218 870 1370 926 obsecrant
1395 879 1428 926 ut
1451 873 1534 927 rebus
1563 873 1622 927 suis
1645 874 1783 927 consulat
1804 880 1832 928 et
1852 877 1912 946 apud

164 967 201 1021 tis
216 962 255 1002 ’⁸⁰
277 963 361 1019 fossis
378 963 407 1017 in
430 965 499 1020 locis
525 964 619 1036 planis
643 963 846 1031 consisterent,
872 967 904 1018 nt
918 962 940 1016 si
958 962 1019 1017 Fri·
1073 959 1278 1030 imperatorem
1299 965 1327 1015 et
1355 960 1520 1032 episcopum
1544 961 1736 1016 Adelbaldum
1763 963 1911 1032 proeisde
1946 1036 1947 1039 Ἴ

164 1055 198 1109 sii
213 1051 250 1092 ¹²⁰
266 1051 405 1107 dimicare
428 1055 545 1121 vellent,
562 1070 610 1107 eos
626 1052 785 1124 excipiendi
810 1052 968 1123 expeditior
980 1051 1019 1106 la·
1072 1047 1189 1119 negotio
1215 1049 1344 1103 confecto
1369 1048 1548 1104 interveniat.
1576 1050 1687 1114 Quibus
1718 1066 1787 1104 cum
1814 1050 1911 1106 dixisset

164 1143 254 1198 cultas
270 1145 354 1195 esset.
371 1141 404 1195 Et
426 1158 491 1197 cnm
508 1142 648 1197 exercitus
663 1141 743 1197 ducis
758 1138 792 1178 ¹⁴¹
817 1141 898 1212 signa
913 1140 1018 1196 reterre
1074 1137 1249 1209 omniaque
1264 1137 1299 1192 ab
1316 1153 1349 1192 eo
1362 1137 1541 1208 postularent
1556 1154 1616 1192 sese
1640 1137 1802 1204 iacturum,
1817 1144 1909 1194 mntnn

165 1229 329 1302 coepissent,
354 1234 433 1283 crtus
448 1234 489 1285 esl
513 1230 589 1285 inter
602 1229 773 1284 novissimos
797 1244 896 1283 eorum
911 1229 1020 1283 clamor
1073 1229 1106 1280 ut
1120 1225 1214 1298 ipsum
1231 1230 1258 1280 et
1280 1232 1391 1281 ceteros
1415 1226 1464 1298 qui
1490 1231 1674 1297 superessent
1694 1232 1726 1282 et
1748 1228 1825 1299 capti
1845 1235 1911 1284 erant

166 1337 180 1373 a
203 1318 330 1391 qondam
356 1317 567 1385 scelestissimo,
588 1319 751 1390 propinquo
772 1316 952 1389 predonum,
978 1317 1019 1371 di·
1072 1314 1178 1369 illesos
1192 1315 1269 1370 abire
1281 1315 1492 1387 permitterent,
1507 1317 1721 1387 responderunt
1739 1331 1854 1387 magnas
1868 1318 1911 1371 ini-

165 1424 242 1474 cens,
269 1411 304 1460 ut
331 1405 454 1478 quisque
482 1407 548 1461 vitm
577 1423 635 1461 snae
660 1408 831 1470 consuleret,
860 1405 960 1460 ducem
988 1407 1017 1460 in
1074 1404 1407 1476 micitiasparentnmet
1430 1404 1659 1476 propinquorum
1677 1404 1798 1459 illorum
1818 1405 1912 1476 quioc-

165 1494 336 1567 primaerio
358 1494 469 1565 impetn
497 1496 651 1550 Frisiorum
676 1511 806 1566 pressum
827 1495 894 1566 luga
919 1494 1019 1566 prrelio
1073 1495 1234 1547 cubuerant
1256 1493 1336 1564 ipsos
1360 1492 1541 1561 incurrisse,
1571 1494 1593 1548 si
1619 1494 1829 1565 impunitatem
1851 1495 1913 1548 illins

168 1583 293 1636 cessisse.
312 1580 368 1633 llac
387 1581 457 1636 salsa
475 1581 552 1639 fame
567 1598 619 1653 per
641 1582 796 1636 exercitum
813 1583 933 1652 perlata,
957 1598 1018 1636 om·
1075 1580 1141 1635 lacti
1153 1581 1319 1652 juramento
1345 1581 1399 1636 sibi
1418 1581 1597 1651 confirment,
1617 1588 1649 1636 ut
1664 1582 1778 1637 nnllam
1792 1599 1912 1655 nmquam

166 1687 217 1725 nes
232 1672 262 1725 in
277 1669 374 1740 togam
393 1671 464 1724 versi
486 1675 563 1737 saint,
578 1670 604 1725 ei
620 1675 698 1724 tanto
714 1670 816 1724 timore
831 1675 898 1724 sunt
912 1674 1019 1741 perter·
1075 1669 1227 1725 vindictam
1243 1671 1280 1724 ab
1304 1670 1374 1742 ipsis
1400 1671 1526 1742 exigant,
1550 1688 1610 1726 sese
1625 1671 1765 1738 facturos,
1789 1688 1852 1743 qnae
1874 1689 1914 1743 po·
1935 1676 1944 1699 '

167 1758 226 1819 riti,
244 1758 408 1811 utncmine
426 1763 568 1828 urgnente
592 1759 622 1812 in
638 1756 745 1812 ssnmen
763 1773 792 1812 se
806 1757 1020 1830 praecipitarent
1075 1759 1203 1825 stularel,
1230 1759 1429 1814 ostenderunt.
1455 1760 1584 1832 Cumque
1612 1760 1670 1815 dux
1696 1761 1762 1815 haec
1791 1761 1913 1825 laudaret,

169 1847 235 1912 (lul.
269 1848 327 1914 tu).
362 1847 440 1901 llulti
477 1845 576 1901 confisi
607 1846 714 1901 uiribus
748 1846 784 1900 ad
814 1862 899 1900 naves
926 1851 1019 1901 trans·
1074 1846 1253 1901 constituunt
1267 1845 1343 1900 diem
1368 1852 1395 1900 ct
1409 1847 1515 1913 locum,
1531 1848 1646 1919 quando
1666 1847 1732 1902 haec
1756 1847 1927 1902 omniatieri·

168 1939 267 1989 natare
281 1933 445 2005 cupiebant.
461 1933 536 1998 Quies
558 1950 622 1988 cnm
640 1933 870 2006 prehendissent,
884 1935 956 1989 etin
972 1951 1020 1988 eas
1075 1933 1207 1988 debeant.
1224 1934 1292 1988 lllos
1314 1940 1409 1989 antem
1431 1935 1481 2006 qni
1496 1935 1570 2008 cepti
1594 1935 1711 1990 luerent
1727 1937 1865 2008 usquead
1879 1937 1914 1991 in-

168 2038 281 2077 summo
309 2022 404 2076 studio
433 2022 586 2077 ascendere
618 2031 801 2091 conarentur,
836 2023 1020 2078 multitudine
1075 2021 1173 2076 ducias
1196 2022 1343 2077 condictas
1366 2022 1395 2076 in
1418 2023 1540 2077 uinculis
1562 2023 1705 2091 retinent;
1732 2016 1936 2079 dueemabire'

168 2109 402 2180 circumstipante
429 2125 515 2164 nares
543 2110 675 2164 dimerse
704 2115 779 2166 snut.
813 2111 846 2165 Et
873 2127 906 2165 eo
933 2111 1019 2166 modo
1074 2110 1257 2182 permittunt.
1286 2111 1348 2177 Qino
1369 2112 1503 2177 abeunte,
1529 2112 1677 2168 irruerunt
1700 2129 1791 2186 snper
1814 2100 1913 2181 occisos,

167 2199 265 2270 plures
286 2199 444 2270 perierunt,
461 2199 536 2270 qnod
553 2201 675 2271 quisque
691 2216 790 2254 carum
810 2216 893 2254 sunm
909 2206 937 2255 et
952 2216 1019 2272 pro·
1074 2204 1102 2253 et
1125 2199 1204 2253 obliti
1231 2201 1327 2254 omnis
1348 2200 1547 2268 humanitatis,
1569 2202 1667 2257 omnia
1694 2218 1819 2275 corpora
1843 2204 1936 2257 resti·

168 2286 310 2358 pinqnnm
326 2288 355 2340 in
380 2288 482 2341 mortis
505 2291 605 2342 natatu
631 2288 806 2359 periclitasse
828 2288 1018 2359 conspiciens,
1075 2288 1340 2356 mentisexuernnt,
1352 2295 1383 2344 ut
1394 2306 1446 2345 nec
1456 2307 1583 2362 pinnum
1597 2291 1716 2363 quidem
1733 2293 1913 2363 relinquerent

167 2377 235 2430 dum
252 2376 403 2431 subvenire
424 2376 467 2430 illi
482 2377 576 2445 vellet,
592 2377 833 2433 circumfunditur
852 2376 1019 2432 innumera·
1075 2393 1132 2449 quo
1153 2378 1279 2432 verenda
1293 2384 1470 2450 tegerentur.
1490 2381 1529 2435 ne
1553 2380 1597 2434 nis
1611 2396 1730 2452 qnoque
1745 2381 1809 2437 haec
1829 2383 1912 2437 lerun-

167 2464 224 2518 liile
246 2465 358 2537 vrnlgus,
375 2481 521 2537 naresque
536 2464 567 2519 in
591 2465 764 2537 profundum
786 2465 913 2534 trahunt,
929 2472 958 2522 et
980 2467 1020 2521 sic
1074 2469 1131 2533 tnr,
1147 2466 1222 2537 quod
1246 2467 1380 2538 quaedam
1404 2483 1525 2539 corpora
1549 2468 1653 2523 borum
1676 2470 1764 2541 longe
1786 2469 1817 2524 in
1839 2471 1910 2523 altum

167 2553 391 2624 pariteromnes
413 2553 543 2608 suilocati
559 2558 636 2608 sunt.
652 2555 737 2610 Pauci
764 2555 895 2610 videntes
915 2555 975 2610 hacc
992 2562 1021 2610 et
1075 2554 1111 2608 ab
1134 2554 1236 2609 ineolis
1259 2560 1379 2628 propter
1402 2555 1534 2611 foetorem
1561 2556 1690 2628 expulsa,
1717 2558 1754 2612 ab
1780 2558 1873 2612 arilsns
1891 2564 1910 2612 et

167 2642 299 2696 timentes
325 2641 488 2713 periculum
513 2642 730 2712 submersionis,
759 2648 787 2699 et
809 2647 842 2698 ut
858 2646 930 2698 solet
945 2644 1019 2719 lieri,
1074 2643 1215 2699 bestiiset
1239 2645 1360 2699 marinis
1380 2644 1459 2712 ieris,
1477 2662 1542 2717 que
1563 2645 1758 2717 cupidissime
1783 2647 1910 2702 humano·

168 2731 244 2802 quod
267 2731 400 2803 plerique
423 2731 453 2785 in
477 2730 528 2785 tali
554 2731 770 2801 perturbatione
793 2749 852 2787 non
877 2733 1021 2805 recipiunt
1075 2749 1138 2787 rum
1154 2733 1325 2788 cadaverum
1345 2742 1421 2802 sunt,
1438 2733 1528 2790 illaesa
1545 2734 1690 2789 etintacte
1704 2734 1907 2806 permanserint.

168 2819 390 2888 miserationem,
408 2834 444 2873 ne
455 2818 542 2873 simili
559 2820 643 2874 modo
659 2821 787 2891 perirent
797 2820 920 2877 incitatis
933 2824 1019 2877 remis
1076 2823 1108 2876 ut
1123 2822 1190 2877 dnm
1206 2822 1311 2878 iterum
1326 2823 1361 2878 ad
1375 2822 1444 2878 litus
1457 2839 1509 2895 per
1523 2829 1621 2878 aestrrm
1637 2826 1857 2894 projicerentur,
1870 2837 1908 2893 per

168 2904 265 2978 sugam
288 2909 457 2962 accelerant.
485 2907 556 2961 Cum
580 2909 677 2978 plures
692 2906 729 2946 ²⁴¹
744 2926 811 2964 uero
827 2915 905 2965 metu
919 2915 947 2965 et
961 2910 1017 2964 lus·
1037 2913 1057 2968 C
1075 2909 1132 2964 duo
1148 2910 1273 2965 miliaria
1299 2917 1349 2966 aut
1373 2908 1498 2984 'amplius
1524 2911 1628 2966 candor
1650 2928 1753 2966 eorum
1774 2914 1848 2967 risus
1867 2917 1904 2977 est,

168 2992 294 3049 situdlne
308 3000 337 3050 et
353 2993 482 3067 pondere
496 3010 643 3050 armorum
658 2997 750 3067 pressi
764 2998 848 3052 sicuti
873 3015 956 3052 cursu
973 2998 1018 3052 in·
1073 2999 1154 3071 quasi
1169 2999 1236 3053 litus
1251 2999 1462 3055 candidissimis
1477 2999 1574 3055 linteis
1589 3005 1663 3054 esset
1680 3017 1848 3072 expansum.
1863 3002 1904 3056 lloc

168 3083 291 3150 trabant,
314 3084 354 3140 ita
369 3084 421 3138 snb
437 3100 511 3155 equa
534 3085 604 3139 recti
626 3091 655 3139 et
670 3085 825 3140 exanimati
840 3086 962 3141 stabant.
983 3089 1020 3141 nt
1073 3103 1187 3159 quoqne
1203 3088 1233 3142 in
1248 3089 1310 3160 ejus
1325 3090 1367 3144 rei
1382 3090 1580 3144 testimoninm
1593 3089 1718 3158 dicatur,
1732 3090 1808 3163 quod
1823 3106 1901 3145 nosen

169 3171 198 3227 lsi
214 3172 305 3243 quiin
323 3173 486 3228 munitione
506 3177 598 3237 erant,
615 3189 681 3229 cum
702 3174 1016 3229 viderenlconcnrsum
1072 3193 1193 3248 corpora
1215 3177 1332 3233 illorum
1356 3178 1491 3234 Kalendis
1518 3177 1692 3248 Decembris,
1718 3179 1805 3234 simul
1831 3179 1899 3234 adbuc

169 3256 241 3324 iteri,
257 3262 286 3312 et
307 3257 439 3312 certatim
455 3272 484 3309 se
507 3256 541 3311 de
557 3257 653 3311 littore
667 3258 698 3312 in
713 3275 817 3330 aquam
833 3258 1016 3331 precipitari,
1073 3266 1225 3335 conligata,
1256 3266 1286 3321 in
1314 3267 1440 3338 quadam
1464 3268 1527 3340 ripa
1549 3272 1614 3322 sunt
1641 3273 1769 3339 reperta,
1794 3268 1832 3323 ite
1849 3267 1901 3320 inte

169 3345 430 3401 animadverterant
456 3361 504 3399 eos
532 3347 713 3417 perturbatos
741 3348 838 3419 lugam
865 3348 960 3416 inisse,
991 3353 1020 3404 ct
1073 3361 1171 3424 grant
1195 3370 1269 3425 pene
1289 3355 1368 3410 nulla
1383 3356 1506 3427 putredo
1531 3355 1561 3411 in
1576 3355 1616 3410 eis
1637 3355 1806 3428 investigari
1820 3360 1899 3427 posset.

168 3450 234 3489 mox
251 3440 323 3489 nntn
346 3439 374 3489 et
389 3433 505 3488 vocibus
525 3435 560 3489 de
581 3435 649 3507 luga
664 3451 762 3491 eorunm
790 3436 886 3492 Frisiis
911 3437 1018 3508 signid-
1074 3441 1204 3515 quamvis
1219 3442 1312 3498 caedes
1328 3460 1353 3498 nv
1368 3443 1430 3499 Kal.
1446 3443 1569 3516 Augusti
1584 3443 1657 3499 lecta
1672 3443 1783 3500 sitisset.

169 3538 233 3576 rare
247 3527 404 3595 cmpernnt.
423 3523 484 3576 ties
506 3538 573 3578 vero
590 3523 687 3578 videns
709 3524 807 3595 fugam
824 3525 1018 3580 multitudinis
1056 3527 1058 3531 ’
1291 3534 1335 3586 22.
1354 3533 1395 3587 De
1409 3533 1505 3589 clerieo
1519 3533 1609 3588 dedeo
1622 3534 1707 3600 secto.

167 3628 231 3666 cum
248 3612 307 3666 suis
322 3611 415 3666 stabat
432 3611 623 3682 stupetactns;
639 3612 787 3669 tortissimi
802 3630 928 3686 quoque,
945 3631 1017 3688 quo·
1109 3609 1246 3682 Superius
1259 3610 1322 3680 (lib.
1348 3629 1367 3681 1,
1383 3628 1445 3682 cap.
1462 3615 1488 3682 7)
1508 3629 1552 3666 me
1567 3613 1688 3683 promisi
1711 3612 1861 3668 relaturum
1876 3610 1898 3664 dr

169 3716 231 3756 raim
255 3716 304 3755 cor
317 3706 349 3755 nt
364 3700 479 3756 leonum
496 3706 565 3770 erat,
590 3702 630 3757 ita
649 3719 753 3774 pavore
769 3705 893 3758 solutum
916 3709 969 3762 est.
987 3709 1018 3757 ut
1075 3698 1122 3752 illo
1137 3704 1276 3770 apostata,
1292 3699 1352 3771 qni,
1373 3700 1472 3755 relicta
1489 3701 1636 3773 religione,
1652 3701 1803 3757 clericatus
1817 3703 1842 3757 in
1854 3714 1898 3772 prr·

168 3791 230 3845 loco
243 3791 272 3845 in
289 3806 347 3862 qno
361 3789 547 3846 constiterant
561 3807 590 3845 se
614 3808 727 3846 morere
743 3809 802 3847 non
818 3797 945 3863 possent.
962 3797 1017 3847 Ac·
1073 3786 1198 3843 fidorum
1224 3788 1391 3859 voraginem
1418 3788 1521 3844 incidit
1542 3790 1710 3846 iudeorum.
1740 3791 1790 3847 Set
1811 3791 1837 3845 in
1856 3789 1899 3860 ipsi

168 3877 294 3951 ciditque
309 3910 345 3920 -
357 3879 546 3952 nescioquod
564 3880 661 3935 divino
670 3880 780 3952 jitdicio
796 3912 831 3922 —
842 3881 924 3952 qnasi
939 3881 1019 3936 inan·
1072 3875 1263 3948 promissione
1287 3879 1457 3933 exsolvenda
1474 3883 1551 3933 totus
1578 3886 1789 3947 contremesco,
1811 3887 1837 3933 et
1855 3879 1899 3932 bor·
1931 3898 1936 3939 3

168 3967 260 4023 ditum
283 3968 466 4036 miraculum,
481 3969 552 4023 adeo
569 3966 605 4005 ²⁸¹
619 3973 649 4022 nt
665 3964 745 4022 Frisii
759 3986 792 4023 ex
809 3967 1019 4038 significatione
1074 3965 1203 4020 rentibus
1229 3966 1294 4038 pilis
1323 3967 1424 4038 capitis
1452 3971 1563 4023 terrore
1591 3969 1751 4037 concutior,
1781 3968 1899 4024 diabolum
1931 3946 1936 4051 ξ

168 4057 380 4128 oppidanorum
411 4057 519 4110 evocati
541 4060 722 4110 accurrerent
747 4062 837 4110 etros
861 4057 1018 4127 quasisari
1073 4055 1201 4124 potuisse
1226 4053 1336 4110 homini
1360 4057 1532 4127 persuadere
1558 4062 1588 4110 nt
1604 4061 1699 4111 tantas
1723 4059 1822 4113 sordes
1838 4068 1901 4110 ansus
1932 4066 1938 4117 t

168 4143 330 4201 immobiles
347 4148 454 4199 stantes
469 4143 678 4212 interficerent,
695 4144 776 4197 etita
794 4143 842 4199 Dei
854 4143 937 4215 jussu
952 4151 1019 4202 sunt
1075 4147 1148 4197 esset
1160 4147 1259 4197 contra
1282 4143 1427 4198 Christum
1444 4150 1473 4198 et
1490 4150 1603 4199 sanctos
1618 4147 1680 4216 ejus
1701 4146 1834 4217 jactasse.
1848 4142 1901 4199 Scri·
1934 4158 1938 4187 ι

168 4233 197 4287 in
219 4233 277 4287 suis
302 4230 440 4288 membris
459 4231 587 4303 obligati,
612 4235 645 4286 ut
668 4247 753 4286 nemo
781 4248 815 4287 ex
838 4236 915 4288 tanta
936 4201 1055 4305 copia⁰
1074 4233 1171 4302 pserat
1187 4231 1265 4287 enim
1279 4230 1401 4286 funestis
1416 4232 1519 4288 litteris
1533 4233 1746 4288 infelicissimus
1759 4235 1829 4290 ille:
1935 4218 1940 4291 ἶ

168 4321 393 4376 clarissimorum
417 4319 544 4374 virorum
565 4335 681 4374 manum
699 4319 796 4375 stricto
812 4321 907 4392 gladio
923 4323 957 4378 ad
973 4339 1020 4379 re·

168 4408 326 4464 sistendum
343 4408 474 4473 recineret,
498 4408 541 4462 vel
566 4412 678 4463 sculum
708 4410 741 4465 ad
757 4427 787 4464 se
806 4412 1018 4481 protegendum

169 4503 336 4569 opponeret.
353 4496 461 4562 Quibus
482 4497 648 4568 peremptis,
673 4499 759 4554 celeri
771 4515 854 4554 cursu
879 4516 1018 4571 pervene-

169 4591 237 4639 runt
251 4585 286 4640 ad
305 4586 381 4653 litns,
399 4589 427 4639 et
443 4601 508 4640 cnm
524 4587 631 4657 plnres,
647 4587 697 4659 qui
713 4605 764 4660 per
779 4588 956 4660 crepidinem
972 4590 1019 4645 tit·

168 4673 238 4728 toris
252 4673 280 4728 in
296 4690 372 4746 aqna
386 4674 520 4728 manibus
535 4676 696 4747 reptabant,
708 4677 812 4748 jaculis
837 4678 1017 4735 confodiunt.

168 4761 224 4815 Alii
239 4778 374 4835 namque,
392 4762 460 4817 dum
477 4762 578 4818 ducem
602 4765 694 4819 solnm
711 4771 786 4820 stare
810 4765 1018 4838 conspicerent,

168 4851 400 4919 circumsistunt;
426 4856 468 4906 set
491 4853 550 4922 ille,
575 4859 746 4926 consumpto
770 4852 883 4924 spiritu,
907 4854 1019 4912 sortiter

168 4940 283 5007 restitit,
308 4946 336 4996 et
360 4941 445 4996 missa
467 4940 526 5012 pila
550 4943 666 5014 excipit,
694 4959 785 4999 unum
809 4946 923 4998 tantum
944 4942 979 4982 ²⁸⁸
1002 4963 1018 5001 a

168 5037 250 5101 tergo
266 5047 295 5085 se
314 5030 492 5101 inpetentem
508 5046 605 5086 eversa
619 5031 700 5086 hasta
722 5031 835 5102 trajicit.
851 5031 913 5097 Quo
927 5034 1019 5089 erani-

169 5125 257 5186 matn,
281 5119 458 5191 reliquorum
480 5119 621 5189 impetum
643 5119 793 5190 paululum
810 5121 956 5190 repressit.
974 5123 1019 5177 ln·

168 5199 252 5253 terim
266 5200 418 5270 praedones
435 5215 469 5255 ex
482 5198 590 5270 oppido
598 5200 659 5270 jam
675 5199 733 5254 lasti
747 5199 782 5254 de
793 5199 909 5255 victorie
924 5202 1016 5257 subito

1286 4323 1331 4376 23.
1348 4321 1457 4392 Scripta
1471 4325 1558 4393 ipsius
1568 4327 1711 4392 apostate.
1937 4362 1942 4403 ι

1112 4431 1125 4459 n
1144 4409 1217 4474 oute
1239 4409 1410 4465 contradicis
1429 4410 1509 4481 justo
1530 4409 1693 4480 insipiens?
1718 4409 1793 4482 Lege
1816 4408 1907 4465 Abacuc

1073 4499 1255 4570 prophetam,
1270 4498 1299 4552 in
1325 4514 1382 4570 qno
1398 4499 1472 4552 Deus
1487 4497 1557 4553 dixit
1572 4514 1579 4550 :
1595 4498 1658 4567 Epo
1671 4512 1732 4553 suns
1750 4501 1817 4554 Deus
1832 4504 1854 4552 rt
1868 4510 1907 4550 nen

1073 4590 1163 4640 mutor
1188 4585 1316 4656 (ltelaclr.
1346 4602 1387 4651 111,
1416 4584 1452 4656 6).
1481 4585 1511 4640 Si
1537 4585 1585 4639 ille
1616 4586 1777 4640 secundum
1804 4591 1908 4641 restrae

1074 4673 1253 4727 maledictam
1270 4671 1357 4727 fidem
1373 4678 1534 4728 mutaretur
1555 4678 1583 4728 et
1597 4674 1713 4728 mulieri
1729 4675 1910 4729 commiscere·

1073 4765 1129 4829 tur,
1147 4761 1322 4834 priucipinm
1336 4762 1489 4817 verborum
1512 4777 1627 4817 suorum
1645 4777 1702 4816 non
1723 4769 1799 4817 esset
1813 4761 1910 4818 soritas.

1074 4849 1151 4905 Dixit
1166 4851 1303 4905 [lominus
1316 4851 1349 4907 ad
1366 4852 1478 4923 Moysen
1495 4867 1502 4907 ε
1519 4853 1579 4908 Non
1594 4853 1663 4905 enim
1676 4851 1782 4907 videbit
1797 4868 1838 4907 me
1850 4851 1910 4905 tono

1073 4944 1098 4994 et
1112 4942 1202 4994 viuere
1214 4944 1303 5010 petest
1328 4939 1431 5002 lEeod.
1453 4956 1550 5008 xxxin,
1575 4941 1631 5008 20).
1648 4939 1741 5005 Quem
1766 4941 1857 4996 filium
1873 4939 1910 4993 be

1074 5025 1160 5082 minis
1179 5027 1386 5099 pretermisit?
1403 5027 1476 5082 Dicit
1491 5029 1570 5083 enim
1587 5028 1675 5084 David
1692 5030 1837 5100 propbeta
1853 5049 1859 5083 :
1873 5028 1912 5083 tl'e

1073 5118 1119 5170 lite
1147 5117 1277 5186 confidere
1304 5119 1333 5171 tn
1358 5118 1544 5187 principibus,
1575 5121 1601 5171 ln
1621 5118 1694 5185 filiis
1719 5119 1868 5183 nomiliam,
1892 5117 1912 5168 in

1072 5205 1170 5274 quibus
1193 5221 1247 5260 non
1270 5210 1309 5262 est
1331 5208 1406 5262 sutus
1434 5206 1517 5273 (Psul.
1535 5223 1612 5274 esar,
1644 5207 1687 5275 3);
1704 5210 1744 5261 ‘et
1775 5206 1912 5263 Ezechiel:

878 5280 998 5336 VARIAE
1017 5282 1219 5340 Lectiones

205 5349 437 5405 '’lcircntriise.
464 5347 590 5403 circuitis
617 5347 752 5406 Eclsd.-
772 5349 910 5406 circulare
925 5353 946 5406 i.
967 5368 994 5422 q.
1024 5354 1140 5409 circare
1180 5354 1293 5410 '‘lirisi
1317 5372 1338 5412 c.
1378 5355 1412 5392 ¹⁸¹
1436 5358 1548 5413 dnost.
1588 5356 1660 5412 Ἠ
1689 5373 1717 5426 q.
1748 5357 1914 5430 Complures

107 5490 111 5495 ,
169 5431 444 5494 effrenacius.
484 5430 606 5493 ruffio.
