3878 6112
91 253 139 306 (Ill
628 246 831 305 Buucutuol
849 242 1117 303 woutttcrurtffls
1135 242 1305 301 EPISCOPI.

93 374 193 429 CLVII.
210 373 247 428 Ut
269 386 392 444 corpora
415 370 617 426 defunctorum
631 369 662 424 in
677 367 795 424 ecclesia
813 383 872 423 uon
895 384 940 423 se·
958 369 981 422 Α
997 368 1091 424 CXCV.
1111 369 1149 424 Ile
1163 367 1264 423 eadem
1280 382 1321 421 re.

127 462 282 532 pellantur.
995 457 1111 512 CXCVI.
1128 459 1168 511 lle
1180 454 1362 511 immunitate
1377 454 1514 510 ecclesioe.

90 550 205 605 CLVIII.
222 551 261 603 Ile
276 549 377 603 cadem
394 563 433 601 re.
994 545 1121 600 CXCVII.
1139 546 1177 600 lle
1190 544 1367 616 fugientibus
1380 543 1415 598 ad
1429 543 1588 599 ecclesiam.

89 639 176 693 CLIX.
204 639 240 692 Ut
258 652 344 690 nemo
366 651 417 706 pro
442 633 613 705 sepeliendis
637 638 817 688 mortuorum
841 648 940 704 corpo·
994 633 1135 689 CXCVIII.
1153 631 1225 698 Quid
1236 632 1267 686 iu
1277 631 1397 687 ecelesia
1409 632 1467 704 legi
1481 632 1592 701 (hbeat.

125 725 203 780 ribus
218 724 325 795 aliquid
343 722 471 776 muneris
486 722 588 792 engat.
994 721 1110 778 CXCIX.
1129 723 1163 776 Ut
1177 720 1447 776 excommunicandi
1468 720 1526 775 siut
1540 720 1589 793 qui
1604 720 1695 776 libros
1720 720 1843 776 famosos

90 813 163 868 CLX.
182 812 220 867 Ile
233 812 382 882 sepultura
394 810 614 880 conjugatorum
625 807 766 880 inprimis
775 808 936 864 connubiis.
1029 811 1160 880 legerint.

89 900 175 955 CLXI.
194 901 232 954 Ile
247 898 347 952 eadem
364 913 405 951 re.
993 898 1044 953 CC.
1062 899 1101 952 Ile
1116 898 1173 952 illis
1188 898 1238 970 qui
1255 898 1328 952 clam
1344 897 1520 968 concipiunt.

90 989 188 1045 CLXII.
206 989 245 1042 Ile
265 987 365 1040 eadem
384 1002 424 1040 re.
993 986 1056 1040 CCI.
1076 986 1114 1039 lle
1138 984 1295 1040 infantibus
1309 984 1340 1039 iu
1364 984 1504 1040 adulterio
1528 983 1615 1054 natis,
1640 990 1670 1038 et
1693 984 1729 1040 ad
1755 985 1841 1040 eccle-

91 1076 203 1131 CLXIII.
232 1075 360 1140 Quorum
384 1090 465 1128 mons
484 1089 541 1127 una
564 1072 667 1139 luerat,
700 1072 849 1143 sepultura
878 1087 937 1126 non
1028 1073 1099 1127 siam
1112 1072 1256 1144 expositIs.

125 1168 246 1235 separet.
993 1162 1069 1217 CCII.
1087 1163 1126 1216 Ile
1143 1161 1244 1217 eadem
1259 1176 1300 1217 re.

89 1253 198 1308 CLXIV.
216 1254 255 1306 lle
268 1250 354 1305 rebus
368 1249 565 1305 immobilibus
580 1248 714 1303 eeclesiae.
993 1249 1085 1304 CCIII.
1104 1250 1142 1305 Ile
1158 1249 1278 1305 avaritia
1293 1248 1484 1303 sacerdotum.

89 1340 186 1397 CLXV.
205 1341 243 1394 lle
259 1339 358 1393 eadem
375 1354 415 1392 re.
993 1336 1081 1392 CCIV.
1098 1339 1138 1391 lle
1153 1337 1274 1409 illisqui
1289 1335 1422 1391 ecelesias
1437 1335 1626 1391 incenderint.

87 1429 198 1485 CLXVI.
235 1430 273 1481 lle
311 1424 467 1497 praestariis
500 1425 682 1480 viduatarum
706 1424 889 1480 ecclesiarum
905 1429 938 1479 ut
992 1426 1066 1481 CCV.
1081 1427 1120 1481 Ile
1135 1427 1260 1498 quodem
1276 1426 1538 1481 clericoadIabolo
1550 1429 1661 1481 uexato.

125 1531 183 1570 non
198 1516 322 1570 valeant.
992 1514 1080 1569 CCVI.
1106 1515 1145 1569 Ile
1179 1515 1264 1569 rebus
1288 1514 1413 1569 ecclcsiae
1443 1529 1509 1585 qoae
1532 1517 1648 1568 mortno
1673 1512 1836 1585 episcopua

89 1605 213 1660 CLXVII.
231 1605 271 1659 Ile
288 1603 386 1658 cadem
401 1619 441 1657 rc.
475 1635 483 1645 .
1027 1603 1201 1674 presbyteris
1215 1603 1338 1658 venditos
1353 1602 1470 1657 fuerint.

91 1693 226 1748 CLXVIII.
246 1693 284 1746 Ile
298 1691 396 1746 eadem
411 1707 452 1747 re.
952 1652 973 1706 B
994 1690 1094 1745 CCVII.
1110 1692 1150 1745 Ile
1172 1708 1206 1745 eo
1222 1691 1272 1763 qui
1286 1689 1395 1762 spernit
1416 1689 1593 1745 oblationem
1607 1688 1774 1761 presbyteri
1794 1691 1835 1762 qui

89 1781 196 1836 CLXIX.
214 1781 253 1835 Ile
269 1780 370 1835 eedem
383 1795 424 1833 re.
1029 1794 1148 1833 uxorem
1164 1778 1274 1834 babuit.

90 1870 187 1925 CLXX.
212 1869 251 1923 Dc
275 1868 442 1935 donellone,
468 1867 512 1921 vel
534 1865 711 1937 venditione,
739 1867 783 1920 rel
811 1882 939 1922 commu·
993 1866 1106 1922 CCVIII.
1140 1868 1221 1933 Quod
1252 1882 1312 1921 uon
1351 1865 1559 1936 permIttantur
1590 1865 1779 1921 ecclesiastici
1808 1866 1833 1921 al

125 1958 234 2012 tatione
249 1957 290 2011 rei
305 1955 512 2011 ecclesiastice.
1028 1955 1191 2011 coemeteria
1206 1955 1408 2011 hereticorum
1423 1954 1566 2010 accedere.

91 2048 199 2103 CLXXI.
236 2048 274 2102 Ile
299 2045 573 2101 commutationibus
606 2042 861 2099 ecclesiasticarum
891 2060 937 2099 re·
993 2044 1086 2100 CCIX.
1102 2045 1182 2110 Quod
1204 2060 1262 2099 non
1277 2047 1408 2116 oporteat
1433 2044 1469 2099 ab
1484 2042 1626 2098 lioereticis
1643 2041 1778 2114 eulogias
1797 2057 1832 2096 ec·

125 2151 200 2191 rum.
1028 2148 1130 2204 cipere.

91 2223 212 2279 CLXXII.
230 2223 269 2277 Ile
284 2222 383 2277 eadem
398 2237 439 2276 re.
994 2219 1070 2276 CCX.
1100 2220 1181 2285 Quod
1207 2220 1304 2275 nullus
1330 2218 1507 2276 Christianus
1531 2219 1566 2275 ad
1590 2218 1832 2290 pseudomartyres

91 2311 226 2368 CLXXIII.
244 2312 284 2365 Ile
296 2308 493 2364 ecclesiasticis
508 2307 667 2381 mancipiis.
1028 2308 1070 2382 ire
1086 2308 1200 2363 debeat.

91 2398 221 2455 CLXXIV.
239 2399 279 2452 Ile
291 2398 391 2452 eadem
406 2412 446 2450 re.
993 2395 1084 2451 CCXI.
1100 2396 1181 2461 Quod
1204 2412 1265 2451 non
1291 2399 1422 2468 oporteat
1446 2394 1573 2465 plebeios
1597 2394 1737 2467 psalmos'
1749 2395 1780 2449 in
1798 2410 1832 2449 ec·

92 2487 210 2543 CLXXV.
226 2486 265 2541 Ile
277 2485 419 2557 regalibus
432 2483 583 2556 praeceptis
598 2499 685 2554 super
697 2484 856 2554 praestaria.
1028 2484 1116 2538 alesia
1129 2485 1246 2539 cantari.

92 2574 220 2630 CLXXVI.
264 2574 302 2628 Ile
340 2573 474 2644 episeopo
511 2572 563 2644 qui
600 2572 777 2643 mancipIum
808 2571 939 2627 Ecclesiae
993 2572 1096 2628 CCXII.
1114 2573 1152 2626 lle
1176 2573 1233 2627 illis
1259 2571 1306 2643 qui
1337 2576 1493 2626 conventus
1511 2570 1562 2643 qui
1580 2571 1616 2626 ad
1649 2570 1832 2626 confessiones

128 2661 295 2717 manumitti
309 2661 459 2716 desiderat.
1030 2666 1188 2733 roenyrum
1200 2662 1274 2715 liunt
1288 2661 1500 2716 abominentur.

91 2751 234 2807 CLXXVII.
268 2751 306 2805 Ile
338 2748 531 2806 sacerdotibus
563 2749 612 2821 qni
644 2766 690 2805 res
720 2765 783 2804 suas
814 2749 939 2805 ecclesias
994 2748 1111 2804 CCXIII.
1128 2749 1164 2804 [It
1187 2748 1279 2804 victus
1301 2749 1337 2803 ab
1351 2747 1497 2803 exorcistis
1520 2748 1726 2820 energumenis
1741 2747 1773 2802 in
1787 2747 1832 2802 do-

126 2837 303 2909 relinqnunt.
464 2866 470 2879 ·
1029 2853 1076 2891 mo
1094 2836 1142 2891 [lei
1162 2835 1328 2892 sedentibus
1343 2835 1566 2891 administretur.

91 2924 249 2981 CLXXVIII.
267 2927 303 2981 Ut
325 2924 483 2998 presbyteri
505 2941 567 2980 rem
591 2924 717 2980 ecclesiae
731 2925 857 2981 vendere
880 2941 975 3000 ncnc
994 2925 1106 2982 CCXIV.
1132 2926 1168 2981 Ut
1190 2941 1270 2980 sacra
1293 2941 1359 2980 vasa
1386 2941 1446 2980 uon
1468 2924 1502 2979 ab
1527 2924 1589 2979 aliis
1614 2940 1736 2996 quamn
1756 2923 1832 2979 sacris

127 3017 313 3084 praesumant.
1028 3014 1097 3068 riris
1109 3014 1225 3068 tractari
1236 3013 1369 3068 debeant.

91 3100 211 3157 CLXXIX
247 3103 284 3157 Ut
307 3100 403 3156 nullus
428 3101 576 3157 ordiuatns
601 3102 636 3158 de
659 3099 826 3157 ministeriis
853 3103 940 3157 eccle·
993 3103 1095 3159 CCXV.
1111 3103 1152 3156 Ile
1172 3102 1289 3156 sacratis
1312 3101 1427 3159 leminis
1448 3116 1513 3173 qua
1528 3117 1608 3156 sacra
1628 3118 1697 3155 vasa
1712 3105 1742 3155 et
1755 3101 1832 3173 palles

125 3189 176 3243 siae
190 3189 299 3261 aliquid
314 3189 437 3244 vendere
452 3193 618 3260 prasumat.
1028 3191 1126 3246 altaris
1141 3195 1261 3245 tractare
1276 3189 1523 3260 presumpserint.

92 3277 208 3333 CLXXX.
236 3279 274 3332 Ile
306 3277 481 3348 presbyterls
504 3276 555 3348 qui
577 3276 613 3332 de
633 3277 699 3348 jure
725 3275 769 3331 sui
793 3276 870 3331 tituli
889 3277 939 3331 ali·
994 3279 1106 3334 CCXVI.
1134 3278 1267 3333 lienosis
1290 3278 1386 3346 sacris,
1409 3278 1444 3332 de
1469 3277 1564 3349 palliis
1590 3278 1698 3345 altaris,
1724 3281 1754 3332 et
1772 3277 1830 3331 velis

127 3366 196 3437 quid
212 3365 383 3420 distrahunt.
612 3361 620 3370 ’
1029 3367 1172 3434 ecclesiae3
1188 3366 1212 3420 ei
1226 3370 1364 3421 vetustate
1378 3370 1548 3437 consumpta
1561 3365 1764 3438 fuerint,quid
1773 3366 1829 3421 iude

92 3452 221 3508 CLXXXI.
238 3455 277 3507 Ile
293 3454 391 3509 eadem
406 3469 446 3508 re.
1028 3456 1190 3511 faciendum
1204 3455 1250 3511 sit.

92 3541 237 3596 CLXXXII.
262 3543 343 3608 Quod
370 3547 510 3614 quantum
536 3541 695 3597 remedium
719 3540 811 3596 venioe
833 3540 938 3596 oblatio
993 3544 1120 3599 CCXVII.
1151 3545 1191 3599 Ile
1217 3543 1317 3598 ordine
1349 3542 1490 3599 librorum
1521 3543 1628 3598 Veteris
1654 3542 1825 3600 Testamenti.

127 3628 315 3684 ecclesiastica
344 3629 446 3685 tribuit
471 3629 638 3697 conterenti,
662 3632 775 3684 tantum
800 3627 938 3684 damnum
993 3632 1132 3688 CCXVIII.
1150 3633 1190 3686 Ile
1206 3631 1535 3702 ordineprophetarum.

127 3724 270 3788 preparat
283 3716 452 3772 fraudatori.
993 3721 1108 3777 CCXIX.
1126 3722 1165 3775 lle
1186 3720 1287 3775 ordirre
1309 3720 1448 3775 librorum
1465 3720 1535 3774 Novi
1556 3720 1743 3781 Testamenti.
1767 3733 1825 3790 qoos

92 3805 249 3860 CLXXXIII.
281 3807 321 3862 Ile
351 3806 460 3861 clericis
492 3805 543 3878 qui
569 3806 742 3862 documenta
767 3804 873 3877 quibus
892 3821 938 3862 ec·
1029 3813 1125 3863 sancte
1149 3809 1280 3864 Romana
1303 3808 1424 3863 molesia
1446 3813 1534 3874 tenet,
1549 3813 1579 3862 et
1601 3808 1698 3862 omnis
1724 3807 1824 3863 univer·

126 3892 219 3947 clesiae
235 3895 374 3965 possessio
388 3894 520 3949 firmetur
533 3894 707 3949 dIstrebunt.
1030 3896 1096 3951 salis
1112 3897 1235 3951 Ecclesia
1249 3896 1389 3952 observat.

92 3981 241 4037 CLXXXIV.
275 3984 313 4037 Ile
344 3982 455 4038 libertis
489 3982 541 4054 qui
573 3999 588 4037 a
620 3981 780 4052 patrocimo
812 3981 938 4038 ccclesiae
994 3985 1097 4041 CCXX.
1110 3985 1186 4042 Ordo
1202 3990 1312 4055 septem
1332 3984 1519 4057 epistolarum
1534 3983 1749 4038 canonicarum.

126 4071 328 4127 discesserunt.
994 4073 1111 4130 CCXXI.
1136 4074 1175 4128 Ile
1203 4072 1307 4128 notitia
1330 4073 1471 4129 librorum
1495 4072 1730 4144 apocryphorum
1751 4071 1825 4144 quia

92 4157 229 4213 CLXXXV.
247 4159 285 4212 lle
301 4157 412 4213 IibertIs
424 4156 560 4212 ecclesie.
1031 4161 1135 4216 sanctis
1152 4161 1281 4233 patribus
1296 4166 1404 4217 aterna
1418 4161 1605 4217 damnatione
1619 4160 1750 4216 damnati
1764 4163 1825 4215 sunt

93 4245 243 4301 CLXXXVI.
278 4247 318 4300 De
354 4244 466 4301 libertis
498 4244 548 4317 qui
580 4262 597 4299 a
629 4243 849 4318 quibuscunque
876 4215 976 4301 ma·D
996 4249 1122 4306 CCXXII.
1153 4249 1273 4314 Quando
1300 4255 1329 4305 et
1351 4267 1408 4323 quo
1440 4254 1571 4320 tempore
1595 4249 1664 4304 libri
1687 4249 1791 4305 Veteris
1805 4249 1827 4300 et

128 4333 248 4387 numissi
260 4338 336 4388 sont.
1031 4335 1102 4391 Novi
1115 4336 1291 4392 'testamenti
1304 4335 1420 4408 legendi
1434 4336 1501 4392 sint.

93 4420 261 4476 CLXXXVII.
279 4422 317 4476 Ile
332 4419 515 4476 manumissis
530 4419 560 4475 in
577 4420 703 4477 ecclesia.
994 4424 1136 4481 CCXXIII.
1161 4426 1201 4479 Ile
1224 4424 1344 4480 vasculis
1367 4423 1473 4496 quibus
1503 4422 1642 4495 mysteria
1670 4439 1752 4479 sacra
1772 4437 1827 4479 con·

93 4508 269 4565 CLXXXVIII.
287 4511 325 4566 lle
340 4509 467 4581 fugitivis
482 4511 638 4567 ecclesiast.
655 4508 753 4566 servis.
1029 4511 1175 4567 ficiuntur.

92 4598 241 4656 CLXXXIX.
259 4600 299 4655 Ile
324 4599 465 4671 episcopis
481 4599 532 4672 qui
555 4597 627 4654 nihil
641 4599 702 4654 suis
725 4597 849 4655 ecclesiIs
870 4615 939 4656 con·
994 4599 1132 4656 CCXXIV.
1164 4601 1202 4655 Ile
1230 4599 1347 4655 ecclesia
1374 4616 1392 4654 a
1419 4597 1616 4671 compluribus
1646 4597 1829 4655 coheredibus

127 4687 234 4758 ferunt,
259 4693 288 4744 et
308 4694 406 4744 tamma
427 4705 462 4743 ex
486 4689 595 4744 familia
619 4688 725 4744 liberos
747 4688 840 4744 lacere
863 4704 939 4759 proe-
1030 4688 1155 4743 obsessa.

127 4781 253 4834 sumunt.
994 4776 1120 4833 CCXXV.
1145 4778 1184 4831 De
1206 4776 1345 4832 altaribus
1359 4774 1508 4848 inquibus
1523 4790 1611 4831 sacres
1634 4775 1769 4848 reliquie
1782 4786 1831 4830 nor

92 4868 164 4924 CXC.
187 4868 226 4924 Ile
248 4867 306 4922 illis
334 4867 384 4940 qui
411 4882 464 4938 pro
482 4866 580 4939 ailquo
604 4872 684 4923 reatu
709 4865 825 4938 fugiunt
839 4866 875 4922 ad
894 4882 940 4921 ec·
1029 4865 1224 4920 inveniuntur.

126 4957 252 5012 clesiam.
995 4954 1135 5011 CCXXVl.
1152 4955 1185 5009 lu
1197 4953 1280 5008 altari
1293 4953 1325 5008 in
1339 4969 1397 5026 quo
1412 4952 1563 5024 episcopus
1578 4950 1696 5008 missam
1709 4951 1830 5016 celebrat,

91 5045 178 5100 CXCI.
195 5046 234 5100 Ile
258 5049 382 5117 raptore,
408 5043 433 5099 si
447 5059 512 5099 cum
535 5047 617 5116 rapta
636 5043 671 5099 ad
697 5042 844 5099 ecclesiam
869 5059 940 5099 con·
1031 5059 1067 5097 ne
1081 5058 1115 5097 eo
1129 5041 1176 5096 die
1191 5041 1339 5113 presbyter
1353 5040 1439 5096 sliam
1451 5040 1555 5096 iterare
1568 5043 1739 5112 praesumat.

127 5124 241 5203 'fugerit
995 5130 1150 5187 CCXXVII.
1170 5131 1205 5186 Ut
1224 5129 1256 5185 in
1272 5130 1417 5185 oblatione
1433 5129 1561 5201 corporis
1575 5133 1604 5183 et
1619 5127 1773 5200 sanguims
1784 5126 1829 5182 llo-

93 5220 191 5276 CXCII.
215 5223 255 5278 lle
287 5239 380 5291 servo,
405 5222 429 5278 si
452 5239 505 5294 pro
530 5222 658 5296 qualibet
683 5224 769 5295 culpa
791 5222 940 5278 dominum
1032 5220 1104 5273 mini
1118 5219 1268 5273 incensum
1284 5218 1396 5290 imponi
1408 5217 1519 5274 debeat.

128 5325 213 5364 sirum
229 5311 262 5364 ed
279 5311 428 5366 ecclesiam
440 5310 556 5383 fugerit.
997 5307 1162 5362 CCXXVIII.
1180 5306 1216 5361 Ut
1234 5305 1348 5378 quoties
1367 5305 1514 5360 basilicam
1529 5304 1563 5360 ad
1587 5319 1677 5376 quam
1697 5302 1758 5360 itur
1770 5312 1826 5374 pre

93 5398 206 5455 CXCIII.
224 5398 263 5452 lle
276 5398 376 5453 eadem
390 5416 432 5455 re.
1032 5396 1123 5451 sentia
1145 5411 1227 5450 novae
1252 5395 1344 5465 plebis
1367 5393 1541 5466 impleverit,
1562 5392 1650 5449 toties
1674 5390 1825 5448 sacrificium

94 5487 202 5544 CXCIV.
219 5487 259 5542 lle
274 5486 374 5542 eadem
386 5503 427 5543 re.
1033 5484 1210 5556 subsequens
1224 5482 1372 5539 otleratur.
