3878 6112
145 283 195 335 ers

680 271 888 330 annelinum
911 269 1175 327 noltnsctnnsts
1195 268 1363 325 nrlscorl.

1847 264 1900 316 880

146 420 212 459 cnm
228 419 261 456 eo
285 401 426 466 comedat,
444 403 529 468 atque
546 397 633 463 bibat,
650 410 745 466 neque
767 398 838 463 oret,
854 408 948 464 neque
964 392 993 444 in
1012 393 1143 461 Aneqne
1166 404 1218 460 per
1241 387 1355 453 coelnm,
1383 400 1475 455 neque
1496 399 1548 453 per
1562 387 1679 448 terram,
1709 396 1806 450 neque
1821 378 1900 433 alind

147 509 198 547 sua
214 492 301 545 domo
318 505 384 542 cum
399 486 528 556 recipiat.

147 581 213 636 Cau.
229 580 281 632 XV·
299 607 333 616 -
348 580 385 631 De
399 576 455 628 iltis
480 574 529 640 qui
542 586 592 641 per
612 572 741 639 capillum
763 571 821 636 Dei,
842 573 890 622 aret
914 571 996 635 cnpnit

178 651 286 720 jurant,
320 649 360 701 uri
393 647 446 699 ulio
479 643 556 697 mode
590 642 759 711 blasphemia
787 644 879 694 contra
911 641 994 692 Deum

183 719 359 774 immortalem
374 720 497 769 utuntur.

184 806 244 879 (Eu
256 805 328 859 decr.
345 806 388 858 Pii
400 817 489 871 pupae,
513 802 601 869 cupite
617 797 655 868 5.)
671 797 699 853 Si
715 797 778 868 quis
793 812 846 868 per
860 795 994 865 capillum

149 896 212 961 Dei,
233 893 277 948 vel
293 897 377 962 capnt
399 888 549 960 juraverit,
575 887 619 941 vel
642 887 699 941 alio
716 885 801 938 modo
817 884 997 955 blasphemia

148 987 247 1039 contra
271 982 361 1034 Deum
376 994 444 1031 usus
467 976 564 1042 inerit,
588 976 610 1028 si
626 980 669 1028 est
684 990 716 1028 ex
742 971 929 1027 ecclesiastico
953 986 997 1023 or·

148 1072 225 1138 dine,
251 1068 432 1139 deponatur:
450 1064 473 1118 si
496 1063 596 1131 laicas,
623 1062 882 1116 anathematizetur
898 1077 904 1114 :
922 1064 949 1112 et
973 1058 996 1112 si

148 1160 214 1231 quis
238 1173 290 1229 per
317 1154 461 1210 creaturas
481 1151 631 1223 juraverit,
661 1151 800 1204 acerrime
831 1150 995 1217 castigetur,

149 1252 177 1301 et
190 1248 272 1317 juxta
287 1245 315 1299 id
340 1244 416 1314 qtrod
434 1240 559 1312 synodus
580 1239 781 1310 dijudicaverit
804 1237 951 1308 poeniteat.
968 1235 998 1290 Si

149 1335 214 1406 quis
230 1338 326 1387 autecm
342 1331 427 1385 talem
452 1329 599 1382 homiuem
616 1344 672 1380 non
689 1325 922 1391 manifestaverit,
940 1338 997 1377 non

149 1427 193 1477 est
221 1420 341 1475 dubium
371 1418 445 1489 qnod
472 1415 568 1469 divina
597 1414 835 1468 condemnatione
865 1411 998 1465 simililer

149 1515 324 1565 coerceatur.
351 1506 427 1561 Etsi
450 1505 601 1575 episcopus
622 1504 675 1556 ista
698 1503 850 1556 emendare
865 1501 997 1570 rieglexe·

150 1599 196 1666 rit,
213 1615 229 1652 a
244 1594 352 1668 synodo
367 1593 547 1664 corripiatur.

297 1686 360 1739 Car.
377 1683 442 1737 xvi.
459 1712 493 1722 -
508 1685 544 1736 Dc
556 1681 710 1750 juramento
727 1678 850 1733 Herodis.

186 1775 242 1844 (Da
255 1773 334 1826 dictis
348 1771 526 1839 Hieronpm.)
544 1770 612 1823 Cum
625 1769 790 1838 juramento
803 1765 945 1837 pollicitus
956 1768 999 1819 cst

151 1862 276 1916 Herodes
302 1859 437 1913 saltatrici
461 1859 528 1912 dare
553 1857 744 1928 quodcunque
770 1855 940 1924 postulasset
962 1852 997 1906 ab

152 1966 196 2004 eo.
221 1949 250 2004 Si
270 1949 305 2002 ob
328 1946 531 2018 jusjurandum
556 1943 655 1998 fecisse
682 1960 711 1997 se
735 1943 804 1998 dicit
820 1960 826 1997 :
842 1944 864 1997 si
888 1942 996 2013 patris,

151 2037 308 2107 matrisque
331 2034 479 2088 interitum
503 2034 682 2103 postulasset,
708 2032 834 2084 lactarus
858 2036 940 2097 essct,
962 2047 997 2085 an

151 2124 230 2180 non‘l
252 2123 333 2187 Qirod
349 2123 379 2176 in
397 2123 455 2176 suis
472 2137 540 2191 ergo
563 2121 766 2191 repudiaturus
788 2120 852 2188 init,
871 2125 998 2174 contem-

151 2228 219 2267 nere
234 2211 340 2273 debuit,
359 2216 386 2264 et
399 2210 428 2263 in
445 2209 593 2280 propheta.

151 2300 216 2356 Cur.
232 2300 312 2354 XVII.
340 2328 376 2338 -
396 2302 431 2352 De
454 2298 510 2350 illis
531 2298 580 2365 qui
600 2296 692 2349 odium
715 2297 907 2364 sempiternum
928 2298 999 2369 inter

377 2385 403 2422 sc
419 2369 574 2434 juramento
589 2366 771 2436 firmaverint.

187 2442 242 2507 (Ea
256 2441 368 2494 concilio
386 2438 501 2500 llilerrl,
526 2439 614 2506 capite
639 2441 675 2505 a.)
701 2437 755 2500 Qui
772 2442 949 2491 sacramento
969 2455 998 2494 se

152 2527 330 2597 obligaverit,
357 2530 389 2580 nt
412 2526 505 2595 litiget
532 2541 597 2579 cum
621 2525 759 2594 quolibet,
785 2543 821 2579 ne
848 2526 883 2578 ad
900 2542 998 2596 pacem

153 2615 311 2669 ullomodo
331 2614 438 2680 redcat,
456 2629 508 2685 pro
525 2613 662 2683 perjuria,
680 2629 738 2667 uno
762 2629 838 2667 anno
851 2631 868 2667 a
880 2630 999 2684 corpore

153 2709 181 2758 et
211 2703 352 2774 sanguina
383 2702 497 2756 Domini
524 2707 701 2771 segregetur,
724 2706 752 2754 et
779 2707 890 2755 reatum
915 2719 999 2757 sunm

148 2791 267 2862 jejuniis
301 2796 329 2845 et
363 2790 550 2861 elecmosynis
583 2789 740 2843 absolvat:
766 2790 802 2843 ad
832 2789 999 2844 charitatem

25 2912 28 2917 -
93 2942 96 2948 .
151 2896 228 2944 vero,
245 2896 309 2950 quac
325 2880 418 2950 operit
431 2877 645 2931 multitudinem
661 2882 854 2948 peccatorum,
871 2879 1000 2932 celeriter

152 2968 288 3095 redugtb·
303 3038 394 3092 xvltl.
412 3067 446 3076 —
462 3039 497 3090 De
511 3037 628 3104 illisqui
643 3038 751 3090 incursie
759 3037 926 3105 juraverint.

186 3127 240 3197 (Ea
255 3127 353 3180 decret.
367 3126 488 3181 sotheris
505 3139 583 3192 pap,
598 3127 686 3193 cupite
702 3126 743 3192 3.)
758 3124 786 3178 Si
802 3124 912 3193 aliquid
927 3124 998 3179 forte

152 3231 204 3268 nos
225 3213 367 3267 incautius
391 3213 503 3282 jurasse
528 3211 692 3281 contigerit,
717 3211 794 3281 quod
818 3211 999 3266 observatum

120 3348 122 3352 ,
151 3302 282 3373 pejorem
306 3305 406 3370 vergat
426 3301 455 3353 in
473 3299 592 3367 exitum,
616 3298 686 3353 illud
704 3299 823 3353 consilio
847 3299 1000 3354 salubriori

152 3389 323 3445 mutandum
339 3387 514 3454 noverimus,
536 3403 568 3441 ac
582 3387 675 3457 magis
691 3387 816 3441 instante
832 3388 999 3441 necessit-ate

151 3478 341 3549 peierandum
376 3475 470 3542 nobis,
504 3491 590 3546 quarn
624 3475 750 3546 proiecto
780 3476 946 3546 juramento
970 3477 1001 3530 in

153 3565 231 3619 aliud
246 3565 353 3618 crimen
369 3564 461 3634 majus
477 3579 537 3617 esse
553 3563 763 3617 divertendum.

207 3654 270 3710 Cur.
288 3653 353 3707 lilX.
367 3683 401 3692 —
416 3653 539 3718 Qualiter
549 3652 700 3706 sacerdotes
711 3653 809 3721 jurare
823 3651 945 3707 debeant.

186 3741 246 3811 (Eu
260 3743 339 3810 epist.
355 3741 472 3797 Cornelii
483 3755 563 3809 pap,
578 3741 667 3809 capite
682 3740 719 3810 3.)
732 3740 881 3794 Cornelius
894 3740 1000 3810 episco-

149 3845 214 3900 pus,
245 3829 317 3883 Ruio
342 3829 513 3898 coepiscopo
541 3828 570 3881 in
599 3828 720 3882 Domino
750 3829 881 3882 salutem.
908 3828 1000 3899 Exigit

1049 476 1241 547 quodcunque
1266 474 1477 545 juramentum.
1501 470 1543 525 Sit
1566 475 1662 524 autem
1678 484 1773 522 sermo
1797 473 1897 520 vester.

1050 567 1103 626 Est,
1121 569 1173 626 est,
1199 565 1272 627 Non,
1288 578 1357 627 non,
1384 564 1414 615 at
1435 576 1491 614 non
1507 559 1566 617 suh.
1581 557 1722 628 judicium
1750 555 1898 610 decidatis.

1051 655 1082 709 ht
1097 653 1235 707 Dominus
1253 651 1282 704 in
1305 649 1457 720 Evangelio
1473 649 1513 703 ait
1529 647 1678 703 :Audistis
1701 645 1772 716 qnia
1794 643 1900 698 dictum

1050 747 1092 796 est
1116 740 1251 811 antiquis,
1267 740 1329 794 Non
1352 737 1518 809 pejerabis:
1535 736 1636 791 reddes
1661 739 1758 789 autem
1777 732 1900 787 Domino

1046 832 1210 901 juramenta
1235 833 1294 882 tua.
1321 829 1379 897 Ego
1398 829 1495 880 autem
1520 825 1583 878 dico
1607 823 1695 889 vohis,
1720 838 1783 876 non
1804 821 1900 892 jurans

1050 919 1179 980 omnino,
1207 932 1301 986 neque
1323 931 1376 986 per
1398 914 1501 968 coelum
1520 929 1526 967 :
1542 911 1611 983 qnia
1630 912 1752 966 thronus
1778 910 1829 964 Dei
1850 916 1900 976 est,

1049 1023 1144 1077 nequa
1158 1022 1210 1076 per
1231 1010 1336 1059 terram
1352 1020 1359 1058 ε
1376 1002 1444 1074 quia
1463 1003 1616 1056 scabellum
1638 1001 1748 1071 pedum
1774 999 1837 1069 ejas
1849 1004 1900 1064 est,

1051 1112 1144 1166 neque
1164 1110 1215 1166 per
1243 1093 1469 1163 Hierosolymam
1495 1089 1590 1160 :quia
1613 1089 1711 1143 civitas
1735 1092 1780 1141 est
1803 1086 1901 1156 magni

1051 1184 1137 1253 regis,
1154 1198 1247 1253 neque
1261 1197 1314 1252 per
1328 1184 1414 1251 caput
1428 1184 1509 1233 tunm
1526 1194 1533 1232 ι
1552 1178 1619 1248 qiria
1638 1195 1696 1231 non
1710 1181 1797 1246 potes
1812 1190 1900 1228 uuum

1051 1270 1185 1340 capillum
1202 1270 1299 1323 album
1311 1269 1414 1334 iacere,
1430 1271 1480 1321 ant
1493 1267 1618 1337 nigrum.
1636 1266 1678 1319 Sit
1693 1270 1793 1318 antem
1808 1279 1899 1317 serino

1051 1361 1154 1412 vester.
1175 1357 1232 1423 Est,
1249 1361 1301 1422 est,
1327 1357 1400 1421 Nun,
1428 1371 1498 1410 nou.
1526 1354 1605 1419 erod
1621 1354 1667 1408 his
1689 1358 1790 1408 autem
1812 1353 1899 1406 abun-

1052 1445 1165 1500 dantins
1188 1449 1240 1513 cst,
1258 1462 1274 1498 a
1290 1445 1365 1499 malo
1388 1448 1441 1513 est,
1458 1443 1486 1498 id
1508 1448 1561 1512 est,
1582 1448 1611 1497 et
1633 1443 1670 1496 ab
1685 1442 1823 1511 erigente
1846 1445 1900 1494 eta

1049 1534 1176 1604 jurante.
1206 1535 1281 1602 Dmc,
1304 1533 1392 1587 frater
1406 1531 1582 1597 charissima,
1607 1531 1668 1601 ipse
1683 1531 1826 1584 Dominus
1841 1544 1900 1599 pro·

1052 1622 1140 1689 hibet,
1157 1622 1185 1676 id
1207 1627 1260 1688 est,
1276 1637 1334 1676 nun
1349 1621 1452 1676 debere
1464 1621 1573 1692 jurare.
1589 1619 1656 1673 Hac
1673 1618 1800 1690 apostoli
1816 1616 1898 1671 maxi·

1052 1725 1098 1764 rne
1123 1726 1232 1775 omnes,
1265 1710 1326 1763 haec
1349 1708 1439 1763 sancti
1464 1708 1518 1763 viri
1549 1707 1775 1779 predecessores
1802 1704 1897 1768 nostri,

1053 1797 1103 1869 qui
1118 1798 1185 1852 hnic
1199 1803 1304 1852 sanctie
1327 1797 1482 1851 universali
1501 1796 1633 1849 Ecclesiae
1647 1795 1816 1866 apostolica
1830 1809 1898 1864 pra·

1053 1887 1179 1955 inerunt,
1196 1887 1257 1941 heac
1267 1886 1427 1958 prophetae,
1443 1889 1472 1939 et
1484 1883 1589 1955 reliqui
1600 1883 1691 1937 sancti
1705 1883 1838 1937 doctores
1852 1897 1898 1952 per

1056 1974 1221 2029 universnm
1262 1974 1405 2028 mundum
1447 1972 1569 2043 dispersi
1601 1972 1634 2026 ud
1667 1971 1895 2042 praedicandum,

1050 2062 1215 2133 juramenta
1238 2061 1302 2116 heri
1334 2065 1439 2115 vetant.
1471 2062 1600 2125 Duorum
1630 2075 1685 2113 nos
1716 2059 1857 2130 exempla,
1874 2057 1895 2110 si

1053 2151 1224 2222 coeperimus
1245 2166 1409 2216 numerare,
1426 2154 1475 2203 aut
1497 2149 1527 2202 in
1543 2148 1678 2203 schedula
1692 2149 1748 2202 hac
1769 2149 1893 2211 inserere,

1054 2244 1119 2293 ante
1143 2239 1277 2294 deficeret
1291 2238 1347 2292 diei
1371 2238 1452 2303 hora,
1473 2252 1559 2308 quam
1582 2251 1682 2290 corium
1705 2235 1843 2306 exempla,
1864 2234 1895 2288 de

1053 2327 1106 2381 huc
1121 2342 1205 2381 causa
1228 2326 1380 2398 prohibita.
1396 2325 1465 2390 Quae
1487 2340 1539 2378 nus
1563 2329 1717 2395 sequentes
1740 2330 1894 2377 sanctarum

1054 2415 1258 2485 apostolorum,
1297 2429 1455 2484 eorumque
1487 2427 1681 2466 successorum
1711 2414 1780 2482 jura
1807 2412 1894 2465 liema-
1931 2480 1933 2487 Ι

1055 2520 1127 2570 mus,
1145 2508 1174 2559 et
1198 2507 1376 2557 sacramenta
1391 2503 1505 2555 incauta
1519 2501 1582 2556 lieri
1606 2500 1807 2572 prohibemus.
1826 2499 1894 2554 Unde

1054 2593 1157 2663 etipse
1172 2591 1312 2646 Dominus
1326 2592 1357 2645 in
1373 2589 1478 2645 tabulis
1493 2589 1612 2660 lapideis
1622 2605 1694 2660 quas
1710 2589 1801 2660 Moysi
1816 2588 1893 2652 dedit,

1054 2682 1171 2753 propriu
1199 2697 1285 2736 mann
1311 2679 1433 2752 scripsit,
1463 2680 1559 2734 dicens
1580 2695 1586 2734 :
1607 2679 1687 2745 Vide,
1714 2695 1751 2732 ne
1778 2693 1894 2732 assumas

1055 2787 1161 2825 nomen
1185 2769 1300 2824 Domini
1321 2769 1372 2824 Dei
1386 2769 1429 2824 ini
1443 2768 1605 2837 in'vanum,
1627 2767 1793 2837 etreliqua.
1811 2768 1893 2821 Unus·

1056 2860 1178 2931 quisque
1192 2859 1269 2913 enirn
1285 2858 1432 2929 propriam
1446 2856 1650 2911 conscientiam
1664 2856 1801 2909 mundam
1820 2855 1893 2910 debet

1019 2944 1168 3002 Cservare
1193 2949 1261 3013 Deo,
1291 2951 1320 3000 et
1351 2946 1383 3000 iu
1414 2945 1553 2999 memoria
1583 2943 1708 2998 retinere
1731 2943 1793 2998 :Os
1825 2941 1892 3013 quod

1054 3036 1203 3100 mentitur,
1221 3035 1324 3089 occidit
1347 3033 1484 3088 animam.
1508 3035 1542 3087 Et
1556 3033 1710 3103 Apostolus
1724 3032 1764 3086 ait
1779 3048 1785 3085 :
1802 3031 1892 3102 Loqui·

1054 3123 1126 3178 mini
1162 3124 1311 3177 raritatem
1343 3121 1542 3193 unnsquisque
1575 3134 1640 3175 cum
1672 3120 1807 3192 proxima
1837 3135 1889 3185 sno,

1053 3212 1190 3284 qnoniam
1212 3227 1311 3266 snmus
1334 3210 1458 3264 invicem
1471 3195 1622 3264 membra.
1647 3209 1682 3262 Et
1701 3208 1771 3262 alibi
1786 3223 1793 3262 :
1811 3206 1889 3261 Nolite

1053 3299 1167 3354 mentiri
1184 3299 1305 3353 invicem
1327 3298 1466 3353 membra.
1484 3299 1549 3352 Dmc
1572 3301 1717 3367 precepta
1731 3301 1797 3350 sunt
1810 3295 1889 3349 Satra-

1053 3387 1131 3456 toris,
1161 3388 1222 3442 haec
1254 3387 1471 3458 prophetarum,
1500 3385 1561 3440 huc
1588 3390 1754 3438 sanctorum
1784 3385 1887 3438 Petrum

1052 3475 1193 3529 instituta.
1218 3474 1287 3538 Quas
1306 3473 1329 3527 si
1352 3473 1417 3545 quis
1432 3474 1461 3528 in
1477 3489 1583 3528 vanum
1607 3471 1731 3536 duxerit,
1755 3471 1842 3525 hostis
1855 3472 1888 3522 est

1053 3564 1156 3618 animae
1185 3579 1243 3617 suae
1264 3579 1271 3618 ε
1291 3562 1360 3633 quia
1384 3578 1469 3617 nemo
1495 3567 1592 3616 contra
1615 3560 1789 3631 prophetas,
1815 3573 1887 3613 neme

1053 3655 1151 3707 contra
1180 3651 1352 3722 apostolum,
1387 3665 1472 3705 nemo
1499 3654 1598 3705 contra
1620 3649 1806 3720 Evangelinm
1833 3647 1887 3701 lacit

1053 3740 1159 3811 aliquid
1177 3738 1284 3811 absque
1299 3739 1438 3811 pericula.

1176 3829 1241 3884 Car.
1257 3829 1308 3883 XX.
1325 3859 1360 3868 -
1376 3829 1433 3893 Quo
1449 3833 1565 3896 tempore
1573 3827 1671 3896 jurare
1686 3827 1775 3881 liccat.

153 3916 267 3971 dilectio
294 3922 352 3984 tua,
389 3917 476 3971 irater
505 3916 682 3981 charissime,
708 3921 740 3969 nt
767 3931 800 3969 ex
829 3916 999 3971 arroteritate
1087 3916 1141 3986 (Eu
1162 3917 1274 3972 concilio
1297 3917 1373 3986 apud
1396 3921 1520 3971 sunctum
1542 3915 1716 3978 liettardum,
1752 3912 1884 3984 capital.)

151 4006 226 4058 sedis
252 4004 426 4074 apostolica,
451 4003 507 4058 tuis
531 4003 700 4058 deberemus
720 4004 857 4057 consultis
882 4021 997 4075 respon.
1052 4005 1181 4059 Decrevit
1195 4009 1291 4058 sancta
1306 4004 1442 4075 synodus,
1457 4008 1489 4059 ut
1504 4020 1520 4058 a
1534 4003 1748 4074 septuagesima
1762 4000 1884 4074 usquein

151 4093 228 4147 dere.
254 4093 334 4157 Qircd
351 4094 414 4146 licet
437 4108 495 4145 non
524 4093 644 4163 prolixa,
670 4091 720 4145 sed
744 4092 884 4146 succincte
913 4108 997 4162 agere
1052 4097 1164 4148 acturas
1186 4094 1308 4165 pascha,
1334 4100 1363 4147 et
1376 4092 1412 4146 ab
1435 4093 1567 4148 Adventu
1589 4091 1707 4146 Domini
1729 4092 1884 4163 nsqnepost

111 4236 113 4240 .
149 4181 363 4241 festinaremus,
388 4184 508 4248 propter
527 4179 664 4249 quasdam
685 4179 917 4249 importunitates
932 4196 996 4250 qnoe
1010 4219 1032 4273 D
1052 4185 1230 4235 consecratos
1244 4180 1315 4246 dies,
1328 4196 1380 4235 nec
1394 4195 1452 4234 non
1467 4184 1496 4234 et
1512 4179 1541 4234 in
1554 4179 1673 4251 Jejuniis
1688 4185 1810 4250 quatuor
1823 4183 1883 4231 tem·

150 4268 255 4323 nostris
277 4266 522 4338 praepedientibus
536 4265 657 4336 peccatis
674 4265 703 4319 in
727 4283 780 4321 nos
795 4283 995 4337 supervenere,
1053 4285 1168 4339 porum,
1195 4268 1266 4322 etin
1290 4267 1584 4337 Letaniamajore,et
1604 4265 1883 4337 iudicbusRogatio·
1923 4320 1933 4337 ,Ι

151 4356 207 4409 tuis
231 4359 325 4408 tamen
351 4369 402 4422 per
424 4353 712 4422 reliqnasanctorum
734 4355 851 4408 Petrum
866 4355 997 4410 instituta
1053 4373 1134 4423 num,
1160 4356 1233 4411 etin
1254 4354 1354 4411 diebus
1375 4355 1542 4422 Dominicis,
1565 4356 1620 4410 nisi
1647 4357 1682 4411 de
1705 4354 1882 4410 eoncordiaet

151 4441 252 4496 studiis
276 4441 443 4512 perquirere
472 4441 566 4506 latius,
592 4445 621 4493 ct
645 4441 818 4510 investigare
843 4443 996 4497 committi·
1051 4445 1259 4514 pacificatione,
1275 4444 1371 4499 nullus
1387 4460 1475 4514 super
1493 4459 1572 4498 sacra
1584 4445 1682 4514 jurare
1697 4447 1854 4514 praesumat.

149 4545 223 4583 mus.
252 4529 312 4582 Non
342 4529 417 4582 enim
447 4532 540 4598 potest
569 4544 651 4582 mens
682 4529 779 4583 attrita
808 4534 836 4583 et
862 4531 996 4586 oneribus
1052 4533 1195 4588 CanXXl.
1220 4563 1254 4572 -
1277 4533 1319 4587 De
1339 4533 1456 4600 illisqui
1470 4536 1669 4587 sacramentum
1691 4535 1765 4600 repis
1785 4531 1878 4586 uiolari.

149 4622 235 4689 alque
251 4617 516 4687 importunitatibus
540 4622 665 4687 gravata,
688 4622 799 4671 tanturn
822 4619 891 4672 boni
911 4635 996 4690 pera·
1086 4622 1145 4691 (Eu
1157 4622 1239 4676 dictis
1256 4620 1388 4689 Anaust.)
1405 4620 1434 4675 Si
1449 4620 1513 4690 quis
1527 4619 1616 4675 laicus
1629 4620 1825 4690 juramentum
1837 4617 1879 4669 rie

148 4721 227 4777 gere,
251 4712 391 4777 qnantum
420 4706 557 4760 delectata
587 4710 615 4760 et
636 4706 867 4777 oppressionibus
892 4709 994 4762 solnta.
1051 4708 1135 4763 lando
1160 4710 1331 4780 prophanat,
1356 4705 1878 4780 quadregietdominosueinrat,et

147 4796 210 4851 Non
228 4811 295 4864 ergo
310 4794 364 4848 isla
386 4795 422 4849 ob
437 4795 464 4848 id
481 4794 670 4864 [crustulimua
687 4800 718 4848 ut
740 4794 801 4849 hac
816 4796 911 4849 atalia
930 4813 994 4867 qum
1050 4798 1233 4868 postmodum
1256 4813 1386 4869 perversa
1409 4797 1472 4867 ejus
1491 4813 1624 4868 regnum,
1640 4802 1669 4852 et
1683 4798 1780 4853 dolose
1793 4798 1875 4851 hach-

147 4883 308 4941 necessaria
335 4883 395 4937 iure
424 4884 654 4953 cognoverimus,
681 4889 739 4937 tum
763 4884 906 4938 sanctitati
930 4884 996 4939 scli-
1050 4886 1176 4952 verit‚et
1195 4885 1363 4940 inmurtcm
1387 4885 1592 4956 ipsinsaliquo
1611 4883 1874 4941 machinamentum·
1926 4886 1933 4915 ¹

146 4991 210 5029 mus
223 4975 366 5044 denegare
384 4988 390 5026 :
407 4973 454 5025 sed
472 4972 546 5043 quod
563 4972 610 5026 hic
624 4971 720 5026 minus
735 4972 891 5040 invenitur,
909 4973 995 5027 latins
1050 4973 1171 5028 sidiatnr
1187 4990 1193 5028 :
1210 4974 1277 5044 quia
1294 4974 1475 5045 saerilegium
1495 4974 1618 5045 peragit,
1636 4991 1757 5031 manum
1771 4971 1872 5029 surmio
1922 4969 1933 5003 ⁵

143 5062 337 5132 perquiratur.
364 5060 580 5115 Sacramentum
604 5064 699 5114 autem
723 5061 861 5116 hactenus
882 5078 899 5115 a
920 5078 994 5115 snm-
1050 5062 1193 5117 Christum
1211 5062 1323 5118 Domini
1339 5063 1467 5131 mittans,
1482 5063 1636 5117 anathema
1652 5063 1700 5130 sit,
1718 5064 1773 5119 nisi
1785 5079 1832 5135 per
1842 5057 1870 5113 ti·

144 5150 197 5203 mis
225 5149 430 5216 sacerdotibus,
461 5150 503 5202 vet
528 5149 648 5219 reliquis
672 5149 724 5202 Dei
747 5149 884 5205 ministris
906 5150 991 5221 exigi,
1048 5165 1134 5221 gnam
1158 5151 1336 5221 poenitentias
1351 5151 1574 5206 satisfactionem
1590 5152 1796 5218 emendaverit,
1811 5141 1870 5204 sicuti
1913 5143 1933 5179 Ε

144 5237 200 5290 nisi
215 5253 267 5308 pro
296 5238 351 5291 sule
365 5242 451 5304 recta,
467 5237 586 5291 minime
606 5236 804 5306 cognorimus,
828 5254 880 5293 nec
893 5245 993 5309 sponte
1047 5238 1234 5295 constitutum
1261 5257 1277 5293 a
1303 5243 1400 5294 sancta
1424 5241 1534 5311 synodo
1559 5244 1610 5307 est,
1637 5241 1735 5309 idest,
1761 5239 1869 5296 saculuu
1912 5232 1933 5263 ²

144 5339 194 5377 eos
217 5324 330 5393 jurasse
363 5324 534 5394 reperimus.
568 5324 755 5393 Summopere
784 5340 853 5396 ergo
879 5328 993 5379 sanctus
1046 5326 1201 5397 relinquat,
1227 5343 1307 5381 arma
1332 5327 1468 5398 deponat,
1497 5327 1526 5381 in
1551 5328 1763 5402 monasterinm
1787 5320 1869 5389 catti
1912 5312 1927 5345 ³

140 5412 262 5467 Jacobns
283 5412 438 5482 apostolus,
465 5412 622 5482 prohibens
652 5419 872 5480 sacramentnm,
899 5414 989 5485 loqni-
1047 5415 1182 5484 paeniteat
1217 5415 1351 5469 omnibus
1380 5415 1480 5470 diebus
1504 5415 1569 5470 vitm
1597 5432 1667 5471 sure.
1692 5417 1870 5471 Verumtamen
1912 5402 1933 5435 ²·

140 5504 188 5555 tar
209 5499 306 5555 dicens
324 5515 330 5553 :
346 5500 539 5568 Ariteomnia,
557 5501 741 5562 iratresmei,
770 5501 859 5556 nolite
878 5501 988 5572 jurare,
1046 5503 1328 5559 communionemiu
1351 5503 1429 5566 exitu
1451 5504 1515 5560 vitae
1535 5521 1599 5560 cum
1620 5505 1801 5562 Eucharistiu
1818 5496 1870 5558 acci·
1916 5492 1933 5522 ⁴·
