3878 6112
89 172 141 226 595
626 169 830 227 surculum
847 165 1116 227 wottltttctrrtsts
1134 165 1304 224 nrtscort.
1788 173 1841 225 seo

87 291 194 348 idcirco
218 308 235 346 a
254 291 364 364 synodo
378 290 587 347 retractandam
603 308 610 348 :
625 291 665 347 ita
679 297 713 349 ut
733 292 875 364 oppressis
899 292 974 349 aut
992 293 1089 346 matur
1111 290 1230 346 facultas
1250 305 1343 345 ceusu
1357 290 1540 362 peragenda,
1562 290 1587 345 si
1605 307 1637 346 sc
1650 291 1689 347 ad
1704 291 1784 347 diem
1799 309 1844 347 oc-

89 379 225 435 omnibus
241 379 270 434 in
285 378 396 435 cunctis
412 379 599 435 subveniatur
611 380 712 435 causis.
992 394 1107 435 currere
1129 394 1189 433 non
1209 378 1345 443 noluisse,
1364 379 1413 434 sed
1432 394 1489 433 non
1513 379 1642 449 potuisse
1666 380 1841 451 probaverit.

89 485 154 542 Car.
180 485 293 542 ctvltl.
319 515 353 526 -
380 486 474 552 Qualis
496 489 601 555 primm
624 500 679 541 esse
700 486 743 540 oet
769 485 837 554 quid
858 501 938 553 opere
992 465 1065 521 {¹¹⁰⁶
1079 482 1146 521 '0¹⁹⁰
1161 465 1278 536 placuit,
1301 470 1345 534 ¹¹12
1364 463 1432 521 Μ
1446 467 1667 557 tltefefoepflffl
1689 467 1844 539 int1¹1⁸00·

460 557 564 611 deteut.
992 571 1098 625 porum
1116 554 1235 626 judicio,
1252 554 1276 610 si
1293 554 1382 610 fuerit
1403 554 1577 610 accusatoris
1600 571 1724 628 persona
1746 556 1842 628 culpu-

126 643 182 714 (Eu
213 659 252 698 re.
286 643 324 698 ud
349 643 520 700 Gennadium
546 646 695 700 Patricium
723 648 749 698 et
776 645 938 699 Eaurctam
992 643 1068 708 bilis,
1084 644 1120 698 ad
1144 644 1325 712 arguendum
1351 659 1410 697 non
1428 643 1609 711 admittatur,
1631 643 1688 698 uisi
1710 645 1842 715 proprias

88 729 219 800 Africae.)
235 730 395 786 Concilium
419 747 486 784 vero
510 732 715 785 catholicorum
736 731 937 802 episcoporum
993 747 1101 799 causas,
1116 747 1175 785 nou
1189 737 1284 785 tarium
1303 731 1515 795 ecclesiasticas,
1532 748 1659 788 asserere
1674 733 1807 788 voluerit.

89 818 241 874 admoneri
268 818 425 890 praecipite,
455 824 488 872 ut
511 819 665 890 primatem
689 834 747 874 nou
775 836 808 874 ex
836 818 938 874 ordine
994 837 1057 893 (Ἀρ,
1073 836 1160 892 cffl,
1176 866 1212 878 ..
1228 837 1546 907 0331„„·m0,p,·„0p0
1569 839 1658 893 „an-,3
1679 839 1838 893 ming„

89 907 156 973 loci,
181 906 346 978 postpositis
367 907 431 960 ritae
453 906 576 972 meritis,
598 906 693 975 faciat,
709 906 846 977 quoniam
861 905 939 976 apud
1027 909 1175 975 infamato,
1199 908 1276 962 etad
1297 911 1430 976 synodum
1445 911 1544 978 saepius
1565 915 1660 979 coemo
1679 913 1730 979 qui
1752 914 1839 965 uenire

91 994 244 1050 Dominum
267 1010 324 1048 non
340 994 444 1063 gradm
466 993 636 1063 elegantior,
652 994 702 1048 sed
723 994 788 1048 vitm
810 993 939 1048 melioris
1028 983 1053 1032 fl
1068 993 1096 1032 ⁵0
1109 993 1239 1033 miliare
1251 981 1417 1050 utilem&
1850 992 1854 997 ’

91 1082 164 1137 actio
187 1081 401 1151 comprobatur.
426 1082 489 1150 lpse
513 1097 579 1135 vero
605 1081 715 1151 primas
736 1097 796 1135 non
820 1081 937 1151 passim,
1029 1084 1082 1154 (Eo
1110 1087 1188 1154 epist.
1215 1085 1358 1154 Bonifatii
1378 1101 1459 1156 pupae
1486 1086 1523 1139 od
1549 1087 1689 1158 episcopos
1718 1087 1835 1157 oute.)

91 1170 268 1224 sieutmoris
292 1173 410 1240 est,per
430 1170 521 1238 villas,
540 1167 716 1237 sedinuua,
737 1170 817 1240 juxte
838 1185 938 1224 eorum
994 1172 1153 1228 bonifacius
1179 1173 1329 1245 episcopus
1355 1175 1501 1240 Patroclo,
1530 1175 1677 1246 Remigio,
1708 1175 1833 1241 Maximo,

90 1258 272 1324 electionem,
286 1257 398 1311 civitate
413 1258 546 1313 resideat.
994 1261 1112 1328 Hilario,
1145 1262 1259 1327 Severo,
1285 1261 1411 1326 tuliano,
1440 1262 1578 1329 castorio,
1606 1262 1739 1325 Leontio,
1767 1263 1833 1318 Con·

91 1363 156 1418 Cae.
173 1362 266 1418 CLIX.
280 1392 314 1401 -
337 1363 370 1416 Ut
393 1361 698 1431 episeopisiuputoram
712 1364 832 1430 gentium
850 1365 940 1418 sciunt
994 1349 1128 1416 θῑθῡῖἰΰθ,
1152 1349 1264 1416 J⁰³¹¹¹¹ii
1284 1351 1427 1415 M⁰¹¹l³¹¹⁰i
1454 1350 1574 1418 Malim,
1597 1355 1626 1405 θῑ
1647 1350 1761 1405 wil-⁸¹5⁵
1783 1351 1833 1422 epi·

323 1434 383 1501 qois
399 1437 526 1487 intereos
541 1435 577 1486 sit
592 1435 707 1501 primus.
994 1437 1089 1507 scopis
1104 1453 1156 1508 per
1180 1437 1283 1493 Gallias
1308 1441 1335 1492 et
1349 1454 1401 1510 per
1424 1442 1533 1509 septem
1551 1438 1715 1509 provincias
1739 1439 1833 1493 consti·

127 1531 183 1599 (Eo
215 1529 320 1598 epictet.
354 1529 482 1583 Auecteti
515 1543 610 1598 pupae,
648 1529 771 1583 omnibus
808 1530 939 1599 episcopis
994 1525 1073 1578 tutis.
1097 1525 1254 1579 Valentiuae
1278 1540 1331 1579 nos
1353 1524 1449 1580 clerici
1472 1526 1593 1580 civitatis
1608 1526 1756 1594 adierunt,
1778 1543 1834 1598 pro-

91 1617 199 1686 misso.)
221 1617 300 1671 Beati
324 1617 410 1671 otium
436 1617 557 1688 apostoli
581 1616 701 1671 interae
724 1621 886 1672 statuerunt
908 1622 941 1672 ut
994 1615 1135 1684 ponentes
1163 1612 1294 1668 libellum
1320 1617 1349 1668 et
1370 1613 1493 1668 crimina
1517 1631 1580 1686 quae
1604 1614 1762 1670 llaximum
1786 1620 1835 1670 tota

91 1705 218 1778 episcopi
241 1705 420 1777 singularum
441 1705 547 1760 scirent
564 1705 694 1776 gentium
717 1706 781 1775 quis
796 1705 870 1759 iuter
891 1721 940 1760 eos
993 1701 1140 1771 provincia
1161 1702 1263 1756 asserit
1277 1703 1465 1758 commisisse.
1490 1704 1625 1776 Delegata
1643 1704 1732 1759 toties
1746 1704 1833 1774 cogui-

92 1794 204 1866 primus
219 1798 303 1854 esset,
328 1798 469 1863 quatenus
483 1792 519 1847 ad
542 1808 608 1846 eum
632 1792 726 1863 potior
739 1808 839 1847 eorum
861 1792 938 1847 solli·
994 1789 1083 1855 tione,
1099 1788 1181 1844 illum
1201 1790 1356 1845 constituta
1370 1806 1485 1863 semper
1505 1791 1712 1863 subterfugisse
1725 1792 1833 1863 judicia,

92 1882 189 1938 citndo
219 1882 386 1952 pertineret.
416 1882 485 1936 Nem
515 1886 544 1935 et
573 1881 649 1935 iuter
675 1881 771 1936 beatos
799 1881 941 1952 apostolos
993 1893 1047 1932 uec
1068 1877 1220 1933 confusum
1241 1878 1413 1934 couscientia
1429 1879 1589 1949 festinasse,
1611 1885 1643 1934 ut
1658 1879 1682 1934 si
1709 1885 1784 1936 esset
1800 1881 1834 1935 iu·

93 1970 227 2043 quaedam
237 1970 292 2024 fuit
302 1969 442 2025 discretio.
458 1970 501 2037 Et,
514 1969 581 2024 licet
591 1986 691 2024 ornnes
704 1972 798 2024 esseut
809 1970 940 2041 apostoli,
994 1980 1110 2033 nocens,
1124 1966 1473 2034 exterminatisomuibus,
1485 1973 1659 2039 purgaretur
1670 1985 1677 2024 :
1687 1985 1757 2040 qrroe
1765 1970 1834 2024 toties

93 2061 177 2114 Petro
197 2063 294 2112 tamen
308 2074 326 2111 a
342 2057 463 2112 Domino
479 2062 522 2111 est
543 2073 721 2122 concessum,
745 2057 843 2129 stipsi
866 2057 943 2112 inter
996 2052 1109 2108 decreta
1124 2070 1158 2108 ex
1173 2060 1335 2110 nostrarum
1357 2072 1472 2127 quoque
1493 2057 1657 2111 chartarum
1678 2057 1834 2113 instructio·

94 2163 124 2200 aa
144 2145 271 2217 idipsum
294 2144 447 2200 uoluerunt
461 2150 494 2199 ut
508 2145 628 2217 reliquis
652 2146 788 2200 omuibus
808 2150 944 2216 praeesset
996 2157 1032 2196 ue
1053 2141 1249 2211 cognovimus.
1274 2142 1329 2207 Qui
1351 2143 1510 2198 econtrario
1531 2142 1663 2215 probavit
1686 2145 1774 2201 dese
1796 2146 1835 2200 illa

94 2233 232 2305 apostolis
249 2233 368 2305 Cephas,
395 2233 490 2299 idest,
507 2237 539 2286 ut
563 2233 663 2287 Petrus
683 2233 876 2304 principatum
899 2239 943 2288 te·
997 2245 1060 2302 qua
1075 2230 1151 2284 dicta
1172 2233 1249 2297 sunt,
1274 2230 1342 2303 quia
1363 2231 1398 2286 ad
1413 2246 1447 2286 ea
1469 2232 1653 2300 confutando,
1669 2248 1740 2288 cum
1754 2238 1837 2288 esseut

94 2326 177 2377 neret
191 2322 377 2391 apostolatus.
402 2320 456 2385 Qui
472 2325 499 2374 et
516 2321 647 2375 eamdem
671 2320 794 2375 formam
808 2320 867 2375 suis
882 2337 944 2376 suc·
996 2317 1159 2385 innumera,
1181 2335 1199 2372 a
1214 2319 1410 2374 decessoribus
1432 2321 1505 2375 meis
1530 2321 1716 2391 provincialis
1738 2326 1780 2376 est
1794 2322 1836 2377 do·

95 2409 254 2464 cessoribus
277 2413 306 2462 et
329 2407 448 2479 reliquis
472 2407 612 2478 episcopis
635 2408 790 2462 tenendam
816 2409 943 2463 tradide·
996 2407 1092 2476 legata
1115 2406 1251 2478 cognitio.
1270 2407 1433 2463 Conventus
1457 2408 1544 2463 etiam
1560 2408 1667 2464 dicitur
1680 2410 1793 2478 vitasse,
1813 2414 1838 2464 ct

96 2503 173 2552 runt.
201 2499 234 2552 Et
262 2510 321 2551 non
340 2497 433 2551 solum
460 2496 514 2550 hoc
541 2496 571 2550 iu
596 2498 673 2551 Novo
698 2497 880 2552 Testamento
902 2502 945 2552 est
998 2495 1119 2549 minimo
1143 2495 1401 2552 adessevoluisse:
1418 2502 1446 2552 et
1465 2497 1561 2552 uullns
1584 2497 1701 2553 dubitat
1718 2500 1840 2570 quodita

96 2585 294 2653 coustitutum,
312 2586 361 2639 sed
378 2585 465 2639 etiem
480 2584 510 2638 in
525 2585 620 2639 Veteri
635 2583 697 2639 fuit.
716 2584 795 2639 Unde
806 2585 944 2657 scriptum
994 2582 1139 2653 judicium
1165 2599 1273 2638 nocens
1287 2585 1468 2655 subterfugit,
1485 2586 1734 2657 quemadmodum
1755 2588 1839 2643 ritab-

97 2680 139 2728 est
156 2688 164 2728 :
182 2674 271 2728 Moses
297 2676 326 2727 et
348 2675 444 2727 Aaron
468 2672 498 2726 in
520 2672 716 2727 sacerdotibus
741 2672 813 2744 ejus,
837 2673 867 2728 id
891 2680 943 2742 est,
999 2671 1126 2726 solvatur
1148 2672 1199 2742 qui
1214 2677 1258 2727 est
1278 2673 1417 2728 innocens
1433 2674 1538 2746 qumrit
1552 2690 1559 2728 ε
1575 2674 1624 2730 sed
1648 2680 1744 2730 astuta
1767 2677 1840 2731 carii

96 2763 184 2834 primi
209 2761 284 2816 inter
299 2777 349 2816 eos
368 2761 494 2815 luerunt.
518 2762 550 2815 Et
565 2760 751 2830 quamvisita
770 2761 807 2815 sit
828 2761 945 2816 ordina·
999 2761 1067 2815 latio
1098 2775 1199 2815 eorum
1232 2761 1283 2832 qui
1311 2761 1432 2816 versutis
1464 2762 1609 2833 agendum
1637 2763 1761 2818 creduut
1788 2781 1840 2819 esse

96 2853 168 2910 tum,
194 2861 279 2900 uerno
295 2849 393 2898 tamen
408 2844 484 2915 quud
508 2861 590 2898 sirum
606 2850 649 2898 est
663 2849 782 2914 quaerat,
806 2845 853 2899 sed
870 2845 981 2916 quodC
999 2848 1137 2916 consiliis,
1155 2865 1303 2921 nunquam
1326 2850 1498 2906 innocentius
1511 2868 1616 2906 nomeu
1632 2853 1762 2922 accipiet.
1775 2854 1841 2908 Con·

98 2935 226 2989 alterius.
254 2933 331 2988 Unde
355 2932 396 2985 ait
417 2933 517 2986 beatus
541 2933 687 3004 apostolus
708 2933 814 2987 Paulus
829 2948 837 2985 ι
854 2932 946 2987 Unus·
1000 2936 1097 2991 litetur
1120 2937 1198 2991 enim
1224 2937 1259 2992 de
1284 2940 1419 2994 omuibus
1443 2939 1575 3011 quisquis
1595 2955 1626 2993 se
1651 2940 1841 3011 subterfugere

98 3022 220 3093 quisque
244 3020 357 3091 placeat
377 3019 508 3089 proximo
530 3034 581 3071 siro
596 3019 626 3072 in
642 3018 750 3072 bonum
770 3019 806 3073 ad
821 3018 945 3073 editlce-
996 3024 1137 3094 judicium
1161 3025 1348 3081 dilationibus
1361 3032 1453 3098 putet.
1468 3027 1569 3082 Veniet
1583 3033 1681 3083 tamen
1696 3029 1841 3100 aliquando

98 3109 216 3162 tionem.
243 3108 275 3161 Et
300 3104 374 3159 sicut
402 3105 462 3175 ipse
487 3105 616 3160 Salvator
639 3105 698 3159 suis
714 3105 754 3159 eit
777 3106 945 3177 discipulis:
999 3113 1048 3167 ille
1063 3113 1113 3184 qui
1128 3113 1192 3168 talis
1207 3114 1377 3183 perhibetur
1391 3115 1577 3189 inmedium.
1596 3117 1653 3170 Nec
1677 3117 1797 3187 prodest
1807 3116 1842 3171 illi

99 3191 154 3257 0¹¹1
170 3190 264 3260 m⁸i⁰i
286 3188 557 3255 0⁸1V0⁵ls¹¹¹⁰2⁰fst
577 3188 708 3242 minist&
733 3195 836 3244 Vesltl·
852 3191 887 3244 El
901 3206 946 3244 ¹⁴0·
999 3201 1084 3255 toties
1105 3201 1231 3269 latuisse,
1254 3203 1339 3257 toties
1358 3203 1574 3275 subterfugisse,
1600 3220 1689 3276 quern
1713 3204 1757 3259 sui
1773 3211 1842 3260 actus

101 3280 188 3348 liqna.
1000 3294 1028 3344 et
1041 3290 1204 3357 commissa,
1220 3307 1394 3363 quocunque
1412 3292 1529 3364 fugerit,
1546 3309 1659 3366 eaquae
1673 3293 1842 3366 objiciuntur

101 3384 166 3440 Cir.
191 3383 265 3439 CLX.
292 3383 384 3438 -Ut
414 3384 554 3450 episcopus
581 3387 723 3436 accusatus
751 3397 806 3437 uon
827 3398 946 3438 commu-
999 3377 1271 3446 illustrassent,
1295 3381 1417 3436 crimina
1440 3388 1665 3453 persequuntur.
1691 3383 1839 3438 Debueram

171 3458 250 3509 itione
261 3456 395 3522 privetur,
411 3453 635 3507 nisidiestututo
647 3455 737 3507 uenire
749 3454 874 3509 notuerit.
1000 3467 1116 3536 quidem
1130 3467 1190 3539 jam
1215 3484 1292 3522 nunc
1303 3469 1421 3540 dignam
1437 3487 1490 3541 pro
1507 3472 1569 3541 ,jus
1590 3471 1730 3526 accusati,
1751 3472 1780 3526 1„
1796 3487 1838 3525 „g

135 3559 303 3628 (Eucoueit.
320 3558 468 3624 Curttup,
492 3572 553 3626 cup.
571 3556 626 3628 19.)
643 3557 775 3612 Aurelius
799 3558 947 3629 episcopus
1000 3560 1059 3609 stro
1080 3555 1190 3625 judicio
1214 3552 1335 3625 actibus,
1359 3558 1409 3630 qui
1432 3557 1629 3629 cognitionem
1652 3566 1682 3613 et
1705 3559 1836 3614 decretum

98 3647 195 3702 dixit:
217 3646 352 3717 Quisquis
373 3647 573 3716 episcoporum
596 3651 755 3713 accusetur,
780 3647 815 3701 ad
837 3645 946 3717 prima·
997 3643 1139 3714 judicium
1156 3660 1231 3715 saepe
1249 3645 1420 3701 declinando
1435 3647 1559 3702 credidit
1572 3647 1766 3709 illudendum,
1781 3648 1836 3702 dare

97 3739 155 3788 tom
172 3733 326 3805 provinciae
346 3732 438 3802 ipsius
454 3748 569 3787 cansam
590 3733 700 3787 delerat
720 3738 878 3801 accusator,
894 3749 948 3787 nec
1001 3730 1182 3785 seutentiam.
1209 3735 1244 3788 tt
1267 3750 1302 3787 ne
1329 3733 1438 3805 aliquid
1466 3735 1612 3806 praeconi
1635 3735 1758 3792 forsitan
1777 3734 1836 3806 judi

97 3838 115 3878 a
138 3821 343 3876 commuuione
365 3821 555 3891 suspendatur
578 3821 623 3875 cui
646 3821 756 3875 crimen
777 3821 946 3887 intenditur,
1001 3824 1088 3885 caret,
1113 3824 1142 3874 et
1164 3821 1218 3874 sibi
1242 3821 1292 3893 qui
1322 3822 1422 3877 absens
1450 3828 1502 3890 est,
1525 3825 1589 3878 licet
1617 3825 1654 3879 sit
1680 3824 1834 3895 quaesitus·

97 3910 189 3965 nisisi
204 3909 238 3964 ad
248 3924 363 3963 causam
374 3924 455 3962 suam
467 3909 628 3976 dicendam,
638 3909 795 3963 electorum
804 3907 946 3980 judicium
1002 3908 1096 3972 uobis,
1108 3915 1282 3963 reservatum
1304 3926 1367 3964 esse
1391 3911 1463 3967 nibil
1482 3912 1601 3978 diceret,
1614 3914 1782 3968 'maluimus
1803 3912 1833 3965 ir

98 3999 145 4053 die
159 4002 264 4051 statuta
280 3996 383 4050 litteris
406 4003 551 4062 evocatus,
566 3996 686 4050 minime
710 3997 875 4062 occurrerit,
895 3997 948 4051 hoo
1001 3997 1182 4067 tercapedine
1207 3999 1345 4069 temporis
1369 3999 1436 4054 data
1459 3999 1578 4065 differri,
1603 4016 1670 4055 cum
1687 4002 1742 4056 boc
1763 4000 1833 4056 etiem

98 4090 151 4154 est,
164 4086 240 4140 infra
255 4085 380 4154 spatium
397 4085 503 4137 mensis
525 4100 557 4137 er
576 4100 609 4137 ea
623 4084 669 4138 die
683 4100 739 4154 quo
755 4100 820 4138 eum
837 4085 945 4139 litteras
960 4121 982 4175 D
1002 4083 1064 4153 ejus
1087 4090 1265 4140 accusatores
1284 4092 1453 4141 assererent.
1481 4089 1520 4142 De
1537 4089 1619 4160 cujus
1640 4088 1833 4144 intentionibus

98 4175 239 4244 accepisse
263 4172 434 4226 eonstiterit.
458 4170 539 4235 Qirod
556 4171 703 4240 elatiquas
721 4188 801 4226 veras
823 4174 946 4226 uecessi-
1002 4177 1031 4224 et
1057 4173 1187 4228 moribus
1214 4174 1252 4228 sit
1279 4180 1420 4231 secretum
1440 4177 1608 4240 maximum,
1642 4182 1725 4231 tanto
1758 4175 1833 4246 magis

97 4262 164 4316 tatis
186 4276 285 4315 causas
308 4260 481 4331 probaverit,
504 4260 691 4329 quibuscum
715 4277 864 4315 occurrere
889 4277 947 4316 nou
1001 4259 1164 4314 damnanda
1179 4261 1368 4327 committere,
1394 4265 1509 4334 quando
1525 4265 1635 4319 tardius
1651 4281 1682 4320 se
1697 4266 1833 4320 constituto

97 4348 224 4421 potuisse
248 4347 433 4401 manifestum
457 4347 504 4411 sit,
521 4362 614 4401 causae
639 4364 697 4402 sum
719 4350 847 4404 dicendae
872 4349 947 4404 intra
998 4348 1108 4418 judicio
1128 4356 1321 4419 praesentaret.
1347 4351 1438 4416 Quem
1454 4352 1677 4408 llanicbaeorum
1692 4354 1834 4409 involutum

98 4437 221 4491 alterum
247 4451 376 4490 mensem
400 4434 543 4506 integram
570 4436 674 4491 habeat
697 4437 870 4492 facultatem.
898 4441 948 4492 Ve-
1002 4436 1124 4506 caligine
1140 4443 1276 4507 arguunt,
1291 4441 1427 4511 turpique
1451 4445 1527 4494 secta
1549 4440 1629 4495 olim.
1646 4442 1692 4497 lta
1713 4453 1835 4497 cumuon

98 4540 163 4579 rum
182 4529 248 4594 post
272 4539 400 4578 mensem
425 4525 580 4578 secuudum
604 4541 663 4579 non
678 4526 872 4580 communicet
895 4527 948 4581 do·
1001 4530 1098 4596 posset
1120 4525 1235 4580 abluere
1257 4526 1387 4582 animum
1412 4529 1527 4583 sordida
1551 4529 1777 4600 improbatione,
1797 4529 1835 4583 ob

98 4628 152 4667 nec
173 4612 362 4667 examinetur.
388 4611 417 4666 Si
432 4616 530 4667 autem
553 4613 588 4667 ad
611 4613 762 4667 consitium
787 4614 947 4668 universale
999 4613 1130 4683 jactaque
1150 4613 1176 4667 ei
1192 4619 1271 4684 gesta
1291 4616 1438 4685 synodalia
1456 4616 1646 4687 proferentes,
1671 4623 1701 4670 et
1714 4615 1836 4671 commis-

98 4700 174 4755 infra
198 4701 267 4756 anni
296 4700 420 4772 spatium
449 4716 597 4755 occurrere
625 4701 760 4764 noluerit,
785 4707 818 4755 ut
840 4702 884 4756 vel
908 4701 946 4756 ibi
1001 4700 1216 4755 sisinvolutum
1238 4703 1368 4773 undique
1390 4703 1518 4774 flagitiis,
1545 4704 1658 4758 nullum
1680 4700 1836 4759 eiseuiratis

98 4805 183 4845 muse
203 4791 265 4860 ejus
289 4790 470 4853 terminetur,
494 4789 600 4859 ipsein
623 4806 652 4843 se
676 4789 867 4844 damnationis
882 4805 947 4844 scn-
1002 4788 1133 4843 babuisse
1148 4794 1320 4858 respectum,
1347 4807 1433 4863 quem
1456 4792 1554 4847 furore
1576 4807 1628 4846 suo
1643 4797 1673 4847 et
1697 4792 1837 4846 insonate

97 4878 217 4933 tentiam
244 4878 348 4932 dixisse
370 4878 526 4948 judicetur.
548 4879 687 4948 Teurpore
712 4894 779 4932 sane
805 4894 862 4948 qtro
890 4894 947 4932 nou
1001 4877 1133 4930 maritate
1148 4878 1182 4932 ad
1204 4878 1384 4933 saecularium
1408 4896 1523 4951 quoque
1544 4879 1690 4951 judicium
1712 4874 1837 4935 tribunati

97 4966 302 5032 communicat,
326 4981 364 5019 ne
389 4966 419 5019 in
441 4982 493 5019 sua
507 4966 630 5020 Ecclesia
653 4967 696 5020 vel
718 4966 855 5037 parochia
869 4982 947 5021 com·
1001 4965 1150 5020 subditum
1175 4967 1338 5037 quaestioni,
1360 4970 1436 5039 quod
1462 4969 1492 5022 iu
1513 4970 1561 5024 vili
1587 4985 1705 5041 utroque
1728 4979 1837 5040 persons

98 5055 234 5108 municct.
253 5057 406 5108 Accusator
429 5058 526 5107 autem
543 5053 615 5123 ejus,
632 5054 654 5107 si
677 5069 825 5125 nunquam
846 5054 947 5108 diebus
1001 5053 1202 5123 turpissimum
1217 5061 1270 5120 est,
1287 5055 1455 5127 objicerent.
1478 5059 1643 5112 Pervenisse
1663 5074 1731 5113 eum
1746 5058 1782 5113 ad
1796 5059 1838 5112 bo·

97 5157 190 5196 causae
214 5143 339 5197 dicende
361 5143 494 5206 defuerit,
515 5142 749 5197 acommunione
773 5158 832 5196 nou
854 5158 947 5197 remo·
1000 5142 1383 5208 micidiidemnausserunt,
1411 5147 1499 5217 gestis
1520 5147 1641 5218 prolatis
1657 5146 1688 5202 iu
1711 5148 1837 5203 median.

98 5234 207 5284 ceatur.
229 5229 258 5285 Si
281 5246 349 5284 vero
375 5230 532 5301 aliquando
553 5230 687 5297 defuerit,
711 5230 880 5284 subtrabens
904 5247 945 5297 se,
1001 5230 1035 5283 Et
1049 5230 1125 5285 huuc
1141 5233 1238 5299 tatem,
1255 5238 1320 5304 post
1341 5237 1420 5288 tauta
1435 5235 1542 5305 talique
1558 5236 1724 5300 commissa,
1740 5237 1839 5310 episco-

98 5317 231 5372 restituto
244 5317 274 5371 in
296 5317 500 5372 communione
516 5317 662 5389 episcopo,
688 5317 748 5387 ipse
765 5322 947 5373 removeatur
1001 5322 1084 5388 patus
1103 5320 1196 5374 adhuc
1220 5321 1274 5375 sibi
1290 5338 1397 5376 nomeu
1419 5322 1523 5377 insuia
1543 5323 1673 5378 latibulis
1694 5325 1840 5383 vindicare,

99 5405 330 5461 acommunione
345 5409 512 5461 accusator:
529 5405 569 5461 ita
583 5411 679 5461 mmen
695 5411 725 5460 ut
738 5422 793 5460 nec
814 5406 869 5478 ipsi
883 5407 945 5463 adi·
1000 5406 1030 5461 iu
1046 5406 1171 5479 proprie
1187 5407 1310 5465 civitatis
1328 5409 1487 5478 iufamium,
1504 5411 1601 5467 nimiis
1623 5412 1775 5469 doloribus
1788 5426 1842 5468 eon·
