3878 6112
59 285 93 337 δῖ
887 284 984 340 at't's.
1411 299 1417 311 '
1782 284 1816 338 58

60 421 127 461 mus
143 406 173 462 id
187 405 228 461 ita
246 420 317 473 esse,
332 402 408 477 quod
435 406 532 460 umen
553 418 612 459 non
627 403 744 474 probas;
761 402 862 459 sedsic
876 409 948 462 exn
966 421 1065 477 scopos
1092 411 1258 476 praesentes,
1295 402 1337 458 uti
1359 404 1447 459 refert
1484 403 1628 460 llitmarus
1664 402 1816 475 episcopos

60 495 132 567 ipsis
176 493 294 550 Litaniis
334 492 455 548 ostendo
495 496 606 548 sanctos
647 492 795 564 conjuges,
834 497 912 560 tune,
968 493 1218 565 blersebnrgsnsis,
1256 492 1407 548 historicus
1435 492 1625 563 synchronus,
1663 492 1738 548 libro
1766 506 1815 558 ru,

59 584 178 654 quando
205 583 322 639 bitania
341 582 456 652 scriptae
483 582 611 649 luerunt,
625 597 683 635 non
698 580 830 635 habuisse
845 595 912 650 pro·
968 595 1034 652 pag.
1049 585 1098 635 or:
1115 602 1125 628 ι
1144 580 1185 636 Ob
1199 579 1497 649 recompensationem
1509 580 1648 645 loturam,
1666 578 1818 650 inquiebat

59 674 127 727 leui.
144 672 218 738 Quia
236 673 260 727 si
288 671 464 736 habuissent,
479 670 511 724 in
532 670 650 726 litaniis
674 671 716 725 rel
747 687 912 742 expressum
968 674 1082 723 sanctus
1098 668 1424 740 tmporator‚um·isium
1443 667 1584 722 haeredem
1600 666 1817 738 elegi3quiain

59 761 163 816 lenset
188 777 296 816 nomen
324 759 421 832 prolis,
452 760 526 815 sicot
561 775 691 831 expresse
719 759 775 815 luit
807 774 913 813 nomeu
968 758 1065 812 sobole
1077 757 1249 829 acquirenda
1266 758 1560 827 nullaspesremanet
1575 755 1657 810 mibi.
1676 752 1816 820 »Quodsi

62 850 179 906 llenrici
195 849 429 917 etCunegnndis,
457 850 501 903 rel
527 849 627 904 saltem
644 848 786 902 iudicatus
814 847 913 903 fuisset
970 854 998 908 s.
1024 854 1160 908 ilenricus
1184 859 1250 908 ante
1274 853 1474 908 fundationem
1502 851 1684 924 episcopatus
1714 849 1815 921 genuit

61 955 205 1004 κιαι-,οη
236 938 273 993 sit
287 938 365 992 lilius
379 937 422 992 vel
437 938 506 992 lilia.
536 939 617 1001 Nam,
647 938 721 990 sieut
744 937 913 991 inlormnla
968 943 1068 1004 liliam,
1093 944 1317 1014 quomoppeum
1344 943 1460 996 veritate
1480 942 1574 996 dicere
1600 939 1817 1012 potuit,sibiin

62 1027 282 1098 supplicationis
296 1032 456 1098 prestructo
478 1027 598 1082 ilenrico
612 1025 819 1081 dicitur-:elo
831 1026 911 1078 illum
968 1030 1141 1103 acquirenda
1168 1031 1266 1085 sobole
1292 1031 1566 1084 nullum1·ernanere
1587 1027 1689 1098 spem'l
1718 1028 1816 1082 Nonne

62 1118 202 1186 adjura,»
214 1117 244 1171 in
255 1116 465 1186 supplicatione
473 1131 525 1186 pro
534 1122 630 1170 saneta
638 1114 829 1184 tlnoegunde:
846 1114 911 1168 «Tu
969 1121 1126 1173 curriculus
1146 1119 1262 1172 Petrum
1279 1122 1390 1188 poterat
1403 1117 1446 1171 illi
1459 1131 1618 1188 opponere:
1636 1135 1650 1166 a
1665 1114 1816 1179 Quomodo

62 1205 141 1259 illam
153 1204 294 1276 adjura.»
307 1205 356 1270 ita,
371 1203 395 1258 si
410 1208 478 1258 tune
493 1204 647 1260 exstitisset
660 1205 717 1258 lilia
733 1203 847 1273 regalis.
863 1205 930 1272 des
969 1206 1048 1260 nulla
1062 1222 1126 1276 spes
1148 1206 1329 1276 acquirendae
1352 1204 1457 1260 sobolis
1473 1205 1502 1260 in
1518 1203 1652 1274 presenti
1669 1203 1818 1257 matrimo-

64 1294 170 1347 buisset
181 1292 257 1346 dici:
273 1312 287 1342 a
303 1293 344 1346 Tu
357 1291 437 1348 illem
447 1292 560 1362 odjum
576 1292 669 1348 ellum
683 1292 777 1346 solrrnr
789 1296 913 1362 ponatur
968 1293 1017 1347 nio
1034 1293 1085 1347 tibi
1100 1297 1240 1363 superest,
1256 1293 1306 1363 qui
1332 1293 1431 1362 paucis
1455 1292 1531 1346 hisce
1546 1291 1639 1355 anub,
1664 1289 1770 1360 quibus
1785 1287 1816 1343 in

63 1380 379 1450 perabbreristionem:
393 1380 506 1435 «Tuill.
517 1381 653 1451 adjura,»
674 1380 769 1452 spraud«
782 1381 823 1436 ill.
836 1402 847 1429 ι
861 1396 913 1436 nee
969 1384 1153 1438 matrimonio
1169 1383 1273 1451 risisti,
1288 1383 1377 1437 tiliam
1390 1379 1537 1452 genuisti?
1556 1401 1567 1428 ι
1584 1381 1654 1435 blata
1669 1379 1759 1449 igitnr
1772 1376 1815 1431 di·

61 1469 142 1524 illum
173 1486 226 1524 nee
253 1469 332 1524 illam
357 1468 509 1538 signiticat,
537 1469 587 1524 sed
615 1474 658 1523 est
684 1470 849 1524 indifferens
876 1469 912 1523 ad
968 1474 1070 1544 gnitati
1095 1472 1186 1527 saneti
1210 1470 1393 1541 imperatoris
1412 1468 1544 1535 consulit,
1574 1467 1624 1539 qui
1645 1464 1818 1538 procreatio·

62 1563 236 1629 utrumque;
271 1558 385 1628 siguum
411 1562 453 1611 est
487 1557 564 1628 quod
593 1562 661 1612 tnnc
689 1573 747 1612 non
773 1558 913 1612 exstiterit
968 1577 1035 1618 nem
1071 1561 1175 1617 sobolis
1212 1564 1278 1615 ante
1318 1558 1517 1631 fundationem
1559 1557 1739 1628 episcopatus
1774 1554 1817 1608 illi

61 1644 128 1707 lilia.
168 1660 264 1717 neque
299 1645 387 1700 etiam
423 1645 510 1700 lilius.
546 1646 641 1700 llanet
671 1647 747 1717 quod
786 1647 823 1701 sit
849 1647 911 1701 lor·
929 1691 949 1745 Β
967 1651 1080 1722 aflligit,

62 1733 138 1787 mala
155 1732 328 1798 communis,
344 1749 410 1804 quse
424 1733 551 1788 masculo
577 1734 911 1804 equeacleminaeeon·
1004 1741 1047 1794 93,
1066 1759 1079 1786 «
1095 1737 1202 1792 Deinde
1217 1737 1326 1807 absque
1351 1733 1480 1805 ejusdem
1505 1731 1601 1789 Sancti
1616 1729 1818 1802 prostitutione

61 1819 156 1875 venire
177 1819 278 1891 possit.
303 1821 495 1876 tloullrmatnr
525 1821 553 1876 id
583 1836 618 1875 ex
643 1823 830 1894 sequentibus
854 1824 911 1877 ior·
967 1827 1054 1882 etiam
1069 1826 1156 1880 asseri
1185 1828 1360 1895 uoopotest,
1395 1822 1522 1893 genitam
1540 1821 1597 1892 ipsi
1624 1819 1711 1875 luisse
1727 1820 1818 1875 liliam

63 1909 147 1964 mulis
174 1909 344 1964 earumdem
373 1908 560 1975 litaniarum,
576 1909 626 1964 ubi
652 1912 770 1982 ponitur
794 1912 826 1966 N.
848 1928 912 1982 qnae
967 1920 1031 1986 pest
1045 1914 1243 1970 fundationem
1258 1914 1446 1985 episcopatus.
1472 1912 1521 1966 llle
1536 1909 1619 1965 claris
1635 1913 1663 1964 et
1677 1907 1819 1979 expressis

63 2002 123 2052 snnl
140 1997 275 2053 lormnlae
286 2013 454 2052 communes
464 1999 644 2070 supplicandi
658 2015 709 2069 pru
725 2000 912 2070 quibuscom-
968 2004 1069 2067 verbis,
1086 2020 1183 2059 eoram
1193 2002 1379 2058 celeberrimo
1394 2005 1538 2055 conventu
1552 2000 1719 2070 praesnlnrn,
1738 2013 1818 2052 asse-

64 2084 436 2158 l⁰⁰d¹¹01b¹¹⁸seltl³⁰⁰ltifli
455 2092 537 2141 ⁸010·
967 2098 1056 2157 verat,
1080 2092 1134 2146 sibi
1156 2092 1187 2147 in
1212 2090 1386 2162 acquirenda
1407 2089 1505 2144 sobole
1532 2089 1640 2143 nullam
1668 2101 1817 2156 superesse

92 2175 139 2228 bt.
156 2194 171 2223 ‹
192 2172 312 2242 Deinde,
332 2197 346 2224 n
372 2175 468 2246 pergit
498 2176 599 2229 eodem
628 2180 727 2230 tenore
757 2175 912 2243 Pottuvius,
968 2196 1067 2251 spem:
1085 2179 1149 2252 quis
1164 2193 1233 2249 ergo
1248 2179 1310 2233 sine
1335 2182 1403 2235 nota
1419 2182 1478 2231 tam
1501 2174 1817 2246 sapientiseteircum·

65 2262 457 2334 retiamsisupplicatiopro
474 2279 646 2319 nonrnrssran
664 2278 750 2319 raons
768 2264 913 2319 assentio
968 2269 1056 2340 speeti
1089 2267 1274 2339 imperatoris
1298 2266 1375 2321 dicet
1406 2266 1488 2319 illum
1524 2262 1722 2326 nibilominus,
1754 2267 1820 2332 post

65 2351 178 2406 litaniis
201 2351 350 2418 habeatur,
365 2352 558 2423 undeprobas
585 2353 671 2423 quod,
688 2352 913 2423 prolenoneri·
968 2356 1206 2412 asseverationem
1233 2354 1305 2409 adeo
1333 2354 1502 2420 solemnem,
1533 2366 1696 2422 procreasse
1708 2349 1818 2405 tiliam?

64 2444 161 2506 stente,
175 2440 348 2511 supplicatio
362 2440 412 2494 illa
425 2440 512 2495 luerit
527 2440 688 2506 decantata,
703 2446 732 2495 et
747 2457 804 2495 non
819 2441 913 2511 potius
969 2445 1028 2499 Nisi
1040 2445 1129 2515 igitur
1145 2443 1237 2498 aalide
1252 2443 1324 2497 ratio
1340 2443 1485 2509 sileretur,
1501 2440 1594 2512 qualis
1608 2455 1668 2493 non
1688 2438 1817 2505 abertur,

64 2528 158 2583 misto
168 2544 238 2583 casu
259 2527 386 2582 omisso?
401 2529 493 2595 Certe,
510 2532 642 2600 quamvls
657 2528 687 2582 in
708 2528 770 2583 istis
795 2528 913 2583 litaniis
967 2534 1054 2605 exigit
1075 2534 1199 2604 dignitas
1227 2532 1300 2587 tanti
1327 2531 1510 2602 Imperatoris
1526 2534 1557 2583 ut
1570 2528 1721 2583 credamus
1735 2527 1818 2583 illum

65 2617 186 2671 lormnla
216 2615 435 2687 supplicationis
452 2632 504 2687 pro
520 2616 704 2686 imperatrice
723 2617 873 2682 habeatur,
888 2617 913 2671 si
969 2639 1067 2677 rernm
1083 2623 1196 2688 dixisse,
1224 2622 1292 2676 duro
1312 2619 1434 2675 solemni
1448 2617 1657 2673 contestatione
1672 2632 1818 2672 assevera-

65 2710 155 2760 tamen
171 2705 333 2776 lmperator
346 2705 477 2759 nondum
495 2711 570 2758 esset
584 2704 763 2774 conjugatus,
783 2710 833 2760 ant
847 2721 912 2759 eva·
968 2712 1008 2765 vit
1023 2712 1129 2764 nullam
1147 2710 1176 2763 in
1199 2708 1373 2781 acquirenda
1383 2708 1481 2762 sobole
1495 2706 1549 2761 sibi
1564 2720 1714 2760 remanere
1724 2719 1816 2776 spem.

65 2786 140 2849 deret
152 2793 267 2858 viduus,
294 2793 420 2848 formula
433 2791 649 2863 supplicationis
663 2809 717 2862 pro
731 2794 913 2864 imperatrice
968 2800 1036 2864 Quis
1050 2807 1147 2854 autem
1162 2797 1204 2852 illi
1228 2813 1309 2867 spem
1333 2812 1448 2851 omnem
1468 2794 1597 2850 ademit‘l
1611 2794 1680 2858 Quis
1700 2792 1755 2848 nisi
1769 2793 1819 2848 ille

65 2882 135 2936 baud
151 2881 242 2936 dubie
257 2881 287 2934 in
302 2887 424 2951 utroque
438 2896 505 2935 casn
521 2881 713 2936 omitteretur.
729 2882 781 2948 lte,
801 2880 914 2937 etiamsi
968 2887 1091 2956 ipsemet
1116 2885 1276 2940 voluntario
1305 2890 1371 2940 voto
1401 2883 1595 2948 continentiae,
1624 2882 1655 2937 in
1679 2882 1817 2937 honorem

67 2970 186 3024 termula
208 2984 262 3040 pro
286 2968 467 3023 nobilissima
479 2969 562 3038 prole
576 2969 666 3040 regali
685 2971 715 3024 in
732 2970 848 3025 litaniis
863 2987 912 3040 po·
930 2971 950 3023 li
969 2976 1020 3030 liei
1042 2975 1157 3039 coiisse,
1175 2980 1230 3028 eta
1255 2972 1411 3028 castissime
1429 2972 1552 3042 conjuge
1578 2969 1754 3025 ratihabito?
1769 2970 1820 3024 Po·

67 3063 157 3124 natur,
174 3057 258 3128 prole
272 3061 369 3112 tamen
393 3058 557 3124 deliciante,
578 3058 689 3113 ridetur
715 3058 839 3114 turmula
864 3058 914 3114 illa
968 3063 1149 3119 teratdicere
1162 3079 1227 3117 eum
1246 3063 1347 3132 lephte
1369 3061 1590 3131 (Jad.11,35):«
1611 3057 1719 3128 Aperui
1740 3057 1817 3112 enim

67 3147 92 3202 in
105 3145 310 3202 decantatione
326 3145 500 3201 litaniarum
517 3146 605 3201 luisse
630 3146 745 3201 omissa.
762 3146 821 3200 Nisi
839 3148 913 3202 lorte
969 3168 1001 3206 os
1016 3151 1155 3206 menmad
1174 3150 1336 3218 bominum,
1353 3154 1382 3204 et
1400 3149 1477 3204 aliud
1495 3148 1588 3202 lacere
1603 3162 1661 3201 nen
1677 3150 1786 3216 potero,
1805 3169 1815 3193 .

68 3236 161 3289 luisset
175 3233 275 3305 eliqua
297 3235 462 3305 conjectura
489 3239 540 3289 aut
566 3234 914 3300 indiciumloeconditatis
969 3256 1056 3312 qnam
1078 3246 1249 3311 perpetuam
1273 3254 1385 3294 serrare
1404 3235 1619 3292 continentiam.
1651 3233 1818 3300 Quidaliud

66 3324 207 3396 conjugii:
228 3329 296 3379 tunc
326 3325 403 3379 enim
427 3324 527 3380 fideles
542 3325 649 3380 subditi
669 3329 780 3396 optare,
797 3327 914 3398 bseque
968 3329 1195 3385 innuuntrerba
1218 3327 1385 3382 immediate
1410 3325 1621 3398 sequeritia‚ab
1641 3325 1818 3394 Imperatore

67 3413 225 3484 supplicare
237 3413 340 3478 solent,
357 3420 390 3467 ut
412 3414 522 3468 fructus
546 3413 577 3468 in
592 3413 694 3469 arbore
710 3420 740 3468 et
753 3431 867 3485 gemma
883 3414 914 3468 in
967 3417 998 3473 in
1022 3423 1163 3473 conventu
1186 3417 1313 3487 prolata:
1331 3434 1345 3466 s
1362 3416 1394 3470 bt
1417 3414 1495 3486 quod
1511 3413 1689 3485 proecipunm
1717 3410 1817 3478 habui,

66 3502 172 3556 eoucbe
195 3506 377 3556 maturescat.
395 3502 554 3556 Potuerunt
577 3508 674 3557 antem
690 3503 914 3574 Bambergeuses
968 3522 1001 3561 ac
1013 3506 1155 3577 meipsum
1171 3520 1236 3560 cnm
1250 3504 1336 3559 modo
1354 3501 1500 3574 acquisitis
1523 3519 1574 3557 seu
1589 3500 1768 3573 acquirendi,
1783 3499 1814 3554 iu

66 3590 91 3644 id
103 3604 224 3659 sperare
238 3592 267 3645 et
293 3589 395 3644 merite
410 3591 557 3661 apprecari
580 3596 639 3645 tam
660 3591 824 3662 insignibus
846 3609 913 3646 con·
968 3595 1138 3649 sacrificium
1155 3592 1229 3649 Patri
1256 3591 1386 3664 ingenito
1397 3593 1458 3661 jam
1484 3591 1593 3646 dudum
1615 3595 1723 3645 secreto
1739 3603 1817 3643 meo·

63 3679 188 3750 jugibus,
213 3694 339 3750 qnemm
364 3686 460 3733 rutum
484 3679 669 3734 confluentiae
692 3681 873 3750 ignorabant.
900 3702 909 3727 a
968 3683 1004 3738 tis
1019 3683 1149 3738 obtulit»
1166 3682 1246 3754 quid,
1261 3682 1391 3752 inquam,
1409 3679 1488 3734 aliod
1503 3679 1628 3733 innuunt
1652 3678 1737 3732 rerba
1758 3677 1816 3742 itte,

64 3768 175 3823 Addere
197 3766 373 3838 liceatquod
389 3767 514 3836 proxime
536 3767 709 3823 formulam
737 3768 769 3822 Ν.
800 3767 913 3822 ductori
967 3787 1054 3842 quem
1070 3775 1166 3826 votum
1178 3769 1323 3831 castitatis,
1345 3784 1403 3839 quo
1433 3766 1628 3821 sanctissimus
1649 3767 1819 3834 imperator,

66 3856 179 3925 peeilico
190 3855 269 3909 salus
295 3860 324 3910 et
346 3855 427 3910 ritae
445 3857 522 3911 lroud
537 3856 624 3911 dubie
640 3858 841 3927 praetereunda
864 3857 910 3925 sit,
964 3860 1045 3930 Juxta
1059 3858 1208 3913 consilinm
1217 3855 1483 3920 salvatorislrllottli.
1501 3870 1558 3918 rra,
1577 3857 1629 3922 inl,
1645 3873 1658 3905 s
1679 3869 1709 3906 se
1722 3852 1818 3923 ipsum

66 3945 171 4000 tarsus
187 3943 251 4014 ipso
276 3944 448 3998 exercitibus
475 3946 648 4015 imperante.
667 3946 713 4000 Sic
727 3949 846 4000 alteram
860 3962 912 4016 pro
966 3946 1096 4003 castravit
1107 3952 1226 4017 propter
1237 3958 1358 4014 regnum
1371 3944 1519 4005 coelorum,
1536 3945 1588 3995 -u
1600 3941 1816 3997 inclinationem

67 4034 113 4087 loei
121 4032 266 4103 Episcopo
277 4032 442 4102 etprimam
452 4048 504 4102 pro
518 4034 648 4090 Romano
661 4035 807 4103 Pontifice,
824 4050 911 4090 nemo
967 4035 1148 4108 relinquendi
1164 4035 1219 4089 sibi
1239 4033 1363 4088 similem
1379 4036 1443 4103 post
1467 4047 1507 4097 se,
1524 4031 1581 4086 lieo
1594 4029 1625 4085 in
1645 4029 1816 4084 sacriticium

68 4116 227 4171 decantatas
250 4118 435 4174 somniaverit
454 4122 591 4176 alterutra
612 4123 679 4178 sede
703 4128 829 4178 vacante.
855 4124 909 4177 llo·
966 4125 1080 4192 obtulit,
1098 4140 1202 4194 magno
1218 4122 1380 4178 Abrabamo
1398 4121 1428 4175 in
1451 4137 1486 4175 eo
1501 4119 1722 4190 comparandus,
1739 4118 1816 4189 quod

65 4202 201 4273 diemam,
230 4210 260 4262 et
286 4207 347 4277 jam
368 4211 411 4262 tot
438 4210 535 4264 saculi
574 4216 751 4266 constantem
781 4212 946 4299 Ecclesiae„
966 4215 1144 4286 isteparntns
1159 4211 1255 4276 luerit,
1272 4212 1403 4264 isaacum
1427 4209 1531 4275 tilium,
1559 4208 1614 4262 sibi
1629 4207 1742 4278 pridem
1765 4223 1815 4262 na·

65 4292 174 4360 praxim
198 4298 330 4350 consulet
357 4297 495 4366 liuderus,
519 4305 548 4353 et
575 4315 640 4370 quie
666 4300 711 4354 liic
744 4300 818 4355 dicta
844 4307 911 4355 sunt
966 4306 1039 4368 tom,
1052 4301 1214 4364 immolare,
1235 4299 1281 4353 hie
1295 4315 1362 4353 vero
1390 4314 1470 4370 spem
1493 4297 1545 4352 lilii
1560 4301 1589 4352 et
1609 4295 1732 4351 haeredis
1763 4295 1817 4350 sibi

67 4380 210 4436 remesime
224 4398 286 4438 esse
301 4385 464 4456 perspiciet.
964 4389 1111 4451 nascituri,
1126 4388 1228 4443 intima
1245 4388 1350 4442 mentis
1377 4386 1538 4452 devotione,
1562 4385 1707 4442 altissimo
1729 4383 1816 4439 sacri·

95 4472 139 4523 92.
167 4470 394 4527 Nnnbicboeret
418 4475 581 4541 Pultovius;
607 4476 655 4530 sed
679 4478 769 4531 altera
791 4493 909 4549 respon·
964 4477 1136 4532 beaverit?-

67 4555 140 4611 sione
154 4573 204 4611 sen
220 4564 391 4629 argumento
412 4560 498 4616 instat
513 4562 544 4617 in
571 4567 648 4618 tione
663 4565 796 4619 niodum:
815 4588 826 4613 ι
843 4565 910 4620 Siue
1000 4566 1043 4621 94.
1060 4565 1148 4619 Hasce
1172 4564 1355 4636 quaestiones,
1385 4562 1454 4618 satis
1468 4563 1596 4617 concisas
1624 4560 1814 4634 restringen-

67 4650 131 4699 nota
139 4645 312 4701 „notissimi
336 4650 602 4719 imprudentissimi
616 4652 825 4724 imperatoris»
841 4654 911 4722 (tinec
964 4656 1016 4720 tes,
1033 4653 1069 4707 ad
1094 4653 1239 4707 Koelerum
1255 4651 1400 4705 universas
1423 4650 1607 4716 remittimus,
1622 4655 1655 4704 ut
1667 4649 1698 4704 in
1712 4649 1813 4719 proxi·

66 4733 217 4802 praedicata
241 4750 308 4790 com
333 4737 505 4809 Gundlingio
534 4755 592 4794 non
626 4740 745 4809 negabit
771 4742 910 4809 lioelerus)
964 4743 1020 4795 mis
1036 4741 1163 4796 thesibus
1180 4741 1238 4793 suis
1265 4740 1407 4794 historicis
1430 4744 1496 4809 apta
1520 4754 1656 4808 responsa
1681 4736 1815 4808 suppedi-

67 4822 182 4876 ·ssseri
210 4827 469 4896 nonpotestquod
495 4844 530 4881 ex
549 4844 600 4882 suo
629 4829 764 4900 conjugio
780 4829 912 4900 genuerit
965 4835 1014 4885 tet.
1033 4831 1130 4901 Neque
1158 4834 1255 4884 mmeu
1271 4827 1317 4881 liic
1343 4827 1448 4882 desinit
1467 4827 1624 4892 retiarius,
1652 4825 1734 4894 cujus
1756 4824 1819 4878 baec

65 4912 163 4965 saltem
177 4910 278 4966 tiliam.
307 4913 354 4968 llel
370 4914 448 4968 enim
464 4916 543 4970 illam
571 4918 750 4988 genuitante
765 4918 908 4974 fundatio·
965 4917 1047 4972 tertia
1072 4916 1222 4988 responsio
1237 4920 1288 4970 est.
1313 4936 1327 4964 «
1344 4916 1372 4969 Si
1387 4916 1415 4970 S.
1445 4915 1582 4970 llenricus
1603 4912 1705 4982 gennit
1728 4911 1818 4966 lilia·

66 5013 128 5053 nem
149 4999 331 5072 episcopatus
346 5002 574 5075 bambergensis,
591 5005 634 5059 rel
653 5011 717 5076 post
732 5006 910 5062 illamrnen-
964 5007 1116 5061 etcurarit
1142 5021 1194 5077 pro
1219 5004 1397 5075 eapnblicas
1422 5004 1453 5058 in
1476 5002 1593 5058 ecclesia
1615 4998 1819 5069 bantbergensi

64 5087 215 5142 trumsine
243 5089 512 5159 notalmperatnris
539 5091 627 5145 asseri
649 5097 751 5161 potest.
767 5093 911 5163 imprimis
964 5094 1075 5149 institui
1091 5110 1198 5165 preces,
1220 5092 1262 5147 uti
1287 5093 1416 5147 Koelerns
1435 5106 1468 5145 ex
1497 5089 1615 5145 litaniis
1640 5087 1733 5142 citatis
1753 5103 1819 5158 pro·
1866 5127 1871 5135 .

64 5191 120 5229 non
135 5179 230 5247 potest
244 5175 301 5231 dici
313 5178 388 5248 quod
401 5178 534 5249 genuerit
546 5187 612 5234 ante
621 5180 828 5248 fundationem,
845 5197 911 5252 quae
964 5183 1033 5237 bare
1045 5183 1115 5235 velle
1131 5181 1254 5247 videtum
1267 5180 1414 5235 moraliter
1428 5176 1604 5246 impossibile
1623 5182 1667 5231 est
1687 5178 1816 5248 potuisse

63 5265 182 5337 contigit
196 5280 272 5320 anno
296 5282 321 5320 rr
337 5269 381 5322 vel
405 5285 441 5322 νη
457 5273 522 5339 post
549 5270 744 5325 millesimum.
761 5271 912 5342 Colligitur
964 5269 995 5324 in
1023 5270 1143 5333 mundo,
1173 5276 1202 5324 et
1220 5269 1364 5340 imprimis
1392 5266 1568 5336 bambergae,
1597 5265 1813 5338 persuasionem

63 5352 88 5408 id
116 5369 152 5409 ex
189 5355 360 5411 allocutione
384 5358 412 5412 S.
439 5357 564 5425 llenrici,
596 5374 684 5429 qnam
711 5360 742 5413 in
769 5364 910 5415 conventu
964 5359 1155 5414 universalem
1169 5358 1352 5423 invalescere,
1368 5356 1441 5411 sicot
1470 5354 1564 5426 reipsa
1577 5354 1707 5419 invaluit,
1737 5353 1814 5426 quod

64 5443 295 5509 inncolurtensi
311 5446 410 5500 habuit
424 5446 460 5502 ad
486 5448 514 5502 S.
533 5446 705 5518 Willigisum
722 5447 910 5519 archiepisco·
966 5447 1056 5502 sancti
1080 5447 1218 5503 ilenricus
1232 5450 1261 5500 et
1285 5442 1470 5514 cunegundis
1492 5443 1524 5497 in
1548 5461 1600 5514 sup
1629 5442 1816 5498 matrimonio

63 5546 131 5600 pom
156 5532 356 5606 llognntinam
371 5537 399 5588 et
425 5541 542 5611 caterua
556 5534 784 5612 archiepiscopos
807 5541 836 5592 et
850 5537 911 5608 epi·
968 5535 1135 5606 virginalem
1164 5533 1370 5589 continentiam
1401 5538 1539 5604 perpetuo
1567 5531 1752 5586 servaverint.
1785 5531 1813 5585 Si
