3878 6112
63 234 115 290 115
891 233 987 290 tuta.
1768 237 1817 297 113

60 352 201 409 familiari
231 367 239 408 a
265 351 348 422 cujus
375 349 429 407 riri
457 349 611 423 aliqualem
647 350 779 406 notitiam
804 349 950 424 proheta
969 349 1159 406 secendrrnta
1183 351 1266 407 Patre
1295 351 1451 419 luminum,
1479 353 1680 425 capacissimos
1700 353 1818 411 effectus

61 441 218 511 inscriptio
231 438 374 512 sepulchri
393 441 456 509 ejus
475 438 684 509 Bemhergaein
700 440 809 510 templu
833 454 915 510 paro·
970 454 1031 493 esse
1053 438 1229 494 crederetur.
1245 439 1319 494 tlara
1345 440 1406 495 heac
1429 442 1551 497 mutatio
1567 442 1596 498 in
1624 443 1758 506 reatibus,
1787 445 1816 500 iu

61 529 154 585 chiati
168 530 198 586 S.
212 527 333 594 Martini,
355 542 422 598 quse
434 526 500 581 talis
527 532 593 581 est:
621 527 914 583 «Revereudissimus
970 528 1150 593 moribus,in
1171 527 1330 594 famulitiis,
1357 529 1388 583 in
1415 529 1568 584 domestico
1594 531 1759 601 splendore,
1786 532 1816 586 iu

63 642 74 668 ι
99 619 129 673 13
146 617 260 674 Christo
280 617 363 673 Pater
380 631 413 670 ac
435 614 576 670 Dominus
591 615 751 671 fridericus
771 617 914 671 Fornerns
971 615 1135 687 quotidiana
1157 617 1423 680 conversationem
1450 618 1530 673 omni
1560 619 1741 690 negotiorum
1759 625 1815 675 tra·

63 729 74 755 ι
99 723 159 761 sac.
188 705 352 776 Theulugire
390 704 502 769 hoctor,
527 702 678 774 episcopus
711 704 912 772 Bahannensis,
969 703 1103 769 clatione,
1120 703 1255 758 omnihus
1283 705 1333 775 qui
1358 720 1423 759 eum
1448 706 1558 776 pridem
1578 713 1718 762 nouerant
1745 723 1817 779 pro-

61 814 77 846 a
98 795 299 865 suffraganeus
324 792 552 866 bambergensis,
568 808 600 846 ac
614 792 720 847 ibidem
738 793 768 848 in
779 791 913 862 spiritua·
969 791 1048 862 digio
1075 791 1179 846 similis
1202 793 1372 848 habebatur.
1402 793 1509 849 Exinde
1538 794 1665 850 innotuit
1688 795 1817 852 efficacia

62 907 77 932 ιι
99 884 179 939 tihus
194 882 321 938 llicarius
336 881 494 948 Generalis,
507 896 595 935 sacrae
622 882 758 937 Caesareae
786 882 913 952 dejesta·
968 878 1122 950 patrocinii
1136 880 1183 936 SS.
1209 881 1321 936 henrici
1344 882 1580 953 etCuuegundis,
1597 899 1724 955 qnorum
1752 885 1814 938 cul·

61 991 77 1026 a
101 973 134 1040 ti,
150 987 184 1027 ao
210 970 399 1029 serenissimo
424 969 548 1025 Burariae
564 970 633 1025 Daci
651 988 668 1023 a
691 969 829 1034 consiliis,
855 970 914 1025 inte
968 969 1009 1024 tui
1023 973 1053 1023 et
1064 968 1219 1024 imitationi
1245 974 1337 1025 totum
1368 969 1814 1042 sedabatvttastpsornmnou

63 1059 296 1132 «gr-itateritoe,
324 1058 386 1113 zelo
412 1058 571 1130 religionis,
601 1059 794 1128 legationibus
816 1058 913 1127 obitis,
968 1056 1062 1111 solnm
1078 1057 1190 1112 assidue
1205 1058 1360 1127 lectitabat,
1377 1059 1427 1113 sed
1452 1060 1539 1115 etism
1571 1061 1669 1116 ambas
1683 1078 1716 1118 ex
1739 1061 1813 1117 anti·

64 1170 78 1197 ι
99 1147 218 1204 consilii
237 1147 401 1220 prudentia,
417 1163 450 1201 ac
464 1145 614 1202 riaoverhi
632 1147 682 1202 Dei
695 1147 810 1218 eloquio
822 1147 914 1201 libris·
969 1161 1026 1217 quo
1041 1145 1137 1201 codice
1156 1161 1209 1202 ms.
1237 1147 1369 1216 ipsemet,
1385 1149 1545 1221 apographi
1570 1148 1684 1205 iunctus
1707 1151 1813 1220 cilicio,

64 1258 79 1284 ιι
99 1254 161 1309 que
178 1234 339 1292 sditisorbi
368 1235 523 1307 nolus,pie
544 1234 575 1290 in
605 1234 727 1290 Domino
753 1235 913 1291 oblitanuo
968 1250 1117 1288 mannsua
1131 1233 1289 1304 descripsit.

63 1351 77 1371 ιι
100 1323 400 1390 uncxxr,allecemh.
419 1345 434 1374 ιι
1003 1324 1046 1378 at.
1063 1346 1075 1372 ιι
1100 1323 1210 1377 Horum
1238 1327 1425 1394 patronorum
1454 1326 1591 1395 exemplis
1617 1325 1760 1395 incitatus,
1785 1334 1814 1384 et

100 1417 148 1468 31.
171 1433 185 1465 ιι
215 1412 285 1468 11313
313 1411 694 1484 elogiuconsonathistoria
718 1411 913 1483 manuscripta
967 1412 1064 1466 divino
1088 1411 1176 1466 fretus
1202 1410 1319 1479 auxilio,
1340 1427 1543 1483 opusprorsns
1572 1413 1703 1479 arduum,
1725 1421 1755 1471 et
1781 1417 1813 1471 in

63 1501 181 1573 collegii
194 1502 258 1558 Soc.
286 1501 353 1557 lesu
378 1500 544 1571 bambergae
563 1500 663 1555 eodem
686 1515 764 1554 anno
793 1516 911 1563 auum,
967 1499 1029 1555 istis
1045 1515 1141 1554 rerum
1173 1504 1397 1571 temporumque
1416 1501 1646 1567 circumstantiis,
1669 1507 1701 1558 nt
1727 1519 1811 1560 aum·

62 1591 112 1646 uhi
136 1591 216 1646 inter
236 1595 341 1645 cetera
361 1589 397 1644 de
416 1589 466 1643 illo
495 1588 621 1644 dicitur:
653 1608 667 1639 ιι
696 1588 744 1642 llir
767 1593 828 1643 erat
841 1587 911 1643 huni
932 1627 950 1682 Β
968 1588 1008 1641 mi
1027 1587 1113 1641 etiam
1130 1585 1181 1642 viri
1192 1587 1369 1657 judicabant,
1384 1589 1459 1644 iactu
1470 1589 1647 1661 impossihile
1661 1607 1811 1662 aggressus
1892 1630 1897 1637 -

63 1677 262 1731 «communis
285 1691 395 1741 amans,
410 1679 440 1729 et
462 1690 478 1728 a
501 1674 607 1730 vimnte
632 1673 793 1746 litterisque
815 1674 908 1746 pluri·
964 1677 1029 1743 tuit,
1047 1676 1156 1732 scilicet
1180 1677 1413 1733 reformationem
1432 1678 1559 1734 ecclesiae
1582 1681 1825 1754 bambergensis,¹

64 1779 179 1818 «mum
208 1761 464 1818 commendatus...
509 1762 564 1817 suh
597 1761 690 1817 infula
713 1763 802 1817 vitam
830 1761 910 1818 duxit
964 1781 1052 1836 quam
1085 1765 1204 1821 heresis
1229 1766 1320 1821 terme
1355 1771 1444 1822 totam
1471 1773 1660 1838 occupaverat
1684 1773 1712 1824 et
1736 1769 1811 1826 ioeda

65 1876 73 1900 ι
95 1851 306 1922 religiosam.»
330 1851 380 1905 llic
393 1850 483 1922 igitur
505 1849 708 1921 Sutlraganeus
734 1850 825 1906 edidit
838 1866 909 1921 opu·
963 1852 1215 1907 contaminaverat.
1235 1853 1305 1907 Nam
1322 1853 1352 1907 iu
1378 1853 1480 1926 primis
1493 1853 1523 1908 in
1552 1855 1616 1925 ipsa
1633 1855 1704 1910 urhe
1724 1857 1810 1912 Ram·

60 1941 172 1995 sculum
202 1939 250 1994 cui
271 1938 389 1994 titolum
421 1939 487 1994 tecit
517 1954 523 1994 :
555 1939 616 1994 noo
633 1941 743 2008 specula
770 1940 910 2009 Principis
963 1938 1096 2011 hergensi
1126 1943 1206 1994 tntus
1242 1946 1359 1996 senatus
1386 1941 1501 2006 civicus,
1535 1943 1657 2014 exceptis
1686 1943 1809 2011 duobus,

60 2030 247 2095 3331331331131,
275 2028 438 2083 eduorum
461 2027 723 2084 laudatissimorum
750 2028 910 2083 Praesnlnm
964 2027 1156 2082 Lutheranam
1171 2033 1276 2083 sectam
1297 2045 1355 2083 non
1376 2030 1468 2084 solum
1497 2030 1724 2100 pertinacissime
1746 2035 1809 2086 tne-

58 2133 90 2171 ac
117 2116 300 2187 Principum,
327 2116 446 2172 loannis
481 2115 625 2172 Godatridi
664 2132 741 2170 anno
785 2132 907 2183 uncxru,
963 2114 1059 2180 hatur,
1088 2117 1137 2170 sed
1155 2122 1183 2171 ct
1211 2117 1516 2189 praecipuisditiorum
1533 2119 1707 2189 optimatum
1723 2119 1811 2175 tutius

59 2220 122 2259 xxix
139 2201 331 2273 Deoamh.,et
359 2203 588 2274 Nythardiennu
623 2220 834 2271 antemnarum
852 2205 909 2259 lla-
962 2203 1302 2270 communitatisciaium,
1326 2205 1808 2280 numerocirciterquinquaginta.

59 2291 152 2347 oemh.
182 2292 315 2363 piissime
341 2291 540 2347 detunctorum
576 2292 661 2347 rebus
697 2292 833 2363 praeclare
859 2309 907 2362 ge·
963 2292 1190 2362 conjuraverant,
1216 2293 1290 2348 aelle
1310 2308 1339 2347 se
1368 2293 1462 2362 potius
1481 2308 1546 2348 cum
1569 2294 1652 2349 honis
1676 2296 1821 2372 omnihus·

60 2380 111 2435 stis
143 2380 328 2452 heroicisque
369 2379 523 2435 virtutihus
569 2380 752 2451 potissimum
786 2384 910 2437 contlala
962 2380 1141 2436 domicilium
1171 2380 1226 2435 3113
1246 2381 1411 2443 transterre.
1441 2398 1527 2454 quarn
1556 2398 1657 2436 manus
1683 2383 1761 2438 dare.
1778 2385 1809 2441 lu

58 2474 146 2541 atqua
163 2468 347 2536 concinnata,
363 2471 392 2522 et
418 2471 542 2540 quatuor
569 2467 756 2524 concionibus
779 2468 908 2524 tunebri-
962 2469 1027 2524 aliis
1052 2469 1197 2542 pleri-que
1225 2469 1379 2524 dioeceseos
1402 2467 1562 2524 civitatibus
1586 2475 1614 2524 et
1638 2470 1754 2542 oppidis
1775 2488 1810 2526 ne

10 2620 14 2625 ¹
60 2555 160 2611 husad
178 2571 339 2627 eorumque
354 2556 516 2626 sepulturas
535 2561 564 2611 et
574 2557 735 2628 exsequias,
745 2556 777 2612 in
791 2558 909 2613 ecclesia
962 2556 1064 2611 unicus
1078 2556 1195 2627 quidem
1214 2557 1377 2613 Catholicus
1391 2557 1460 2612 ciris
1476 2559 1683 2629 reperiebatur.
1700 2560 1809 2615 Nihilo·
1839 2546 1844 2555 ’

10 2704 15 2709 ,
61 2643 218 2699 cathedrali
248 2644 462 2714 bambergensi,
491 2644 592 2716 lingua
621 2647 772 2700 vernacula
791 2645 906 2711 habitis,
962 2644 1057 2700 minus
1084 2651 1115 2699 ut
1146 2643 1328 2716 imperialem
1358 2645 1433 2701 hanc
1463 2647 1622 2716 ecclesiam,
1644 2653 1808 2703 sauctorum

62 2732 147 2786 latine
176 2731 302 2801 scriptis,
328 2730 452 2801 publicae
473 2731 530 2787 luri
556 2737 585 2786 et
613 2732 768 2786 imitationi
791 2733 858 2787 data
881 2738 909 2787 et
963 2733 1077 2788 llenrici
1097 2737 1126 2786 et
1153 2733 1337 2804 Cuurgnndis
1364 2733 1491 2788 nobilem
1511 2733 1610 2799 tiliam,
1636 2751 1652 2789 e
1675 2736 1809 2806 luporum

10 2891 16 2898 .
63 2820 227 2888 evulgatae
244 2818 535 2887 i'ridaricol'erneru,
559 2823 611 2874 etc.
641 2820 816 2892 lngolstadii,
832 2820 908 2892 typis
962 2818 1091 2874 faucibus
1116 2819 1250 2891 eriperet,
1277 2826 1373 2890 pastor
1406 2821 1451 2875 hic
1482 2837 1539 2875 non
1566 2823 1662 2877 minus
1685 2823 1811 2895 prudeus

64 2906 192 2978 Gregorii
231 2905 356 2975 Huenlin,
385 2922 460 2962 anno
486 2907 589 2963 Christi
618 2924 748 2962 unciani.
780 2909 817 2962 Ex
855 2908 1049 2981 laochuam
1060 2908 1141 2963 tortis
1156 2909 1228 2962 nihil
1245 2908 1417 2963 intentatum
1429 2909 1556 2980 reliquit.
1812 2892 1817 2901 ’

10 3055 12 3059 ,
64 3002 177 3050 rumore
193 2994 343 3066 pleraque,
360 3010 426 3065 quae
440 2993 487 3049 bic
513 2995 709 3060 adducuntur,
740 2997 910 3068 deprompta
999 2999 1043 3052 33.
1067 2995 1234 3067 elieprins
1262 2997 1474 3051 communicata
1492 3015 1557 3052 cnm
1579 2998 1810 3054 turinianum-

10 3146 12 3154 Ι
65 3089 133 3138 sunt.
165 3083 239 3147 0333
267 3097 303 3136 ex
339 3080 403 3136 aliis
423 3082 551 3137 tontibus
571 3082 673 3137 hausta
698 3083 822 3146 inerant,
851 3085 910 3139 suis
964 3085 1349 3156 nornmlmparatore,cnm
1365 3085 1608 3141 Wilbelmollnce
1632 3086 1811 3156 bavar·iae,et

10 3234 22 3249 ,Ι
66 3171 129 3226 13313
156 3170 333 3226 indicantur.
363 3169 500 3225 Ordimur
526 3186 543 3224 a
567 3169 721 3241 Nythardn,
749 3170 801 3243 qni
827 3176 909 3225 aetate
963 3188 1028 3227 cnm
1043 3172 1192 3226 nonnullis
1211 3171 1275 3226 aliis
1302 3172 1469 3228 orthodoxis
1495 3173 1683 3244 Principibus,
1713 3191 1811 3229 33333

65 3261 138 3330 prior
150 3262 205 3314 ast.
963 3260 1121 3316 cathedrali
1136 3261 1273 3331 capitula,
1289 3261 1383 3331 primo
1400 3262 1530 3315 omniurn
1548 3263 1693 3317 ministros
1709 3263 1812 3318 Praedi-

10 3336 15 3343 ’
95 3345 409 3418 aa.«ttymsrdus,ex
423 3346 514 3401 nobili
536 3347 701 3402 Franouuiae
721 3347 856 3417 prosapia
875 3347 910 3403 de
963 3347 1251 3419 centes‚quiuescio
1277 3363 1401 3418 quorum
1430 3348 1623 3415 conniventia,
1651 3351 1812 3420 complures

63 3435 214 3507 ihungen,
230 3450 297 3489 cnm
321 3435 352 3490 in
378 3434 498 3489 ecclesia
512 3434 668 3489 cathedrali
691 3434 836 3505 llerbipoli
848 3435 908 3505 jam
968 3435 1187 3507 bambergensis
1200 3435 1318 3490 ditionis
1335 3436 1485 3506 parochias
1512 3443 1730 3507 occupaverant,
1756 3439 1813 3507 aje-

63 3523 161 3580 tuisset
184 3522 355 3594 perfunctus
389 3521 483 3577 3111313
514 3522 614 3578 decani
644 3525 673 3577 et
700 3521 788 3576 modo
813 3525 911 3592 ageret
964 3525 1013 3579 cit.
1033 3524 1141 3579 Deinde
1166 3529 1337 3595 potestatem
1365 3525 1494 3579 exercuit
1507 3534 1607 3579 contra
1620 3525 1813 3580 ludimoderu·

62 3612 192 3683 ejusdem
203 3610 330 3665 33313313
343 3609 544 3681 Prapositnm,
560 3610 657 3665 divino
675 3609 804 3677 consilio,
820 3610 910 3665 inter·
964 3619 1051 3680 tores,
1068 3602 1117 3683 qui
1134 3611 1175 3666 uti
1191 3611 1220 3666 in
1235 3612 1383 3683 plerisque
1395 3612 1558 3666 civitatibus
1573 3619 1601 3666 et
1626 3613 1741 3683 oppidis
1756 3613 1813 3668 hre-

62 3699 234 3754 cedentibus
252 3697 354 3769 utiqne
383 3697 430 3753 SS.
453 3697 575 3753 ilenrico
598 3703 627 3753 et
642 3698 830 3767 Cranegunde,
845 3695 909 3769 qui·
965 3701 1020 3754 resi
1036 3704 1118 3754 erant
1130 3699 1239 3767 inlecti,
1260 3700 1301 3753 ita
1323 3705 1352 3752 et
1374 3700 1496 3754 hareses
1511 3699 1608 3770 pneris
1623 3701 1810 3764 instillabant,

63 3788 113 3841 hus
127 3791 195 3841 erat
210 3785 376 3857 specialiter
392 3785 532 3852 addictus,
557 3785 742 3857 amplissimae
768 3785 911 3858 proeposi-
964 3804 1022 3859 qua
1054 3787 1171 3844 Lutheri
1212 3787 1417 3842 catechismum
1458 3788 1516 3841 iltis
1544 3789 1725 3856 inculcando,
1756 3805 1813 3861 qua

63 3881 133 3930 turae
148 3890 213 3930 suaa
238 3873 397 3930 residentia
413 3874 443 3928 in
465 3874 616 3945 postremis
636 3873 734 3928 hahita
757 3879 787 3928 et
808 3871 912 3928 valedi-
964 3876 1153 3932 cantiunculis
1190 3875 1226 3930 ah
1267 3875 1386 3930 ecclesia
1425 3876 1569 3930 catholica
1612 3877 1723 3946 rejectis
1764 3894 1814 3933 eos

62 3975 115 4029 eta,
135 3962 279 4018 translato
307 3960 465 4030 domicilio,
494 3961 683 4034 bambergam
709 3961 912 4032 commigravit
966 3964 1161 4034 depravando,
1187 3967 1216 4017 et
1239 3963 1303 4017 aliis
1329 3962 1504 4018 millenindis
1527 3979 1662 4034 perversa
1677 3965 1818 4033 dogmata

63 4051 163 4122 ibique
186 4050 312 4122 primam
328 4049 453 4121 junioris
479 4049 570 4104 instar
584 4049 712 4106 canonici
728 4049 910 4106 residentiam
965 4053 1134 4108 inserendo.
1168 4052 1223 4106 llos
1256 4051 1346 4122 igitur
1382 4057 1519 4124 tanquam
1547 4051 1675 4107 exitiales
1702 4052 1814 4109 floridae

64 4138 241 4209 suspicatus,
266 4134 325 4193 uno
348 4139 560 4210 propemodum
575 4138 734 4210 eodemque
757 4153 842 4201 anno,
858 4138 912 4193 de·
965 4139 1124 4213 juventutis
1142 4144 1326 4210 corruptores
1339 4140 1457 4206 amovit,
1470 4138 1563 4211 iisque
1571 4140 1731 4196 catholicos
1742 4141 1814 4196 suh·

62 4243 149 4282 curso
171 4225 348 4295 residentia,
379 4227 457 4298 quod
480 4232 591 4294 vocant,
613 4225 758 4294 tirocinio,
787 4227 911 4298 capitulo
970 4227 1089 4299 rogarit.
1119 4228 1242 4283 Ulterius
1257 4227 1360 4282 deinde
1384 4242 1562 4298 progressus,
1578 4228 1725 4299 praefectos
1750 4245 1812 4283 om·

63 4318 284 4381 annumeratus,
306 4313 478 4369 cathedralis
495 4314 621 4369 ecclesias
646 4315 771 4369 decanus
797 4314 912 4378 electus,
968 4332 1029 4384 nas,
1072 4320 1230 4387 questurus
1268 4331 1379 4380 omnes,
1403 4315 1515 4386 judices
1544 4318 1671 4370 locorum
1703 4331 1813 4383 omnes,

63 4404 121 4458 sita
142 4403 243 4458 iuncto
270 4403 396 4458 Ernesto·
410 4403 547 4471 Prmsnle,
563 4402 696 4460 unanimi
721 4402 913 4473 concapitula-
968 4406 1101 4458 scultetos
1126 4420 1236 4469 omnes,
1260 4404 1392 4458 consules
1406 4409 1435 4458 et
1458 4403 1561 4459 civicos
1579 4410 1725 4459 senatores
1752 4421 1814 4460 om·

64 4491 143 4546 rium
160 4489 343 4546 dominorum
353 4490 586 4560 eonsensu‚lsine
609 4490 757 4555 scrutinio,
777 4505 829 4561 per
854 4489 916 4559 Spi·
963 4486 1030 4557 nes,
1057 4491 1107 4562 qni
1134 4491 1288 4546 Catholicae
1308 4490 1443 4560 religioni
1470 4507 1574 4545 manos
1602 4491 1671 4546 dare
1694 4498 1724 4546 at
1751 4508 1814 4547 eam

63 4579 139 4634 ritus
152 4577 181 4634 S.
197 4577 431 4650 inspirationem,
446 4576 525 4634 omni
540 4579 649 4651 populo
662 4593 679 4634 a
691 4593 804 4632 summo
824 4593 915 4648 usque
969 4578 1097 4652 profiteri
1123 4579 1293 4647 abnuerent,
1309 4577 1370 4634 loco
1385 4578 1483 4645 mevit,
1500 4584 1529 4634 et
1542 4579 1613 4634 31133
1627 4595 1728 4635 eorum
1755 4581 1816 4635 rios

64 4667 100 4722 sd
122 4665 281 4722 minimum
303 4665 457 4738 jubilanta,
486 4666 636 4738 episcopus
662 4666 769 4721 electus
788 4664 843 4721 tuit
869 4680 916 4721 nv
969 4668 1122 4723 substituit.

64 4754 205 4811 lioremh.
218 4769 315 4809 annno
328 4770 421 4810 unxcr.
1007 4759 1050 4811 36.
1069 4779 1081 4806 ιι
1099 4751 1156 4811 1133
1169 4754 1258 4809 veluti
1278 4743 1419 4826 pratridio
1432 4755 1519 4809 totins
1535 4756 1672 4812 dramatis
1687 4756 1815 4827 praemis·

99 4846 176 4900 33.«
192 4843 236 4909 m,
250 4843 329 4913 quod
345 4843 451 4898 mirum
474 4843 538 4899 risu
565 4847 651 4915 atque
665 4842 775 4910 auditu,
797 4843 834 4897 ad
862 4841 916 4897 hoo
969 4859 1010 4910 so,
1024 4841 1240 4897 conversionem
1267 4841 1359 4912 ipsam
1375 4841 1553 4896 subditorum
1578 4842 1696 4912 provide
1723 4840 1817 4911 auspi-

65 4944 219 4986 summurn
233 4930 396 4985 animarum
412 4930 543 5002 regimen
566 4929 712 4986 ulserite
741 4930 914 5001 disponeret,
969 4935 1048 4985 catus
1061 4929 1124 4996 1311,
1137 4933 1175 4995 31,
1199 4927 1275 4983 inter
1285 4927 1452 4982 innumeras
1466 4927 1815 4998 libertinorumquereles,

64 5017 286 5091 quamprimum
312 5019 500 5090 hamburgum
529 5018 661 5082 accessit,
691 5024 800 5074 mutato
826 5019 915 5074 aeteri
970 5016 1222 5084 contradictiones,
1244 5014 1353 5085 turbas,
1393 5015 1556 5081 seditiones,
1592 5013 1815 5070 acatholicorum

64 5105 276 5163 canonicorum
306 5106 402 5161 minus
428 5106 546 5162 decente
566 5106 676 5172 habitu,
707 5111 735 5160 et
752 5105 831 5160 omui
857 5105 915 5176 pri·
970 5105 1135 5178 principum
1170 5103 1409 5159 comminationes
1444 5107 1473 5158 et
1509 5103 1731 5174 persecutiones,
1765 5119 1817 5176 par

64 5195 374 5250 stiuaconrarsatione
388 5195 657 5267 penitnsahdicata,
686 5195 727 5249 sic
754 5211 770 5249 a
795 5210 826 5249 aa
852 5193 916 5264 ipso
971 5195 1068 5267 plnres
1108 5191 1510 5262 annosiortiterproseculns
1538 5189 1603 5245 init.
1629 5190 1753 5247 Etcum
1780 5192 1817 5247 ad

63 5283 175 5340 distare
200 5282 296 5353 ooepit,
326 5287 369 5351 ut,
397 5284 527 5339 omnium
554 5289 717 5339 censuraet
739 5282 859 5355 judicio,
888 5283 916 5337 in
971 5280 1080 5353 grande
1104 5279 1159 5335 hoc
1182 5280 1319 5335 molimen
1346 5278 1445 5347 magni
1477 5282 1609 5348 sumptus
1633 5278 1817 5351 requireren-

65 5372 157 5428 alinm
171 5371 333 5440 homiuem,
348 5371 399 5444 qui
412 5372 569 5428 secundum
581 5373 671 5427 113333
687 5375 809 5439 creatus,
824 5375 917 5426 traus-
971 5373 1028 5437 tur,
1049 5384 1086 5423 ne
1111 5383 1214 5423 nervus
1229 5368 1270 5422 rei
1285 5368 1357 5422 hene
1372 5365 1507 5437 gerenda
1522 5365 1644 5435 deesset,
1671 5367 1818 5441 impensas

66 5461 143 5515 latus
157 5475 231 5525 esse,
260 5458 383 5528 ideoque
410 5459 568 5516 coelestium
600 5458 753 5524 donorum,
783 5473 846 5529 qne
867 5458 916 5513 de·
973 5457 1047 5512 circa
1073 5472 1155 5512 suam
1183 5471 1346 5527 personum,
1390 5470 1452 5509 raro
1475 5455 1617 5526 exemplo,
1642 5454 1817 5528 ubicumque
