<?xml version="1.0" encoding="UTF-8"?>
<!DOCTYPE html PUBLIC "-//W3C//DTD XHTML 1.0 Transitional//EN"
    "http://www.w3.org/TR/xhtml1/DTD/xhtml1-transitional.dtd">
<html xmlns="http://www.w3.org/1999/xhtml" xml:lang="en" lang="en">
 <head>
  <title>
</title>
<meta http-equiv="Content-Type" content="text/html;charset=utf-8" />
  <meta name='ocr-system' content='tesseract 3.04.00' />
  <meta name='ocr-capabilities' content='ocr_page ocr_carea ocr_par ocr_line ocrx_word'/>
</head>
<body>
  <div class='ocr_page' id='page_1' title='image "./patrologiaecurs17unkngoog_0177.png"; bbox 0 0 3878 6112; ppageno 0'>
   <div class='ocr_carea' id='block_1_1' title="bbox 571 316 1693 377">
    <p class='ocr_par' dir='ltr' id='par_1_1' title="bbox 571 316 1693 377">
     <span class='ocr_line' id='line_1_1' title="bbox 571 316 1693 377; baseline 0.002 -3"><span class='ocrx_word' id='word_1_1' title='bbox 571 316 767 374; x_wconf 66' lang='lat' dir='ltr'><strong>utriustri</strong></span> <span class='ocrx_word' id='word_1_2' title='bbox 786 316 1063 377; x_wconf 78' lang='lat' dir='ltr'><strong>sccnastasrlca.</strong></span> <span class='ocrx_word' id='word_1_3' title='bbox 1640 319 1693 376; x_wconf 69' lang='lat' dir='ltr'><strong>tid</strong></span> 
     </span>
    </p>
   </div>
   <div class='ocr_carea' id='block_1_2' title="bbox 70 433 1693 1045">
    <p class='ocr_par' dir='ltr' id='par_1_2' title="bbox 70 433 1313 501">
     <span class='ocr_line' id='line_1_2' title="bbox 70 433 1313 501; baseline 0.002 -10"><span class='ocrx_word' id='word_1_4' title='bbox 70 434 153 491; x_wconf 82' lang='lat' dir='ltr'><strong>rarius</strong></span> <span class='ocrx_word' id='word_1_5' title='bbox 176 433 380 501; x_wconf 86' lang='lat' dir='ltr'><strong>cancellarius,</strong></span> <span class='ocrx_word' id='word_1_6' title='bbox 411 434 447 489; x_wconf 90' lang='lat' dir='ltr'><strong>ad</strong></span> <span class='ocrx_word' id='word_1_7' title='bbox 485 434 577 490; x_wconf 85' lang='lat' dir='ltr'><strong>vicem</strong></span> <span class='ocrx_word' id='word_1_8' title='bbox 605 437 831 493; x_wconf 77' lang='lat' dir='ltr'><strong>Erchanbuldih</strong></span> <span class='ocrx_word' id='word_1_9' title='bbox 1221 439 1313 495; x_wconf 85' lang='lat' dir='ltr'><strong>cvrlt.</strong></span> 
     </span>
    </p>

    <p class='ocr_par' dir='ltr' id='par_1_3' title="bbox 70 523 1689 595">
     <span class='ocr_line' id='line_1_3' title="bbox 70 523 1689 595; baseline 0.007 -20"><span class='ocrx_word' id='word_1_10' title='bbox 70 524 152 595; x_wconf 69' lang='lat' dir='ltr'><strong>,scopi</strong></span> <span class='ocrx_word' id='word_1_11' title='bbox 167 528 196 577; x_wconf 89' lang='lat' dir='ltr'><strong>et</strong></span> <span class='ocrx_word' id='word_1_12' title='bbox 210 523 431 594; x_wconf 85' lang='lat' dir='ltr'><strong>archicapellani</strong></span> <span class='ocrx_word' id='word_1_13' title='bbox 440 525 605 595; x_wconf 83' lang='lat' dir='ltr'><strong>recognovi.</strong></span> <span class='ocrx_word' id='word_1_14' title='bbox 845 527 875 581; x_wconf 81' lang='lat' dir='ltr'><strong>S.</strong></span> <span class='ocrx_word' id='word_1_15' title='bbox 901 529 1032 583; x_wconf 83' lang='lat' dir='ltr'><strong>chrtcrs</strong></span> <span class='ocrx_word' id='word_1_16' title='bbox 1059 528 1184 583; x_wconf 79' lang='lat' dir='ltr'><strong>Ecclesia</strong></span> <span class='ocrx_word' id='word_1_17' title='bbox 1208 528 1407 583; x_wconf 83' lang='lat' dir='ltr'><strong>Paderboneast</strong></span> <span class='ocrx_word' id='word_1_18' title='bbox 1445 528 1585 585; x_wconf 77' lang='lat' dir='ltr'><strong><em>abbatiam</em></strong></span> <span class='ocrx_word' id='word_1_19' title='bbox 1616 530 1689 586; x_wconf 87' lang='lat' dir='ltr'><strong>Saet-</strong></span> 
     </span>
    </p>

    <p class='ocr_par' dir='ltr' id='par_1_4' title="bbox 70 612 1355 683">
     <span class='ocr_line' id='line_1_4' title="bbox 70 612 1355 683; baseline 0.002 -15"><span class='ocrx_word' id='word_1_20' title='bbox 70 628 180 668; x_wconf 88' lang='lat' dir='ltr'><strong>nanno</strong></span> <span class='ocrx_word' id='word_1_21' title='bbox 216 612 372 667; x_wconf 76' lang='lat' dir='ltr'><strong>Dominicae</strong></span> <span class='ocrx_word' id='word_1_22' title='bbox 402 612 608 667; x_wconf 86' lang='lat' dir='ltr'><strong>iucarnationis</strong></span> <span class='ocrx_word' id='word_1_23' title='bbox 639 616 717 683; x_wconf 80' lang='lat' dir='ltr'><strong>tote,</strong></span> <span class='ocrx_word' id='word_1_24' title='bbox 747 614 792 669; x_wconf 93' lang='lat' dir='ltr'><strong>in·</strong></span> <span class='ocrx_word' id='word_1_25' title='bbox 1190 616 1355 671; x_wconf 82' lang='lat' dir='ltr'><strong>dieedonat.</strong></span> 
     </span>
    </p>

    <p class='ocr_par' dir='ltr' id='par_1_5' title="bbox 85 702 1392 776">
     <span class='ocr_line' id='line_1_5' title="bbox 85 702 1392 776; baseline 0.003 -21"><span class='ocrx_word' id='word_1_26' title='bbox 85 719 103 755; x_wconf 87' lang='lat' dir='ltr'><strong>v</strong></span> <span class='ocrx_word' id='word_1_27' title='bbox 121 702 161 757; x_wconf 92' lang='lat' dir='ltr'><strong>ld.</strong></span> <span class='ocrx_word' id='word_1_28' title='bbox 184 703 260 770; x_wconf 82' lang='lat' dir='ltr'><strong>tan,</strong></span> <span class='ocrx_word' id='word_1_29' title='bbox 276 717 353 755; x_wconf 92' lang='lat' dir='ltr'><strong>auno</strong></span> <span class='ocrx_word' id='word_1_30' title='bbox 375 717 442 757; x_wconf 91' lang='lat' dir='ltr'><strong>vero</strong></span> <span class='ocrx_word' id='word_1_31' title='bbox 466 702 721 758; x_wconf 81' lang='lat' dir='ltr'><strong>liominilleinrici</strong></span> <span class='ocrx_word' id='word_1_32' title='bbox 748 719 790 758; x_wconf 91' lang='lat' dir='ltr'><strong>re·</strong></span> <span class='ocrx_word' id='word_1_33' title='bbox 1147 704 1240 775; x_wconf 77' lang='lat' dir='ltr'><strong>(Anno</strong></span> <span class='ocrx_word' id='word_1_34' title='bbox 1267 705 1392 776; x_wconf 87' lang='lat' dir='ltr'><strong>eodem.)</strong></span> 
     </span>
    </p>

    <p class='ocr_par' dir='ltr' id='par_1_6' title="bbox 71 790 1372 867">
     <span class='ocr_line' id='line_1_6' title="bbox 71 790 1372 867; baseline 0.003 -22"><span class='ocrx_word' id='word_1_35' title='bbox 71 806 138 856; x_wconf 86' lang='lat' dir='ltr'><strong>xvn,</strong></span> <span class='ocrx_word' id='word_1_36' title='bbox 151 790 264 862; x_wconf 87' lang='lat' dir='ltr'><strong>imperii</strong></span> <span class='ocrx_word' id='word_1_37' title='bbox 280 805 347 845; x_wconf 81' lang='lat' dir='ltr'><strong>vero</strong></span> <span class='ocrx_word' id='word_1_38' title='bbox 363 790 425 861; x_wconf 84' lang='lat' dir='ltr'><strong>eJ&#39;us</strong></span> <span class='ocrx_word' id='word_1_39' title='bbox 447 806 472 847; x_wconf 85' lang='lat' dir='ltr'><strong>r.</strong></span> <span class='ocrx_word' id='word_1_40' title='bbox 1166 793 1262 867; x_wconf 84' lang='lat' dir='ltr'><strong>[ibid.,</strong></span> <span class='ocrx_word' id='word_1_41' title='bbox 1274 811 1303 865; x_wconf 87' lang='lat' dir='ltr'><strong>p.</strong></span> <span class='ocrx_word' id='word_1_42' title='bbox 1314 793 1372 864; x_wconf 78' lang='lat' dir='ltr'><strong>ta]</strong></span> 
     </span>
    </p>

    <p class='ocr_par' dir='ltr' id='par_1_7' title="bbox 70 877 1693 1045">
     <span class='ocr_line' id='line_1_7' title="bbox 70 877 1693 952; baseline 0.002 -18"><span class='ocrx_word' id='word_1_43' title='bbox 70 878 270 950; x_wconf 84' lang='lat' dir='ltr'><strong>nChuolunge</strong></span> <span class='ocrx_word' id='word_1_44' title='bbox 286 877 416 934; x_wconf 87' lang='lat' dir='ltr'><strong>leliciter.</strong></span> <span class='ocrx_word' id='word_1_45' title='bbox 431 881 537 937; x_wconf 76' lang='lat' dir='ltr'><strong>Amen.</strong></span> <span class='ocrx_word' id='word_1_46' title='bbox 883 882 912 937; x_wconf 88' lang='lat' dir='ltr'><strong>C.</strong></span> <span class='ocrx_word' id='word_1_47' title='bbox 941 882 975 937; x_wconf 95' lang='lat' dir='ltr'><strong>ln</strong></span> <span class='ocrx_word' id='word_1_48' title='bbox 1001 881 1119 936; x_wconf 90' lang='lat' dir='ltr'><strong>nomine</strong></span> <span class='ocrx_word' id='word_1_49' title='bbox 1148 888 1253 936; x_wconf 78' lang='lat' dir='ltr'><strong>sanctia</strong></span> <span class='ocrx_word' id='word_1_50' title='bbox 1285 885 1314 935; x_wconf 88' lang='lat' dir='ltr'><strong>at</strong></span> <span class='ocrx_word' id='word_1_51' title='bbox 1340 881 1498 937; x_wconf 81' lang='lat' dir='ltr'><strong>individuas</strong></span> <span class='ocrx_word' id='word_1_52' title='bbox 1532 881 1693 952; x_wconf 81' lang='lat' dir='ltr'><strong>Trinitatis,</strong></span> 
     </span>
     <span class='ocr_line' id='line_1_8' title="bbox 335 969 1692 1045; baseline -0.01 -4"><span class='ocrx_word' id='word_1_53' title='bbox 335 986 413 1041; x_wconf 86' lang='lat' dir='ltr'>CVII.</span> <span class='ocrx_word' id='word_1_54' title='bbox 848 974 996 1028; x_wconf 85' lang='lat' dir='ltr'><strong>llarnmcus</strong></span> <span class='ocrx_word' id='word_1_55' title='bbox 1021 971 1071 1026; x_wconf 86' lang='lat' dir='ltr'><strong>Dei</strong></span> <span class='ocrx_word' id='word_1_56' title='bbox 1099 969 1192 1041; x_wconf 89' lang='lat' dir='ltr'><strong>gratia</strong></span> <span class='ocrx_word' id='word_1_57' title='bbox 1207 970 1403 1025; x_wconf 87' lang='lat' dir='ltr'><strong>Romanorum</strong></span> <span class='ocrx_word' id='word_1_58' title='bbox 1423 970 1581 1042; x_wconf 88' lang='lat' dir='ltr'><strong>imperator</strong></span> <span class='ocrx_word' id='word_1_59' title='bbox 1593 976 1692 1045; x_wconf 84' lang='lat' dir='ltr'><strong>Augu·</strong></span> 
     </span>
    </p>
   </div>
   <div class='ocr_carea' id='block_1_3' title="bbox 70 1063 918 1163">
    <p class='ocr_par' dir='ltr' id='par_1_8' title="bbox 70 1063 918 1163">
     <span class='ocr_line' id='line_1_9' title="bbox 70 1063 918 1163; baseline 0.004 -17"><span class='ocrx_word' id='word_1_60' title='bbox 70 1091 126 1146; x_wconf 76' lang='lat' dir='ltr'><strong>rici</strong></span> <span class='ocrx_word' id='word_1_61' title='bbox 151 1090 326 1162; x_wconf 76' lang='lat' dir='ltr'><strong>priuilegium</strong></span> <span class='ocrx_word' id='word_1_62' title='bbox 350 1105 400 1162; x_wconf 86' lang='lat' dir='ltr'><strong>pro</strong></span> <span class='ocrx_word' id='word_1_63' title='bbox 425 1091 545 1147; x_wconf 80' lang='lat' dir='ltr'><strong>Ecclesia</strong></span> <span class='ocrx_word' id='word_1_64' title='bbox 571 1092 795 1163; x_wconf 78' lang='lat' dir='ltr'><strong>llimiqardesor·</strong></span> <span class='ocrx_word' id='word_1_65' title='bbox 847 1063 918 1115; x_wconf 57' lang='lat'><strong>⁵²⁰⁵·</strong></span> 
     </span>
    </p>
   </div>
   <div class='ocr_carea' id='block_1_4' title="bbox 328 1146 1693 1233">
    <p class='ocr_par' dir='ltr' id='par_1_9' title="bbox 328 1146 1693 1233">
     <span class='ocr_line' id='line_1_10' title="bbox 328 1146 1693 1233; baseline 0.007 -38"><span class='ocrx_word' id='word_1_66' title='bbox 328 1178 415 1233; x_wconf 33' lang='lat' dir='ltr'><strong><em>demi·</em></strong></span> <span class='ocrx_word' id='word_1_67' title='bbox 883 1147 1023 1214; x_wconf 84' lang='lat' dir='ltr'><strong>Quoniam</strong></span> <span class='ocrx_word' id='word_1_68' title='bbox 1050 1146 1274 1218; x_wconf 75' lang='lat' dir='ltr'><strong>praedecessores</strong></span> <span class='ocrx_word' id='word_1_69' title='bbox 1298 1152 1507 1219; x_wconf 90' lang='lat' dir='ltr'><strong>nostrosreges</strong></span> <span class='ocrx_word' id='word_1_70' title='bbox 1533 1149 1577 1204; x_wconf 90' lang='lat' dir='ltr'><strong>vel</strong></span> <span class='ocrx_word' id='word_1_71' title='bbox 1604 1149 1693 1221; x_wconf 92' lang='lat' dir='ltr'><strong>impe·</strong></span> 
     </span>
    </p>
   </div>
   <div class='ocr_carea' id='block_1_5' title="bbox 69 1233 1698 5631">
    <p class='ocr_par' dir='ltr' id='par_1_10' title="bbox 848 1233 1695 1307">
     <span class='ocr_line' id='line_1_11' title="bbox 848 1233 1695 1307; baseline 0.001 -17"><span class='ocrx_word' id='word_1_72' title='bbox 848 1240 957 1290; x_wconf 89' lang='lat' dir='ltr'><strong>ratores</strong></span> <span class='ocrx_word' id='word_1_73' title='bbox 984 1241 1116 1306; x_wconf 91' lang='lat' dir='ltr'><strong>operatos</strong></span> <span class='ocrx_word' id='word_1_74' title='bbox 1142 1250 1203 1288; x_wconf 90' lang='lat' dir='ltr'><strong>esse</strong></span> <span class='ocrx_word' id='word_1_75' title='bbox 1230 1233 1259 1289; x_wconf 92' lang='lat' dir='ltr'><strong>in</strong></span> <span class='ocrx_word' id='word_1_76' title='bbox 1289 1251 1401 1288; x_wconf 88' lang='lat' dir='ltr'><strong>summo</strong></span> <span class='ocrx_word' id='word_1_77' title='bbox 1429 1236 1521 1306; x_wconf 85' lang='lat' dir='ltr'><strong>capite</strong></span> <span class='ocrx_word' id='word_1_78' title='bbox 1547 1237 1624 1307; x_wconf 89' lang='lat' dir='ltr'><strong>qnod</strong></span> <span class='ocrx_word' id='word_1_79' title='bbox 1653 1242 1695 1291; x_wconf 90' lang='lat' dir='ltr'><strong>est</strong></span> 
     </span>
    </p>

    <p class='ocr_par' dir='ltr' id='par_1_11' title="bbox 70 1283 1698 4842">
     <span class='ocr_line' id='line_1_12' title="bbox 210 1283 1694 1404; baseline 0.001 -26"><span class='ocrx_word' id='word_1_80' title='bbox 210 1393 215 1404; x_wconf 35' lang='grc' dir='ltr'>Ι</span> <span class='ocrx_word' id='word_1_81' title='bbox 271 1285 365 1403; x_wconf 40' lang='lat' dir='ltr'><strong>(Anni</strong></span> <span class='ocrx_word' id='word_1_82' title='bbox 381 1283 471 1356; x_wconf 55' lang='grc' dir='ltr'><strong>Μ’)</strong></span> <span class='ocrx_word' id='word_1_83' title='bbox 849 1323 976 1380; x_wconf 88' lang='lat' dir='ltr'><strong>Christus</strong></span> <span class='ocrx_word' id='word_1_84' title='bbox 990 1339 1048 1378; x_wconf 92' lang='lat' dir='ltr'><strong>non</strong></span> <span class='ocrx_word' id='word_1_85' title='bbox 1060 1324 1236 1394; x_wconf 79' lang='lat' dir='ltr'><strong>ignoramus,</strong></span> <span class='ocrx_word' id='word_1_86' title='bbox 1258 1338 1329 1393; x_wconf 91' lang='lat' dir='ltr'><strong>quos</strong></span> <span class='ocrx_word' id='word_1_87' title='bbox 1344 1324 1448 1377; x_wconf 90' lang='lat' dir='ltr'><strong>scimus</strong></span> <span class='ocrx_word' id='word_1_88' title='bbox 1463 1324 1492 1378; x_wconf 93' lang='lat' dir='ltr'><strong>in</strong></span> <span class='ocrx_word' id='word_1_89' title='bbox 1514 1324 1576 1393; x_wconf 85' lang='lat' dir='ltr'><strong>ejus</strong></span> <span class='ocrx_word' id='word_1_90' title='bbox 1599 1340 1694 1380; x_wconf 85' lang='lat' dir='ltr'><strong>manr-</strong></span> 
     </span>
     <span class='ocr_line' id='line_1_13' title="bbox 88 1388 1693 1483; baseline 0.001 -18"><span class='ocrx_word' id='word_1_91' title='bbox 88 1388 170 1465; x_wconf 45' lang='lat'><strong>[004</strong></span> <span class='ocrx_word' id='word_1_92' title='bbox 185 1391 297 1462; x_wconf 59' lang='lat' dir='ltr'><strong>dilim-</strong></span> <span class='ocrx_word' id='word_1_93' title='bbox 312 1393 382 1446; x_wconf 70' lang='lat' dir='ltr'><strong>fflii·</strong></span> <span class='ocrx_word' id='word_1_94' title='bbox 401 1390 534 1460; x_wconf 62' lang='lat' dir='ltr'><strong>Weiil’du</strong></span> <span class='ocrx_word' id='word_1_95' title='bbox 550 1407 579 1463; x_wconf 74' lang='lat' dir='ltr'><strong>l)-</strong></span> <span class='ocrx_word' id='word_1_96' title='bbox 595 1395 650 1460; x_wconf 61' lang='grc'><strong>771</strong></span> <span class='ocrx_word' id='word_1_97' title='bbox 847 1412 907 1468; x_wconf 91' lang='lat' dir='ltr'><strong>bris</strong></span> <span class='ocrx_word' id='word_1_98' title='bbox 921 1412 1074 1483; x_wconf 87' lang='lat' dir='ltr'><strong>perfidem</strong></span> <span class='ocrx_word' id='word_1_99' title='bbox 1090 1417 1223 1482; x_wconf 86' lang='lat' dir='ltr'><strong>operatos</strong></span> <span class='ocrx_word' id='word_1_100' title='bbox 1239 1410 1339 1466; x_wconf 90' lang='lat' dir='ltr'><strong>baberi</strong></span> <span class='ocrx_word' id='word_1_101' title='bbox 1363 1413 1576 1482; x_wconf 87' lang='lat' dir='ltr'><strong>augmentando</strong></span> <span class='ocrx_word' id='word_1_102' title='bbox 1604 1413 1693 1467; x_wconf 89' lang='lat' dir='ltr'><strong>eccle·</strong></span> 
     </span>
     <span class='ocr_line' id='line_1_14' title="bbox 70 1496 1694 1571; baseline 0.001 -19"><span class='ocrx_word' id='word_1_103' title='bbox 70 1496 266 1552; x_wconf 81' lang='lat' dir='ltr'><strong>minesancta</strong></span> <span class='ocrx_word' id='word_1_104' title='bbox 282 1501 309 1551; x_wconf 88' lang='lat' dir='ltr'><strong>et</strong></span> <span class='ocrx_word' id='word_1_105' title='bbox 324 1496 479 1551; x_wconf 80' lang='lat' dir='ltr'><strong>individuae</strong></span> <span class='ocrx_word' id='word_1_106' title='bbox 496 1497 652 1567; x_wconf 79' lang='lat' dir='ltr'><strong>Trinitatis,</strong></span> <span class='ocrx_word' id='word_1_107' title='bbox 677 1500 793 1554; x_wconf 85' lang='lat' dir='ltr'><strong>Hsvnnr·</strong></span> <span class='ocrx_word' id='word_1_108' title='bbox 849 1500 904 1554; x_wconf 89' lang='lat' dir='ltr'><strong>sias</strong></span> <span class='ocrx_word' id='word_1_109' title='bbox 927 1501 985 1555; x_wconf 85' lang='lat' dir='ltr'><strong>Deo</strong></span> <span class='ocrx_word' id='word_1_110' title='bbox 1011 1500 1055 1555; x_wconf 91' lang='lat' dir='ltr'><strong>vel</strong></span> <span class='ocrx_word' id='word_1_111' title='bbox 1078 1499 1184 1554; x_wconf 86' lang='lat' dir='ltr'><strong>sanctis</strong></span> <span class='ocrx_word' id='word_1_112' title='bbox 1209 1504 1341 1567; x_wconf 86' lang='lat' dir='ltr'><strong>sacratas,</strong></span> <span class='ocrx_word' id='word_1_113' title='bbox 1374 1503 1403 1553; x_wconf 88' lang='lat' dir='ltr'><strong>at</strong></span> <span class='ocrx_word' id='word_1_114' title='bbox 1431 1515 1483 1570; x_wconf 94' lang='lat' dir='ltr'><strong>pro</strong></span> <span class='ocrx_word' id='word_1_115' title='bbox 1511 1516 1544 1554; x_wconf 93' lang='lat' dir='ltr'><strong>ea</strong></span> <span class='ocrx_word' id='word_1_116' title='bbox 1569 1499 1632 1571; x_wconf 89' lang='lat' dir='ltr'><strong>ipsa</strong></span> <span class='ocrx_word' id='word_1_117' title='bbox 1663 1516 1694 1554; x_wconf 89' lang='lat' dir='ltr'><strong>re</strong></span> 
     </span>
     <span class='ocr_line' id='line_1_15' title="bbox 70 1585 1694 1659; baseline 0.001 -18"><span class='ocrx_word' id='word_1_118' title='bbox 70 1601 108 1641; x_wconf 88' lang='lat' dir='ltr'><strong>na</strong></span> <span class='ocrx_word' id='word_1_119' title='bbox 125 1586 238 1641; x_wconf 83' lang='lat' dir='ltr'><strong>lavante</strong></span> <span class='ocrx_word' id='word_1_120' title='bbox 251 1585 405 1639; x_wconf 85' lang='lat' dir='ltr'><strong>clementia</strong></span> <span class='ocrx_word' id='word_1_121' title='bbox 417 1585 612 1641; x_wconf 83' lang='lat' dir='ltr'><strong>Romanorum</strong></span> <span class='ocrx_word' id='word_1_122' title='bbox 637 1586 795 1658; x_wconf 91' lang='lat' dir='ltr'><strong>imperator</strong></span> <span class='ocrx_word' id='word_1_123' title='bbox 848 1595 964 1645; x_wconf 81' lang='lat' dir='ltr'><strong>aeternae</strong></span> <span class='ocrx_word' id='word_1_124' title='bbox 979 1588 1253 1659; x_wconf 82' lang='lat' dir='ltr'><strong>recompensationis</strong></span> <span class='ocrx_word' id='word_1_125' title='bbox 1268 1587 1388 1659; x_wconf 72' lang='lat' dir='ltr'><strong>praemia</strong></span> <span class='ocrx_word' id='word_1_126' title='bbox 1403 1586 1520 1659; x_wconf 89' lang='lat' dir='ltr'><strong>adeptos</strong></span> <span class='ocrx_word' id='word_1_127' title='bbox 1538 1588 1610 1654; x_wconf 85' lang='lat' dir='ltr'><strong>lore,</strong></span> <span class='ocrx_word' id='word_1_128' title='bbox 1635 1604 1694 1643; x_wconf 89' lang='lat' dir='ltr'><strong>non</strong></span> 
     </span>
     <span class='ocr_line' id='line_1_16' title="bbox 70 1676 1694 1770; baseline 0.001 -42"><span class='ocrx_word' id='word_1_129' title='bbox 70 1690 106 1730; x_wconf 87' lang='lat' dir='ltr'><strong>rs.</strong></span> <span class='ocrx_word' id='word_1_130' title='bbox 809 1715 830 1770; x_wconf 71' lang='lat' dir='ltr'>B</span> <span class='ocrx_word' id='word_1_131' title='bbox 850 1694 930 1733; x_wconf 89' lang='lat' dir='ltr'><strong>secus</strong></span> <span class='ocrx_word' id='word_1_132' title='bbox 943 1678 967 1732; x_wconf 92' lang='lat' dir='ltr'><strong>si</strong></span> <span class='ocrx_word' id='word_1_133' title='bbox 980 1683 1108 1733; x_wconf 82' lang='lat' dir='ltr'><strong>sanctam</strong></span> <span class='ocrx_word' id='word_1_134' title='bbox 1137 1676 1188 1732; x_wconf 80' lang='lat' dir='ltr'><strong>nei</strong></span> <span class='ocrx_word' id='word_1_135' title='bbox 1202 1676 1354 1732; x_wconf 87' lang='lat' dir='ltr'><strong>Ecclesiam</strong></span> <span class='ocrx_word' id='word_1_136' title='bbox 1370 1676 1405 1731; x_wconf 91' lang='lat' dir='ltr'><strong>ad</strong></span> <span class='ocrx_word' id='word_1_137' title='bbox 1426 1676 1567 1731; x_wconf 88' lang='lat' dir='ltr'><strong>honorem</strong></span> <span class='ocrx_word' id='word_1_138' title='bbox 1583 1680 1694 1731; x_wconf 90' lang='lat' dir='ltr'><strong>sancto·</strong></span> 
     </span>
     <span class='ocr_line' id='line_1_17' title="bbox 70 1761 1695 1836; baseline 0.001 -19"><span class='ocrx_word' id='word_1_139' title='bbox 70 1761 237 1817; x_wconf 81' lang='lat' dir='ltr'><strong>eclesiarum</strong></span> <span class='ocrx_word' id='word_1_140' title='bbox 252 1761 425 1817; x_wconf 76' lang='lat' dir='ltr'><strong>venerabilia</strong></span> <span class='ocrx_word' id='word_1_141' title='bbox 450 1762 541 1817; x_wconf 91' lang='lat' dir='ltr'><strong>lucaa</strong></span> <span class='ocrx_word' id='word_1_142' title='bbox 569 1764 793 1834; x_wconf 81' lang='lat' dir='ltr'><strong>nustrispraede·</strong></span> <span class='ocrx_word' id='word_1_143' title='bbox 849 1782 914 1822; x_wconf 89' lang='lat' dir='ltr'><strong>rum</strong></span> <span class='ocrx_word' id='word_1_144' title='bbox 951 1781 1069 1821; x_wconf 78' lang='lat' dir='ltr'><strong>suonam</strong></span> <span class='ocrx_word' id='word_1_145' title='bbox 1105 1781 1231 1821; x_wconf 89' lang='lat' dir='ltr'><strong>crescere</strong></span> <span class='ocrx_word' id='word_1_146' title='bbox 1258 1768 1287 1820; x_wconf 88' lang='lat' dir='ltr'><strong>et</strong></span> <span class='ocrx_word' id='word_1_147' title='bbox 1323 1763 1516 1836; x_wconf 88' lang='lat' dir='ltr'><strong>multiplicare</strong></span> <span class='ocrx_word' id='word_1_148' title='bbox 1542 1763 1624 1819; x_wconf 91' lang='lat' dir='ltr'><strong>donis</strong></span> <span class='ocrx_word' id='word_1_149' title='bbox 1650 1765 1695 1819; x_wconf 86' lang='lat' dir='ltr'><strong>rel</strong></span> 
     </span>
     <span class='ocr_line' id='line_1_18' title="bbox 70 1849 1695 1927; baseline 0.002 -23"><span class='ocrx_word' id='word_1_150' title='bbox 70 1867 107 1905; x_wconf 89' lang='lat' dir='ltr'><strong>us</strong></span> <span class='ocrx_word' id='word_1_151' title='bbox 133 1850 269 1905; x_wconf 89' lang='lat' dir='ltr'><strong>nobiliter</strong></span> <span class='ocrx_word' id='word_1_152' title='bbox 295 1849 414 1905; x_wconf 90' lang='lat' dir='ltr'><strong>adaucta</strong></span> <span class='ocrx_word' id='word_1_153' title='bbox 436 1856 469 1905; x_wconf 91' lang='lat' dir='ltr'><strong>ut</strong></span> <span class='ocrx_word' id='word_1_154' title='bbox 494 1851 591 1906; x_wconf 90' lang='lat' dir='ltr'><strong>insno</strong></span> <span class='ocrx_word' id='word_1_155' title='bbox 615 1853 712 1924; x_wconf 88' lang='lat' dir='ltr'><strong>vigore</strong></span> <span class='ocrx_word' id='word_1_156' title='bbox 727 1871 793 1925; x_wconf 89' lang='lat' dir='ltr'><strong>per·</strong></span> <span class='ocrx_word' id='word_1_157' title='bbox 847 1855 1011 1927; x_wconf 78' lang='lat' dir='ltr'><strong>augmentis</strong></span> <span class='ocrx_word' id='word_1_158' title='bbox 1038 1854 1242 1920; x_wconf 76' lang='lat' dir='ltr'><strong>studuerimus,</strong></span> <span class='ocrx_word' id='word_1_159' title='bbox 1272 1857 1420 1925; x_wconf 77' lang='lat' dir='ltr'><strong>perpetuae</strong></span> <span class='ocrx_word' id='word_1_160' title='bbox 1454 1851 1695 1907; x_wconf 76' lang='lat' dir='ltr'><strong>remunerationis</strong></span> 
     </span>
     <span class='ocr_line' id='line_1_19' title="bbox 85 1939 1696 2015; baseline 0 -20"><span class='ocrx_word' id='word_1_161' title='bbox 85 1943 186 1995; x_wconf 87' lang='lat' dir='ltr'><strong>nostra</strong></span> <span class='ocrx_word' id='word_1_162' title='bbox 218 1939 388 1993; x_wconf 84' lang='lat' dir='ltr'><strong>auctoritato</strong></span> <span class='ocrx_word' id='word_1_163' title='bbox 407 1940 560 2001; x_wconf 84' lang='lat' dir='ltr'><strong>sancimus,</strong></span> <span class='ocrx_word' id='word_1_164' title='bbox 598 1940 635 1996; x_wconf 93' lang='lat' dir='ltr'><strong>ah</strong></span> <span class='ocrx_word' id='word_1_165' title='bbox 660 1943 792 2015; x_wconf 92' lang='lat' dir='ltr'><strong>omnipo·</strong></span> <span class='ocrx_word' id='word_1_166' title='bbox 848 1945 1053 1999; x_wconf 77' lang='lat' dir='ltr'><strong>exsvltationem</strong></span> <span class='ocrx_word' id='word_1_167' title='bbox 1082 1959 1135 1997; x_wconf 89' lang='lat' dir='ltr'><strong>nos</strong></span> <span class='ocrx_word' id='word_1_168' title='bbox 1178 1942 1302 1997; x_wconf 89' lang='lat' dir='ltr'><strong>nancisci</strong></span> <span class='ocrx_word' id='word_1_169' title='bbox 1330 1957 1488 2013; x_wconf 88' lang='lat' dir='ltr'><strong>speramns.</strong></span> <span class='ocrx_word' id='word_1_170' title='bbox 1517 1941 1696 2013; x_wconf 82' lang='lat' dir='ltr'><strong>Quapropter</strong></span> 
     </span>
     <span class='ocr_line' id='line_1_20' title="bbox 70 2028 1694 2102; baseline 0.001 -20"><span class='ocrx_word' id='word_1_171' title='bbox 70 2043 111 2095; x_wconf 83' lang='lat' dir='ltr'><strong>eo,</strong></span> <span class='ocrx_word' id='word_1_172' title='bbox 128 2042 214 2099; x_wconf 89' lang='lat' dir='ltr'><strong>quem</strong></span> <span class='ocrx_word' id='word_1_173' title='bbox 231 2030 262 2082; x_wconf 94' lang='lat' dir='ltr'><strong>in</strong></span> <span class='ocrx_word' id='word_1_174' title='bbox 281 2028 339 2082; x_wconf 84' lang='lat' dir='ltr'><strong>suis</strong></span> <span class='ocrx_word' id='word_1_175' title='bbox 353 2028 457 2081; x_wconf 83' lang='lat' dir='ltr'><strong>sanctis</strong></span> <span class='ocrx_word' id='word_1_176' title='bbox 471 2028 654 2098; x_wconf 86' lang='lat' dir='ltr'><strong>honoramus,</strong></span> <span class='ocrx_word' id='word_1_177' title='bbox 679 2035 793 2086; x_wconf 79' lang='lat' dir='ltr'><strong>aeternm</strong></span> <span class='ocrx_word' id='word_1_178' title='bbox 847 2032 1003 2087; x_wconf 88' lang='lat' dir='ltr'><strong>universali</strong></span> <span class='ocrx_word' id='word_1_179' title='bbox 1015 2031 1146 2086; x_wconf 73' lang='lat' dir='ltr'><strong>Ecclesia</strong></span> <span class='ocrx_word' id='word_1_180' title='bbox 1167 2031 1303 2102; x_wconf 76' lang='lat' dir='ltr'><strong>prasenti</strong></span> <span class='ocrx_word' id='word_1_181' title='bbox 1317 2030 1449 2084; x_wconf 83' lang='lat' dir='ltr'><strong>videlicet</strong></span> <span class='ocrx_word' id='word_1_182' title='bbox 1461 2035 1490 2085; x_wconf 91' lang='lat' dir='ltr'><strong>et</strong></span> <span class='ocrx_word' id='word_1_183' title='bbox 1503 2030 1609 2086; x_wconf 81' lang='lat' dir='ltr'><strong>futurae</strong></span> <span class='ocrx_word' id='word_1_184' title='bbox 1634 2045 1694 2084; x_wconf 89' lang='lat' dir='ltr'><strong>ma·</strong></span> 
     </span>
     <span class='ocr_line' id='line_1_21' title="bbox 70 2115 1695 2190; baseline 0.002 -20"><span class='ocrx_word' id='word_1_185' title='bbox 70 2115 635 2186; x_wconf 82' lang='lat' dir='ltr'><strong>ionispraeminmreeiperefideliteret</strong></span> <span class='ocrx_word' id='word_1_186' title='bbox 657 2120 801 2174; x_wconf 86' lang='lat' dir='ltr'><strong>veraciter·</strong></span> <span class='ocrx_word' id='word_1_187' title='bbox 847 2121 984 2176; x_wconf 88' lang='lat' dir='ltr'><strong>nilestnm</strong></span> <span class='ocrx_word' id='word_1_188' title='bbox 1009 2125 1052 2176; x_wconf 86' lang='lat' dir='ltr'><strong>est</strong></span> <span class='ocrx_word' id='word_1_189' title='bbox 1081 2119 1207 2190; x_wconf 88' lang='lat' dir='ltr'><strong>optando</strong></span> <span class='ocrx_word' id='word_1_190' title='bbox 1232 2118 1430 2174; x_wconf 89' lang='lat' dir='ltr'><strong>desideramus</strong></span> <span class='ocrx_word' id='word_1_191' title='bbox 1458 2119 1581 2189; x_wconf 83' lang='lat' dir='ltr'><strong>qualiter</strong></span> <span class='ocrx_word' id='word_1_192' title='bbox 1607 2118 1695 2190; x_wconf 87' lang='lat' dir='ltr'><strong>ldegi·</strong></span> 
     </span>
     <span class='ocr_line' id='line_1_22' title="bbox 70 2203 1695 2278; baseline 0.002 -20"><span class='ocrx_word' id='word_1_193' title='bbox 70 2220 106 2259; x_wconf 87' lang='lat' dir='ltr'><strong>1s.</strong></span> <span class='ocrx_word' id='word_1_194' title='bbox 124 2203 261 2269; x_wconf 80' lang='lat' dir='ltr'><strong>Quocirca</strong></span> <span class='ocrx_word' id='word_1_195' title='bbox 277 2209 381 2258; x_wconf 73' lang='lat' dir='ltr'><strong>saneta</strong></span> <span class='ocrx_word' id='word_1_196' title='bbox 399 2204 448 2258; x_wconf 79' lang='lat' dir='ltr'><strong>lici</strong></span> <span class='ocrx_word' id='word_1_197' title='bbox 464 2205 589 2259; x_wconf 74' lang='lat' dir='ltr'><strong>ecclesiae</strong></span> <span class='ocrx_word' id='word_1_198' title='bbox 605 2206 793 2278; x_wconf 89' lang='lat' dir='ltr'><strong>omniumque</strong></span> <span class='ocrx_word' id='word_1_199' title='bbox 847 2209 995 2265; x_wconf 84' lang='lat' dir='ltr'><strong>nwerchus</strong></span> <span class='ocrx_word' id='word_1_200' title='bbox 1023 2206 1281 2263; x_wconf 74' lang='lat' dir='ltr'><strong>paterbrunnensis</strong></span> <span class='ocrx_word' id='word_1_201' title='bbox 1307 2207 1468 2277; x_wconf 89' lang='lat' dir='ltr'><strong>episcopus,</strong></span> <span class='ocrx_word' id='word_1_202' title='bbox 1497 2211 1604 2261; x_wconf 77' lang='lat' dir='ltr'><strong>nostras</strong></span> <span class='ocrx_word' id='word_1_203' title='bbox 1637 2207 1695 2262; x_wconf 93' lang='lat' dir='ltr'><strong>im·</strong></span> 
     </span>
     <span class='ocr_line' id='line_1_23' title="bbox 70 2292 1696 2370; baseline 0.001 -22"><span class='ocrx_word' id='word_1_204' title='bbox 70 2297 258 2347; x_wconf 76' lang='lat' dir='ltr'><strong>inostrornm</strong></span> <span class='ocrx_word' id='word_1_205' title='bbox 285 2292 469 2363; x_wconf 80' lang='lat' dir='ltr'><strong>praesentium</strong></span> <span class='ocrx_word' id='word_1_206' title='bbox 486 2293 657 2349; x_wconf 84' lang='lat' dir='ltr'><strong>videlicetet</strong></span> <span class='ocrx_word' id='word_1_207' title='bbox 681 2296 794 2353; x_wconf 88' lang='lat' dir='ltr'><strong>lutura·</strong></span> <span class='ocrx_word' id='word_1_208' title='bbox 848 2298 949 2370; x_wconf 88' lang='lat' dir='ltr'><strong>periali</strong></span> <span class='ocrx_word' id='word_1_209' title='bbox 976 2297 1151 2352; x_wconf 76' lang='lat' dir='ltr'><strong>excellentia</strong></span> <span class='ocrx_word' id='word_1_210' title='bbox 1177 2293 1387 2362; x_wconf 89' lang='lat' dir='ltr'><strong>dilectissimus,</strong></span> <span class='ocrx_word' id='word_1_211' title='bbox 1414 2293 1622 2349; x_wconf 85' lang='lat' dir='ltr'><strong>sublimitatem</strong></span> <span class='ocrx_word' id='word_1_212' title='bbox 1640 2310 1696 2349; x_wconf 91' lang='lat' dir='ltr'><strong>uo-</strong></span> 
     </span>
     <span class='ocr_line' id='line_1_24' title="bbox 70 2380 1697 2455; baseline 0.002 -20"><span class='ocrx_word' id='word_1_213' title='bbox 70 2380 209 2436; x_wconf 83' lang='lat' dir='ltr'><strong>u&#39;versitati</strong></span> <span class='ocrx_word' id='word_1_214' title='bbox 237 2380 369 2435; x_wconf 76' lang='lat' dir='ltr'><strong>nolumus</strong></span> <span class='ocrx_word' id='word_1_215' title='bbox 392 2386 487 2453; x_wconf 85' lang='lat' dir='ltr'><strong>pateat</strong></span> <span class='ocrx_word' id='word_1_216' title='bbox 502 2382 625 2452; x_wconf 87' lang='lat' dir='ltr'><strong>qualiter</strong></span> <span class='ocrx_word' id='word_1_217' title='bbox 652 2384 796 2439; x_wconf 84' lang='lat' dir='ltr'><strong>‘ilriederi-</strong></span> <span class='ocrx_word' id='word_1_218' title='bbox 849 2392 937 2441; x_wconf 89' lang='lat' dir='ltr'><strong>stram</strong></span> <span class='ocrx_word' id='word_1_219' title='bbox 982 2385 1125 2451; x_wconf 90' lang='lat' dir='ltr'><strong>convenit,</strong></span> <span class='ocrx_word' id='word_1_220' title='bbox 1169 2384 1317 2455; x_wconf 88' lang='lat' dir='ltr'><strong>postulans</strong></span> <span class='ocrx_word' id='word_1_221' title='bbox 1357 2383 1483 2437; x_wconf 78' lang='lat' dir='ltr'><strong>ecclesia</strong></span> <span class='ocrx_word' id='word_1_222' title='bbox 1522 2399 1581 2437; x_wconf 82' lang='lat' dir='ltr'><strong>suae</strong></span> <span class='ocrx_word' id='word_1_223' title='bbox 1608 2398 1697 2438; x_wconf 80' lang='lat' dir='ltr'><strong>nuens</strong></span> 
     </span>
     <span class='ocr_line' id='line_1_25' title="bbox 70 2469 1696 2543; baseline 0.001 -19"><span class='ocrx_word' id='word_1_224' title='bbox 70 2473 126 2525; x_wconf 62' lang='lat' dir='ltr'><strong>retra</strong></span> <span class='ocrx_word' id='word_1_225' title='bbox 142 2469 457 2541; x_wconf 85' lang='lat' dir='ltr'><strong>llimigardavordeusis</strong></span> <span class='ocrx_word' id='word_1_226' title='bbox 475 2471 601 2525; x_wconf 76' lang='lat' dir='ltr'><strong>ecclesiae</strong></span> <span class='ocrx_word' id='word_1_227' title='bbox 625 2473 795 2528; x_wconf 86' lang='lat' dir='ltr'><strong>venerahilis</strong></span> <span class='ocrx_word' id='word_1_228' title='bbox 848 2473 992 2530; x_wconf 86' lang='lat' dir='ltr'><strong>abbatiam</strong></span> <span class='ocrx_word' id='word_1_229' title='bbox 1018 2474 1141 2530; x_wconf 88' lang='lat' dir='ltr'><strong>Sceldice</strong></span> <span class='ocrx_word' id='word_1_230' title='bbox 1166 2478 1294 2527; x_wconf 88' lang='lat' dir='ltr'><strong>vocatam</strong></span> <span class='ocrx_word' id='word_1_231' title='bbox 1320 2471 1393 2538; x_wconf 91' lang='lat' dir='ltr'><strong>dari,</strong></span> <span class='ocrx_word' id='word_1_232' title='bbox 1429 2472 1511 2543; x_wconf 88' lang='lat' dir='ltr'><strong>cnjus</strong></span> <span class='ocrx_word' id='word_1_233' title='bbox 1553 2471 1696 2526; x_wconf 89' lang='lat' dir='ltr'><strong>continuis</strong></span> 
     </span>
     <span class='ocr_line' id='line_1_26' title="bbox 70 2552 1696 2633; baseline 0.001 -20"><span class='ocrx_word' id='word_1_234' title='bbox 70 2552 107 2624; x_wconf 83' lang='lat' dir='ltr'><strong>rs,</strong></span> <span class='ocrx_word' id='word_1_235' title='bbox 140 2562 246 2612; x_wconf 74' lang='lat' dir='ltr'><strong>nostrus</strong></span> <span class='ocrx_word' id='word_1_236' title='bbox 279 2557 449 2613; x_wconf 89' lang='lat' dir='ltr'><strong>celsitudine</strong></span> <span class='ocrx_word' id='word_1_237' title='bbox 487 2559 558 2614; x_wconf 90' lang='lat' dir='ltr'><strong>adiit</strong></span> <span class='ocrx_word' id='word_1_238' title='bbox 600 2561 793 2628; x_wconf 88' lang='lat' dir='ltr'><strong>elementiam,</strong></span> <span class='ocrx_word' id='word_1_239' title='bbox 848 2562 1036 2633; x_wconf 88' lang='lat' dir='ltr'><strong>petitionibus</strong></span> <span class='ocrx_word' id='word_1_240' title='bbox 1073 2579 1132 2617; x_wconf 90' lang='lat' dir='ltr'><strong>non</strong></span> <span class='ocrx_word' id='word_1_241' title='bbox 1172 2561 1317 2616; x_wconf 92' lang='lat' dir='ltr'><strong>immerito</strong></span> <span class='ocrx_word' id='word_1_242' title='bbox 1357 2561 1494 2627; x_wconf 81' lang='lat' dir='ltr'><strong>inventes,</strong></span> <span class='ocrx_word' id='word_1_243' title='bbox 1532 2560 1696 2615; x_wconf 87' lang='lat' dir='ltr'><strong>interventu</strong></span> 
     </span>
     <span class='ocr_line' id='line_1_27' title="bbox 70 2646 1696 2723; baseline 0.001 -22"><span class='ocrx_word' id='word_1_244' title='bbox 70 2651 94 2701; x_wconf 88' lang='lat' dir='ltr'><strong>rt</strong></span> <span class='ocrx_word' id='word_1_245' title='bbox 108 2661 167 2700; x_wconf 78' lang='lat' dir='ltr'><strong>sure</strong></span> <span class='ocrx_word' id='word_1_246' title='bbox 183 2646 310 2701; x_wconf 76' lang='lat' dir='ltr'><strong>ecclesia</strong></span> <span class='ocrx_word' id='word_1_247' title='bbox 325 2662 376 2717; x_wconf 91' lang='lat' dir='ltr'><strong>per</strong></span> <span class='ocrx_word' id='word_1_248' title='bbox 388 2647 477 2701; x_wconf 86' lang='lat' dir='ltr'><strong>nostri</strong></span> <span class='ocrx_word' id='word_1_249' title='bbox 491 2649 627 2718; x_wconf 74' lang='lat' dir='ltr'><strong>praecepti</strong></span> <span class='ocrx_word' id='word_1_250' title='bbox 653 2649 790 2720; x_wconf 88' lang='lat' dir='ltr'><strong>paginam</strong></span> <span class='ocrx_word' id='word_1_251' title='bbox 850 2651 1048 2723; x_wconf 74' lang='lat' dir='ltr'><strong>chunigunda</strong></span> <span class='ocrx_word' id='word_1_252' title='bbox 1065 2650 1255 2722; x_wconf 85' lang='lat' dir='ltr'><strong>imperatricis</strong></span> <span class='ocrx_word' id='word_1_253' title='bbox 1272 2654 1378 2703; x_wconf 80' lang='lat' dir='ltr'><strong>nostrae</strong></span> <span class='ocrx_word' id='word_1_254' title='bbox 1395 2649 1526 2703; x_wconf 83' lang='lat' dir='ltr'><strong>videlicet</strong></span> <span class='ocrx_word' id='word_1_255' title='bbox 1544 2648 1696 2704; x_wconf 86' lang='lat' dir='ltr'><strong>dileetissi-</strong></span> 
     </span>
     <span class='ocr_line' id='line_1_28' title="bbox 72 2734 1695 2812; baseline 0.002 -25"><span class='ocrx_word' id='word_1_256' title='bbox 72 2749 169 2788; x_wconf 85' lang='lat' dir='ltr'><strong>remus</strong></span> <span class='ocrx_word' id='word_1_257' title='bbox 195 2738 225 2788; x_wconf 91' lang='lat' dir='ltr'><strong>et</strong></span> <span class='ocrx_word' id='word_1_258' title='bbox 260 2734 498 2788; x_wconf 83' lang='lat' dir='ltr'><strong>confirmaremur</strong></span> <span class='ocrx_word' id='word_1_259' title='bbox 532 2750 620 2789; x_wconf 91' lang='lat' dir='ltr'><strong>unam</strong></span> <span class='ocrx_word' id='word_1_260' title='bbox 650 2736 794 2792; x_wconf 88' lang='lat' dir='ltr'><strong>abbatiam</strong></span> <span class='ocrx_word' id='word_1_261' title='bbox 849 2756 904 2795; x_wconf 83' lang='lat' dir='ltr'><strong>mae</strong></span> <span class='ocrx_word' id='word_1_262' title='bbox 923 2739 1063 2812; x_wconf 87' lang='lat' dir='ltr'><strong>conjugis,</strong></span> <span class='ocrx_word' id='word_1_263' title='bbox 1085 2740 1282 2810; x_wconf 88' lang='lat' dir='ltr'><strong>episcoporum</strong></span> <span class='ocrx_word' id='word_1_264' title='bbox 1299 2736 1695 2809; x_wconf 86' lang='lat' dir='ltr'><strong>quoqnchr·onis‚Unnani,</strong></span> 
     </span>
     <span class='ocr_line' id='line_1_29' title="bbox 70 2822 1696 2897; baseline 0.001 -19"><span class='ocrx_word' id='word_1_265' title='bbox 70 2822 288 2892; x_wconf 88' lang='lat' dir='ltr'><strong>nnuminetam,</strong></span> <span class='ocrx_word' id='word_1_266' title='bbox 306 2827 488 2894; x_wconf 89' lang='lat' dir='ltr'><strong>quamantea</strong></span> <span class='ocrx_word' id='word_1_267' title='bbox 514 2824 795 2897; x_wconf 85' lang='lat' dir='ltr'><strong>proelatallimigar·</strong></span> <span class='ocrx_word' id='word_1_268' title='bbox 848 2828 978 2896; x_wconf 75' lang='lat' dir='ltr'><strong>Arnoldi,</strong></span> <span class='ocrx_word' id='word_1_269' title='bbox 1009 2827 1132 2883; x_wconf 84' lang='lat' dir='ltr'><strong>ltietrici.</strong></span> <span class='ocrx_word' id='word_1_270' title='bbox 1158 2826 1315 2882; x_wconf 90' lang='lat' dir='ltr'><strong>lliltivvardi</strong></span> <span class='ocrx_word' id='word_1_271' title='bbox 1339 2831 1367 2880; x_wconf 89' lang='lat' dir='ltr'><strong>et</strong></span> <span class='ocrx_word' id='word_1_272' title='bbox 1393 2825 1477 2890; x_wconf 88' lang='lat' dir='ltr'><strong>Erici,</strong></span> <span class='ocrx_word' id='word_1_273' title='bbox 1507 2825 1696 2896; x_wconf 89' lang='lat' dir='ltr'><strong>optimatum-</strong></span> 
     </span>
     <span class='ocr_line' id='line_1_30' title="bbox 72 2910 1697 2988; baseline 0.001 -23"><span class='ocrx_word' id='word_1_274' title='bbox 72 2911 132 2965; x_wconf 90' lang='lat' dir='ltr'><strong>nsis</strong></span> <span class='ocrx_word' id='word_1_275' title='bbox 146 2912 263 2966; x_wconf 87' lang='lat' dir='ltr'><strong>eeclesia</strong></span> <span class='ocrx_word' id='word_1_276' title='bbox 277 2911 382 2966; x_wconf 90' lang='lat' dir='ltr'><strong>habere</strong></span> <span class='ocrx_word' id='word_1_277' title='bbox 398 2910 546 2966; x_wconf 89' lang='lat' dir='ltr'><strong>videbatur</strong></span> <span class='ocrx_word' id='word_1_278' title='bbox 556 2912 610 2966; x_wconf 88' lang='lat' dir='ltr'><strong>etsi</strong></span> <span class='ocrx_word' id='word_1_279' title='bbox 630 2914 690 2968; x_wconf 90' lang='lat' dir='ltr'><strong>sino</strong></span> <span class='ocrx_word' id='word_1_280' title='bbox 721 2915 793 2968; x_wconf 92' lang='lat' dir='ltr'><strong>scri·</strong></span> <span class='ocrx_word' id='word_1_281' title='bbox 849 2933 904 2988; x_wconf 90' lang='lat' dir='ltr'><strong>que</strong></span> <span class='ocrx_word' id='word_1_282' title='bbox 919 2916 1010 2972; x_wconf 88' lang='lat' dir='ltr'><strong>nostri</strong></span> <span class='ocrx_word' id='word_1_283' title='bbox 1028 2917 1122 2988; x_wconf 88' lang='lat' dir='ltr'><strong>regni,</strong></span> <span class='ocrx_word' id='word_1_284' title='bbox 1138 2915 1295 2971; x_wconf 86' lang='lat' dir='ltr'><strong>Pernhardi</strong></span> <span class='ocrx_word' id='word_1_285' title='bbox 1314 2914 1403 2982; x_wconf 86' lang='lat' dir='ltr'><strong>ducis,</strong></span> <span class='ocrx_word' id='word_1_286' title='bbox 1429 2913 1556 2984; x_wconf 87' lang='lat' dir='ltr'><strong>Sigilridi</strong></span> <span class='ocrx_word' id='word_1_287' title='bbox 1571 2913 1697 2981; x_wconf 89' lang='lat' dir='ltr'><strong>comilis,</strong></span> 
     </span>
     <span class='ocr_line' id='line_1_31' title="bbox 70 2992 1697 3076; baseline 0.001 -22"><span class='ocrx_word' id='word_1_288' title='bbox 70 3015 104 3056; x_wconf 75' lang='lat' dir='ltr'><strong>‚ru</strong></span> <span class='ocrx_word' id='word_1_289' title='bbox 125 3001 156 3055; x_wconf 92' lang='lat' dir='ltr'><strong>in</strong></span> <span class='ocrx_word' id='word_1_290' title='bbox 174 3016 248 3072; x_wconf 91' lang='lat' dir='ltr'><strong>pago</strong></span> <span class='ocrx_word' id='word_1_291' title='bbox 265 3001 349 3055; x_wconf 84' lang='lat' dir='ltr'><strong>Drcni</strong></span> <span class='ocrx_word' id='word_1_292' title='bbox 366 3017 397 3056; x_wconf 92' lang='lat' dir='ltr'><strong>ac</strong></span> <span class='ocrx_word' id='word_1_293' title='bbox 422 3000 453 3055; x_wconf 93' lang='lat' dir='ltr'><strong>in</strong></span> <span class='ocrx_word' id='word_1_294' title='bbox 472 3001 610 3056; x_wconf 88' lang='lat' dir='ltr'><strong>comitatu</strong></span> <span class='ocrx_word' id='word_1_295' title='bbox 626 3001 795 3057; x_wconf 84' lang='lat' dir='ltr'><strong>llerimanni</strong></span> <span class='ocrx_word' id='word_1_296' title='bbox 811 2992 831 3047; x_wconf 83' lang='lat' dir='ltr'>C</span> <span class='ocrx_word' id='word_1_297' title='bbox 850 3004 1018 3061; x_wconf 88' lang='lat' dir='ltr'><strong>Herimeuni</strong></span> <span class='ocrx_word' id='word_1_298' title='bbox 1034 3009 1062 3058; x_wconf 90' lang='lat' dir='ltr'><strong>et</strong></span> <span class='ocrx_word' id='word_1_299' title='bbox 1075 3003 1229 3076; x_wconf 87' lang='lat' dir='ltr'><strong>Eggihurdi</strong></span> <span class='ocrx_word' id='word_1_300' title='bbox 1243 3003 1357 3058; x_wconf 92' lang='lat' dir='ltr'><strong>consilii</strong></span> <span class='ocrx_word' id='word_1_301' title='bbox 1372 3003 1566 3057; x_wconf 85' lang='lat' dir='ltr'><strong>ventilatione.</strong></span> <span class='ocrx_word' id='word_1_302' title='bbox 1596 3018 1697 3073; x_wconf 89' lang='lat' dir='ltr'><strong>supre-</strong></span> 
     </span>
     <span class='ocr_line' id='line_1_32' title="bbox 86 3088 1693 3162; baseline 0 -18"><span class='ocrx_word' id='word_1_303' title='bbox 86 3088 174 3159; x_wconf 87' lang='lat' dir='ltr'><strong>anus</strong></span> <span class='ocrx_word' id='word_1_304' title='bbox 188 3089 379 3159; x_wconf 87' lang='lat' dir='ltr'><strong>peticionibus</strong></span> <span class='ocrx_word' id='word_1_305' title='bbox 393 3090 541 3160; x_wconf 84' lang='lat' dir='ltr'><strong>ntjustum</strong></span> <span class='ocrx_word' id='word_1_306' title='bbox 557 3093 600 3144; x_wconf 91' lang='lat' dir='ltr'><strong>est</strong></span> <span class='ocrx_word' id='word_1_307' title='bbox 623 3096 793 3157; x_wconf 85' lang='lat' dir='ltr'><strong>annuentes,</strong></span> <span class='ocrx_word' id='word_1_308' title='bbox 851 3093 953 3147; x_wconf 89' lang='lat' dir='ltr'><strong>dictam</strong></span> <span class='ocrx_word' id='word_1_309' title='bbox 969 3091 1112 3147; x_wconf 87' lang='lat' dir='ltr'><strong>abbatiam</strong></span> <span class='ocrx_word' id='word_1_310' title='bbox 1139 3091 1222 3146; x_wconf 89' lang='lat' dir='ltr'><strong>sitam</strong></span> <span class='ocrx_word' id='word_1_311' title='bbox 1242 3090 1272 3144; x_wconf 91' lang='lat' dir='ltr'><strong>in</strong></span> <span class='ocrx_word' id='word_1_312' title='bbox 1295 3106 1369 3162; x_wconf 87' lang='lat' dir='ltr'><strong>pago</strong></span> <span class='ocrx_word' id='word_1_313' title='bbox 1390 3092 1522 3161; x_wconf 88' lang='lat' dir='ltr'><strong>Wessega</strong></span> <span class='ocrx_word' id='word_1_314' title='bbox 1538 3096 1566 3145; x_wconf 83' lang='lat' dir='ltr'><strong>et</strong></span> <span class='ocrx_word' id='word_1_315' title='bbox 1592 3090 1622 3144; x_wconf 92' lang='lat' dir='ltr'><strong>in</strong></span> <span class='ocrx_word' id='word_1_316' title='bbox 1642 3107 1693 3144; x_wconf 88' lang='lat' dir='ltr'><strong>co-</strong></span> 
     </span>
     <span class='ocr_line' id='line_1_33' title="bbox 70 3177 1697 3250; baseline 0 -18"><span class='ocrx_word' id='word_1_317' title='bbox 70 3180 109 3232; x_wconf 81' lang='lat' dir='ltr'><strong>rtu</strong></span> <span class='ocrx_word' id='word_1_318' title='bbox 128 3177 213 3231; x_wconf 87' lang='lat' dir='ltr'><strong>etiam</strong></span> <span class='ocrx_word' id='word_1_319' title='bbox 229 3194 260 3231; x_wconf 89' lang='lat' dir='ltr'><strong>ac</strong></span> <span class='ocrx_word' id='word_1_320' title='bbox 270 3177 409 3247; x_wconf 89' lang='lat' dir='ltr'><strong>petitione</strong></span> <span class='ocrx_word' id='word_1_321' title='bbox 432 3177 608 3249; x_wconf 81' lang='lat' dir='ltr'><strong>Cunigundae</strong></span> <span class='ocrx_word' id='word_1_322' title='bbox 631 3177 795 3250; x_wconf 88' lang='lat' dir='ltr'><strong>imperatri·</strong></span> <span class='ocrx_word' id='word_1_323' title='bbox 850 3181 950 3236; x_wconf 89' lang='lat' dir='ltr'><strong>mitatu</strong></span> <span class='ocrx_word' id='word_1_324' title='bbox 966 3180 1100 3237; x_wconf 84' lang='lat' dir='ltr'><strong>Friderici</strong></span> <span class='ocrx_word' id='word_1_325' title='bbox 1117 3179 1229 3235; x_wconf 91' lang='lat' dir='ltr'><strong>comitis</strong></span> <span class='ocrx_word' id='word_1_326' title='bbox 1255 3179 1307 3234; x_wconf 91' lang='lat' dir='ltr'><strong>sibi</strong></span> <span class='ocrx_word' id='word_1_327' title='bbox 1324 3195 1376 3234; x_wconf 92' lang='lat' dir='ltr'><strong>nec</strong></span> <span class='ocrx_word' id='word_1_328' title='bbox 1399 3195 1457 3234; x_wconf 90' lang='lat' dir='ltr'><strong>non</strong></span> <span class='ocrx_word' id='word_1_329' title='bbox 1483 3195 1542 3233; x_wconf 81' lang='lat' dir='ltr'><strong>sum</strong></span> <span class='ocrx_word' id='word_1_330' title='bbox 1571 3178 1697 3233; x_wconf 78' lang='lat' dir='ltr'><strong>ecclesiia</strong></span> 
     </span>
     <span class='ocr_line' id='line_1_34' title="bbox 70 3265 1698 3339; baseline 0.002 -21"><span class='ocrx_word' id='word_1_331' title='bbox 70 3270 160 3336; x_wconf 76' lang='lat' dir='ltr'><strong>gusta</strong></span> <span class='ocrx_word' id='word_1_332' title='bbox 191 3271 354 3336; x_wconf 79' lang='lat' dir='ltr'><strong>nostraque</strong></span> <span class='ocrx_word' id='word_1_333' title='bbox 390 3265 557 3320; x_wconf 89' lang='lat' dir='ltr'><strong>contectalis</strong></span> <span class='ocrx_word' id='word_1_334' title='bbox 591 3266 794 3332; x_wconf 77' lang='lat' dir='ltr'><strong>dilectissima,</strong></span> <span class='ocrx_word' id='word_1_335' title='bbox 850 3268 1091 3324; x_wconf 72' lang='lat' dir='ltr'><strong>paterbrunnensi</strong></span> <span class='ocrx_word' id='word_1_336' title='bbox 1120 3268 1236 3339; x_wconf 88' lang='lat' dir='ltr'><strong>suisque</strong></span> <span class='ocrx_word' id='word_1_337' title='bbox 1264 3266 1475 3322; x_wconf 85' lang='lat' dir='ltr'><strong>successorihus</strong></span> <span class='ocrx_word' id='word_1_338' title='bbox 1495 3267 1574 3321; x_wconf 91' lang='lat' dir='ltr'><strong>omni</strong></span> <span class='ocrx_word' id='word_1_339' title='bbox 1599 3283 1698 3322; x_wconf 91' lang='lat' dir='ltr'><strong>conce·</strong></span> 
     </span>
     <span class='ocr_line' id='line_1_35' title="bbox 72 3353 1698 3428; baseline 0.001 -20"><span class='ocrx_word' id='word_1_340' title='bbox 72 3353 275 3426; x_wconf 87' lang='lat' dir='ltr'><strong>quelidelinm</strong></span> <span class='ocrx_word' id='word_1_341' title='bbox 297 3354 612 3426; x_wconf 89' lang='lat' dir='ltr'><strong>nostrorumqniinibi</strong></span> <span class='ocrx_word' id='word_1_342' title='bbox 640 3361 795 3426; x_wconf 76' lang='lat' dir='ltr'><strong>praesentes</strong></span> <span class='ocrx_word' id='word_1_343' title='bbox 851 3357 946 3412; x_wconf 91' lang='lat' dir='ltr'><strong>dimus</strong></span> <span class='ocrx_word' id='word_1_344' title='bbox 973 3359 1039 3428; x_wconf 90' lang='lat' dir='ltr'><strong>jure</strong></span> <span class='ocrx_word' id='word_1_345' title='bbox 1068 3357 1203 3428; x_wconf 73' lang='lat' dir='ltr'><strong>deinceps</strong></span> <span class='ocrx_word' id='word_1_346' title='bbox 1232 3355 1444 3427; x_wconf 85' lang='lat' dir='ltr'><strong>possidendam.</strong></span> <span class='ocrx_word' id='word_1_347' title='bbox 1474 3357 1510 3411; x_wconf 77' lang='lat' dir='ltr'><strong>lit</strong></span> <span class='ocrx_word' id='word_1_348' title='bbox 1537 3372 1603 3410; x_wconf 87' lang='lat' dir='ltr'><strong>vero</strong></span> <span class='ocrx_word' id='word_1_349' title='bbox 1636 3357 1698 3410; x_wconf 79' lang='lat' dir='ltr'><strong>brec</strong></span> 
     </span>
     <span class='ocr_line' id='line_1_36' title="bbox 70 3442 1693 3516; baseline 0 -19"><span class='ocrx_word' id='word_1_350' title='bbox 70 3484 74 3506; x_wconf 84' lang='grc'>,</span> <span class='ocrx_word' id='word_1_351' title='bbox 112 3442 266 3497; x_wconf 86' lang='lat' dir='ltr'><strong>Everlrardi</strong></span> <span class='ocrx_word' id='word_1_352' title='bbox 297 3443 541 3513; x_wconf 78' lang='lat' dir='ltr'><strong>bavenbergensis</strong></span> <span class='ocrx_word' id='word_1_353' title='bbox 577 3447 606 3498; x_wconf 87' lang='lat' dir='ltr'><strong>et</strong></span> <span class='ocrx_word' id='word_1_354' title='bbox 633 3444 795 3500; x_wconf 81' lang='lat' dir='ltr'><strong>bleinrrerlsi</strong></span> <span class='ocrx_word' id='word_1_355' title='bbox 850 3446 985 3516; x_wconf 70' lang='lat' dir='ltr'><strong>precepti</strong></span> <span class='ocrx_word' id='word_1_356' title='bbox 1013 3446 1119 3516; x_wconf 89' lang='lat' dir='ltr'><strong>pagina</strong></span> <span class='ocrx_word' id='word_1_357' title='bbox 1147 3443 1257 3498; x_wconf 89' lang='lat' dir='ltr'><strong>stabilis</strong></span> <span class='ocrx_word' id='word_1_358' title='bbox 1285 3448 1315 3498; x_wconf 91' lang='lat' dir='ltr'><strong>et</strong></span> <span class='ocrx_word' id='word_1_359' title='bbox 1338 3442 1501 3499; x_wconf 88' lang='lat' dir='ltr'><strong>inconvulsa</strong></span> <span class='ocrx_word' id='word_1_360' title='bbox 1523 3443 1627 3498; x_wconf 87' lang='lat' dir='ltr'><strong>lutaris</strong></span> <span class='ocrx_word' id='word_1_361' title='bbox 1649 3444 1693 3498; x_wconf 88' lang='lat' dir='ltr'><strong>vel</strong></span> 
     </span>
     <span class='ocr_line' id='line_1_37' title="bbox 70 3530 1697 3607; baseline 0.001 -22"><span class='ocrx_word' id='word_1_362' title='bbox 70 3530 214 3599; x_wconf 85' lang='lat' dir='ltr'><strong>unnensis,</strong></span> <span class='ocrx_word' id='word_1_363' title='bbox 244 3530 393 3586; x_wconf 75' lang='lat' dir='ltr'><strong>adalboldi</strong></span> <span class='ocrx_word' id='word_1_364' title='bbox 428 3532 615 3602; x_wconf 79' lang='lat' dir='ltr'><strong>&#39;trajectensis</strong></span> <span class='ocrx_word' id='word_1_365' title='bbox 643 3533 794 3605; x_wconf 85' lang='lat' dir='ltr'><strong>episcopo·</strong></span> <span class='ocrx_word' id='word_1_366' title='bbox 850 3533 1039 3607; x_wconf 75' lang='lat' dir='ltr'><strong>praesentibus</strong></span> <span class='ocrx_word' id='word_1_367' title='bbox 1050 3532 1229 3604; x_wconf 88' lang='lat' dir='ltr'><strong>temporibus</strong></span> <span class='ocrx_word' id='word_1_368' title='bbox 1254 3548 1424 3603; x_wconf 88' lang='lat' dir='ltr'><strong>permanere</strong></span> <span class='ocrx_word' id='word_1_369' title='bbox 1452 3532 1554 3595; x_wconf 78' lang='lat' dir='ltr'><strong>valeat.</strong></span> <span class='ocrx_word' id='word_1_370' title='bbox 1572 3533 1697 3604; x_wconf 76' lang='lat' dir='ltr'><strong>propria</strong></span> 
     </span>
     <span class='ocr_line' id='line_1_38' title="bbox 70 3617 1690 3693; baseline 0.001 -21"><span class='ocrx_word' id='word_1_371' title='bbox 70 3617 182 3690; x_wconf 83' lang='lat' dir='ltr'><strong>reisque</strong></span> <span class='ocrx_word' id='word_1_372' title='bbox 202 3618 361 3685; x_wconf 85' lang='lat' dir='ltr'><strong>Godeiridi;</strong></span> <span class='ocrx_word' id='word_1_373' title='bbox 385 3620 527 3689; x_wconf 87' lang='lat' dir='ltr'><strong>perhanc</strong></span> <span class='ocrx_word' id='word_1_374' title='bbox 550 3621 642 3675; x_wconf 88' lang='lat' dir='ltr'><strong>nostri</strong></span> <span class='ocrx_word' id='word_1_375' title='bbox 658 3621 795 3693; x_wconf 80' lang='lat' dir='ltr'><strong>praecepti</strong></span> <span class='ocrx_word' id='word_1_376' title='bbox 851 3638 953 3677; x_wconf 89' lang='lat' dir='ltr'><strong>munus</strong></span> <span class='ocrx_word' id='word_1_377' title='bbox 967 3620 1098 3676; x_wconf 88' lang='lat' dir='ltr'><strong>cautione</strong></span> <span class='ocrx_word' id='word_1_378' title='bbox 1114 3620 1274 3684; x_wconf 86' lang='lat' dir='ltr'><strong>firmamus,</strong></span> <span class='ocrx_word' id='word_1_379' title='bbox 1290 3623 1319 3673; x_wconf 88' lang='lat' dir='ltr'><strong>et</strong></span> <span class='ocrx_word' id='word_1_380' title='bbox 1332 3619 1423 3674; x_wconf 91' lang='lat' dir='ltr'><strong>nostri</strong></span> <span class='ocrx_word' id='word_1_381' title='bbox 1450 3620 1540 3691; x_wconf 87' lang='lat' dir='ltr'><strong>sigilli</strong></span> <span class='ocrx_word' id='word_1_382' title='bbox 1569 3620 1690 3693; x_wconf 92' lang='lat' dir='ltr'><strong>impres-</strong></span> 
     </span>
     <span class='ocr_line' id='line_1_39' title="bbox 70 3706 1479 3781; baseline 0 -19"><span class='ocrx_word' id='word_1_383' title='bbox 70 3721 95 3773; x_wconf 86' lang='lat' dir='ltr'><strong>n,</strong></span> <span class='ocrx_word' id='word_1_384' title='bbox 105 3706 263 3777; x_wconf 78' lang='lat' dir='ltr'><strong>praelibatae</strong></span> <span class='ocrx_word' id='word_1_385' title='bbox 279 3707 339 3761; x_wconf 88' lang='lat' dir='ltr'><strong>sedi</strong></span> <span class='ocrx_word' id='word_1_386' title='bbox 357 3706 512 3778; x_wconf 90' lang='lat' dir='ltr'><strong>episcopali</strong></span> <span class='ocrx_word' id='word_1_387' title='bbox 540 3709 653 3780; x_wconf 87' lang='lat' dir='ltr'><strong>sibique</strong></span> <span class='ocrx_word' id='word_1_388' title='bbox 679 3710 795 3781; x_wconf 90' lang='lat' dir='ltr'><strong>suisque</strong></span> <span class='ocrx_word' id='word_1_389' title='bbox 851 3709 931 3765; x_wconf 89' lang='lat' dir='ltr'><strong>sione</strong></span> <span class='ocrx_word' id='word_1_390' title='bbox 942 3713 1035 3763; x_wconf 88' lang='lat' dir='ltr'><strong>ratum</strong></span> <span class='ocrx_word' id='word_1_391' title='bbox 1050 3707 1186 3761; x_wconf 89' lang='lat' dir='ltr'><strong>ducentes</strong></span> <span class='ocrx_word' id='word_1_392' title='bbox 1198 3706 1307 3775; x_wconf 89' lang='lat' dir='ltr'><strong>signari</strong></span> <span class='ocrx_word' id='word_1_393' title='bbox 1328 3707 1479 3776; x_wconf 87' lang='lat' dir='ltr'><strong>jussimus.</strong></span> 
     </span>
     <span class='ocr_line' id='line_1_40' title="bbox 70 3794 1697 3865; baseline 0.001 -16"><span class='ocrx_word' id='word_1_394' title='bbox 70 3794 160 3850; x_wconf 80' lang='lat' dir='ltr'><strong>vribus</strong></span> <span class='ocrx_word' id='word_1_395' title='bbox 188 3795 217 3849; x_wconf 93' lang='lat' dir='ltr'><strong>in</strong></span> <span class='ocrx_word' id='word_1_396' title='bbox 233 3799 404 3865; x_wconf 89' lang='lat' dir='ltr'><strong>perpetuum</strong></span> <span class='ocrx_word' id='word_1_397' title='bbox 427 3795 631 3851; x_wconf 89' lang='lat' dir='ltr'><strong>confirmamus</strong></span> <span class='ocrx_word' id='word_1_398' title='bbox 655 3802 684 3851; x_wconf 89' lang='lat' dir='ltr'><strong>et</strong></span> <span class='ocrx_word' id='word_1_399' title='bbox 702 3813 796 3853; x_wconf 78' lang='lat' dir='ltr'><strong>curro</strong></span> <span class='ocrx_word' id='word_1_400' title='bbox 884 3798 1001 3865; x_wconf 79' lang='lat' dir='ltr'><strong>Siquam</strong></span> <span class='ocrx_word' id='word_1_401' title='bbox 1027 3795 1120 3849; x_wconf 80' lang='lat' dir='ltr'><strong>domni</strong></span> <span class='ocrx_word' id='word_1_402' title='bbox 1144 3797 1267 3850; x_wconf 82' lang='lat' dir='ltr'><strong>Hetartat</strong></span> <span class='ocrx_word' id='word_1_403' title='bbox 1287 3796 1454 3848; x_wconf 81' lang='lat' dir='ltr'><strong>scrmtssimt</strong></span> <span class='ocrx_word' id='word_1_404' title='bbox 1472 3795 1514 3862; x_wconf 89' lang='lat' dir='ltr'><strong>(L.</strong></span> <span class='ocrx_word' id='word_1_405' title='bbox 1531 3795 1576 3864; x_wconf 87' lang='lat' dir='ltr'><strong>ld.)</strong></span> <span class='ocrx_word' id='word_1_406' title='bbox 1605 3800 1631 3851; x_wconf 89' lang='lat' dir='ltr'><strong>et</strong></span> <span class='ocrx_word' id='word_1_407' title='bbox 1653 3798 1697 3850; x_wconf 86' lang='lat' dir='ltr'><strong>iu·</strong></span> 
     </span>
     <span class='ocr_line' id='line_1_41' title="bbox 70 3882 1189 3953; baseline 0 -17"><span class='ocrx_word' id='word_1_408' title='bbox 70 3898 95 3950; x_wconf 89' lang='lat' dir='ltr'><strong>s,</strong></span> <span class='ocrx_word' id='word_1_409' title='bbox 115 3883 192 3937; x_wconf 89' lang='lat' dir='ltr'><strong>utin</strong></span> <span class='ocrx_word' id='word_1_410' title='bbox 213 3883 381 3953; x_wconf 73' lang='lat' dir='ltr'><strong>prescripto</strong></span> <span class='ocrx_word' id='word_1_411' title='bbox 396 3882 458 3937; x_wconf 89' lang='lat' dir='ltr'><strong>loco</strong></span> <span class='ocrx_word' id='word_1_412' title='bbox 477 3882 612 3938; x_wconf 88' lang='lat' dir='ltr'><strong>Liesbern</strong></span> <span class='ocrx_word' id='word_1_413' title='bbox 637 3883 713 3939; x_wconf 91' lang='lat' dir='ltr'><strong>dicto</strong></span> <span class='ocrx_word' id='word_1_414' title='bbox 741 3901 797 3940; x_wconf 87' lang='lat' dir='ltr'><strong>no-</strong></span> <span class='ocrx_word' id='word_1_415' title='bbox 850 3886 994 3942; x_wconf 85' lang='lat' dir='ltr'><strong>oietv&#39;ssimi</strong></span> <span class='ocrx_word' id='word_1_416' title='bbox 1006 3886 1189 3953; x_wconf 86' lang='lat' dir='ltr'><strong>imperatoris.</strong></span> 
     </span>
     <span class='ocr_line' id='line_1_42' title="bbox 70 3969 1697 4041; baseline 0 -15"><span class='ocrx_word' id='word_1_417' title='bbox 70 3970 181 4041; x_wconf 68' lang='lat' dir='ltr'><strong>speciali</strong></span> <span class='ocrx_word' id='word_1_418' title='bbox 207 3971 375 4026; x_wconf 88' lang='lat' dir='ltr'><strong>auctoritate</strong></span> <span class='ocrx_word' id='word_1_419' title='bbox 396 3971 500 4026; x_wconf 89' lang='lat' dir='ltr'><strong>dehinc</strong></span> <span class='ocrx_word' id='word_1_420' title='bbox 528 3972 648 4027; x_wconf 89' lang='lat' dir='ltr'><strong>liberam</strong></span> <span class='ocrx_word' id='word_1_421' title='bbox 671 3972 797 4029; x_wconf 87' lang='lat' dir='ltr'><strong>habeant</strong></span> <span class='ocrx_word' id='word_1_422' title='bbox 886 3973 1060 4030; x_wconf 86' lang='lat' dir='ltr'><strong>Guntberius</strong></span> <span class='ocrx_word' id='word_1_423' title='bbox 1085 3969 1270 4026; x_wconf 88' lang='lat' dir='ltr'><strong>cancellarius</strong></span> <span class='ocrx_word' id='word_1_424' title='bbox 1300 3969 1360 4025; x_wconf 90' lang='lat' dir='ltr'><strong>ricc</strong></span> <span class='ocrx_word' id='word_1_425' title='bbox 1390 3970 1578 4027; x_wconf 83' lang='lat' dir='ltr'><strong>liccbeuhaldi</strong></span> <span class='ocrx_word' id='word_1_426' title='bbox 1601 3971 1697 4026; x_wconf 88' lang='lat' dir='ltr'><strong>archi·</strong></span> 
     </span>
     <span class='ocr_line' id='line_1_43' title="bbox 70 4059 1180 4133; baseline -0.001 -19"><span class='ocrx_word' id='word_1_427' title='bbox 70 4059 273 4114; x_wconf 86' lang='lat' dir='ltr'><strong>emservitinm</strong></span> <span class='ocrx_word' id='word_1_428' title='bbox 290 4060 340 4114; x_wconf 86' lang='lat' dir='ltr'><strong>Dei</strong></span> <span class='ocrx_word' id='word_1_429' title='bbox 368 4060 519 4114; x_wconf 90' lang='lat' dir='ltr'><strong>ordinandi</strong></span> <span class='ocrx_word' id='word_1_430' title='bbox 547 4076 636 4130; x_wconf 90' lang='lat' dir='ltr'><strong>pones</strong></span> <span class='ocrx_word' id='word_1_431' title='bbox 665 4060 794 4117; x_wconf 89' lang='lat' dir='ltr'><strong>divinum</strong></span> <span class='ocrx_word' id='word_1_432' title='bbox 851 4061 992 4133; x_wconf 87' lang='lat' dir='ltr'><strong>capellani</strong></span> <span class='ocrx_word' id='word_1_433' title='bbox 1006 4060 1180 4130; x_wconf 88' lang='lat' dir='ltr'><strong>recognovit.</strong></span> 
     </span>
     <span class='ocr_line' id='line_1_44' title="bbox 70 4145 1697 4219; baseline 0 -17"><span class='ocrx_word' id='word_1_434' title='bbox 70 4153 181 4219; x_wconf 85' lang='lat' dir='ltr'><strong>ratque</strong></span> <span class='ocrx_word' id='word_1_435' title='bbox 193 4149 338 4206; x_wconf 90' lang='lat' dir='ltr'><strong>timorem.</strong></span> <span class='ocrx_word' id='word_1_436' title='bbox 355 4150 462 4204; x_wconf 80' lang='lat' dir='ltr'><strong>Praeter</strong></span> <span class='ocrx_word' id='word_1_437' title='bbox 472 4148 533 4203; x_wconf 85' lang='lat' dir='ltr'><strong>baea</strong></span> <span class='ocrx_word' id='word_1_438' title='bbox 548 4149 634 4205; x_wconf 88' lang='lat' dir='ltr'><strong>etiam</strong></span> <span class='ocrx_word' id='word_1_439' title='bbox 655 4149 690 4205; x_wconf 88' lang='lat' dir='ltr'><strong>da</strong></span> <span class='ocrx_word' id='word_1_440' title='bbox 714 4151 796 4206; x_wconf 91' lang='lat' dir='ltr'><strong>advo·</strong></span> <span class='ocrx_word' id='word_1_441' title='bbox 888 4151 990 4205; x_wconf 85' lang='lat' dir='ltr'><strong>Datum</strong></span> <span class='ocrx_word' id='word_1_442' title='bbox 1009 4164 1085 4202; x_wconf 87' lang='lat' dir='ltr'><strong>enno</strong></span> <span class='ocrx_word' id='word_1_443' title='bbox 1105 4146 1261 4202; x_wconf 83' lang='lat' dir='ltr'><strong>Dominicae</strong></span> <span class='ocrx_word' id='word_1_444' title='bbox 1288 4145 1495 4201; x_wconf 87' lang='lat' dir='ltr'><strong>incarnationis</strong></span> <span class='ocrx_word' id='word_1_445' title='bbox 1516 4147 1593 4211; x_wconf 86' lang='grc'><strong>1018,</strong></span> <span class='ocrx_word' id='word_1_446' title='bbox 1622 4146 1697 4202; x_wconf 91' lang='lat' dir='ltr'><strong>indi·</strong></span> 
     </span>
     <span class='ocr_line' id='line_1_45' title="bbox 76 4234 1697 4333; baseline 0 -43"><span class='ocrx_word' id='word_1_447' title='bbox 76 4236 213 4308; x_wconf 80' lang='lat' dir='ltr'><strong>praedicto</strong></span> <span class='ocrx_word' id='word_1_448' title='bbox 229 4238 290 4290; x_wconf 88' lang='lat' dir='ltr'><strong>loco</strong></span> <span class='ocrx_word' id='word_1_449' title='bbox 303 4237 445 4309; x_wconf 88' lang='lat' dir='ltr'><strong>episcopis</strong></span> <span class='ocrx_word' id='word_1_450' title='bbox 465 4237 547 4292; x_wconf 90' lang='lat' dir='ltr'><strong>liceat</strong></span> <span class='ocrx_word' id='word_1_451' title='bbox 566 4253 650 4308; x_wconf 85' lang='lat' dir='ltr'><strong>agere</strong></span> <span class='ocrx_word' id='word_1_452' title='bbox 666 4242 695 4293; x_wconf 90' lang='lat' dir='ltr'><strong>et</strong></span> <span class='ocrx_word' id='word_1_453' title='bbox 723 4239 796 4294; x_wconf 89' lang='lat' dir='ltr'><strong>ordi·</strong></span> <span class='ocrx_word' id='word_1_454' title='bbox 813 4279 833 4333; x_wconf 70' lang='lat' dir='ltr'>D</span> <span class='ocrx_word' id='word_1_455' title='bbox 852 4237 946 4292; x_wconf 87' lang='lat' dir='ltr'><strong>ctione</strong></span> <span class='ocrx_word' id='word_1_456' title='bbox 961 4253 991 4304; x_wconf 90' lang='lat' dir='ltr'><strong>n,</strong></span> <span class='ocrx_word' id='word_1_457' title='bbox 1016 4252 1091 4291; x_wconf 93' lang='lat' dir='ltr'><strong>anno</strong></span> <span class='ocrx_word' id='word_1_458' title='bbox 1113 4236 1212 4291; x_wconf 92' lang='lat' dir='ltr'><strong>domni</strong></span> <span class='ocrx_word' id='word_1_459' title='bbox 1229 4234 1352 4290; x_wconf 86' lang='lat' dir='ltr'><strong>lieinrici</strong></span> <span class='ocrx_word' id='word_1_460' title='bbox 1374 4234 1523 4306; x_wconf 88' lang='lat' dir='ltr'><strong>regnantis</strong></span> <span class='ocrx_word' id='word_1_461' title='bbox 1546 4251 1614 4304; x_wconf 76' lang='lat' dir='ltr'><strong>svn,</strong></span> <span class='ocrx_word' id='word_1_462' title='bbox 1643 4235 1697 4290; x_wconf 91' lang='lat' dir='ltr'><strong>im·</strong></span> 
     </span>
     <span class='ocr_line' id='line_1_46' title="bbox 70 4323 1357 4397; baseline -0.002 -18"><span class='ocrx_word' id='word_1_463' title='bbox 70 4323 190 4379; x_wconf 77' lang='lat' dir='ltr'><strong>eundum</strong></span> <span class='ocrx_word' id='word_1_464' title='bbox 213 4339 313 4379; x_wconf 87' lang='lat' dir='ltr'><strong>eornm</strong></span> <span class='ocrx_word' id='word_1_465' title='bbox 333 4325 511 4380; x_wconf 87' lang='lat' dir='ltr'><strong>voluntatem</strong></span> <span class='ocrx_word' id='word_1_466' title='bbox 526 4325 739 4381; x_wconf 89' lang='lat' dir='ltr'><strong>advocationem</strong></span> <span class='ocrx_word' id='word_1_467' title='bbox 766 4328 796 4381; x_wconf 93' lang='lat' dir='ltr'><strong>in</strong></span> <span class='ocrx_word' id='word_1_468' title='bbox 852 4326 925 4397; x_wconf 90' lang='lat' dir='ltr'><strong>perii</strong></span> <span class='ocrx_word' id='word_1_469' title='bbox 939 4341 1007 4379; x_wconf 86' lang='lat' dir='ltr'><strong>vero</strong></span> <span class='ocrx_word' id='word_1_470' title='bbox 1015 4326 1076 4395; x_wconf 90' lang='lat' dir='ltr'><strong>ejus</strong></span> <span class='ocrx_word' id='word_1_471' title='bbox 1088 4341 1126 4393; x_wconf 86' lang='lat' dir='ltr'><strong>vr,</strong></span> <span class='ocrx_word' id='word_1_472' title='bbox 1137 4341 1196 4380; x_wconf 81' lang='grc'><strong>11111.</strong></span> <span class='ocrx_word' id='word_1_473' title='bbox 1211 4325 1272 4379; x_wconf 83' lang='lat' dir='ltr'><strong>Kal.</strong></span> <span class='ocrx_word' id='word_1_474' title='bbox 1290 4328 1357 4395; x_wconf 78' lang='lat' dir='ltr'><strong>Apr.</strong></span> 
     </span>
     <span class='ocr_line' id='line_1_47' title="bbox 70 4411 1439 4483; baseline 0 -16"><span class='ocrx_word' id='word_1_475' title='bbox 70 4427 79 4467; x_wconf 89' lang='grc'><strong>1</strong></span> <span class='ocrx_word' id='word_1_476' title='bbox 93 4412 207 4477; x_wconf 87' lang='lat' dir='ltr'><strong>militis,</strong></span> <span class='ocrx_word' id='word_1_477' title='bbox 220 4413 300 4483; x_wconf 84' lang='lat' dir='ltr'><strong>juxta</strong></span> <span class='ocrx_word' id='word_1_478' title='bbox 316 4413 392 4483; x_wconf 93' lang='lat' dir='ltr'><strong>quod</strong></span> <span class='ocrx_word' id='word_1_479' title='bbox 412 4413 467 4467; x_wconf 90' lang='lat' dir='ltr'><strong>illis</strong></span> <span class='ocrx_word' id='word_1_480' title='bbox 486 4413 589 4468; x_wconf 91' lang='lat' dir='ltr'><strong>melius</strong></span> <span class='ocrx_word' id='word_1_481' title='bbox 605 4415 697 4469; x_wconf 89' lang='lat' dir='ltr'><strong>visum</strong></span> <span class='ocrx_word' id='word_1_482' title='bbox 712 4415 799 4470; x_wconf 87' lang='lat' dir='ltr'><strong>luerit</strong></span> <span class='ocrx_word' id='word_1_483' title='bbox 887 4417 989 4469; x_wconf 78' lang='lat' dir='ltr'><strong>Actum</strong></span> <span class='ocrx_word' id='word_1_484' title='bbox 1003 4414 1038 4468; x_wconf 88' lang='lat' dir='ltr'><strong>ed</strong></span> <span class='ocrx_word' id='word_1_485' title='bbox 1054 4413 1178 4468; x_wconf 87' lang='lat' dir='ltr'><strong>Gosilare</strong></span> <span class='ocrx_word' id='word_1_486' title='bbox 1193 4411 1323 4467; x_wconf 82' lang='lat' dir='ltr'><strong>feliciter.</strong></span> <span class='ocrx_word' id='word_1_487' title='bbox 1339 4413 1439 4467; x_wconf 77' lang='lat' dir='ltr'><strong>brnen.</strong></span> 
     </span>
     <span class='ocr_line' id='line_1_48' title="bbox 70 4500 1307 4570; baseline 0 -16"><span class='ocrx_word' id='word_1_488' title='bbox 70 4503 156 4555; x_wconf 85' lang='lat' dir='ltr'><strong>tatem</strong></span> <span class='ocrx_word' id='word_1_489' title='bbox 171 4501 296 4554; x_wconf 82' lang='lat' dir='ltr'><strong>ecclesia</strong></span> <span class='ocrx_word' id='word_1_490' title='bbox 309 4501 501 4570; x_wconf 75' lang='lat' dir='ltr'><strong>praetitulata.</strong></span> <span class='ocrx_word' id='word_1_491' title='bbox 517 4502 550 4556; x_wconf 86' lang='lat' dir='ltr'><strong>Et</strong></span> <span class='ocrx_word' id='word_1_492' title='bbox 564 4506 597 4557; x_wconf 92' lang='lat' dir='ltr'><strong>ut</strong></span> <span class='ocrx_word' id='word_1_493' title='bbox 620 4500 681 4556; x_wconf 78' lang='lat' dir='ltr'><strong>hac</strong></span> <span class='ocrx_word' id='word_1_494' title='bbox 693 4508 798 4558; x_wconf 78' lang='lat' dir='ltr'><strong>nostrae</strong></span> <span class='ocrx_word' id='word_1_495' title='bbox 1242 4501 1307 4555; x_wconf 82' lang='lat' dir='ltr'><strong>ctx.</strong></span> 
     </span>
     <span class='ocr_line' id='line_1_49' title="bbox 70 4586 1626 4661; baseline -0.001 -20"><span class='ocrx_word' id='word_1_496' title='bbox 70 4586 152 4642; x_wconf 89' lang='lat' dir='ltr'><strong>tionis</strong></span> <span class='ocrx_word' id='word_1_497' title='bbox 188 4589 343 4642; x_wconf 87' lang='lat' dir='ltr'><strong>auctoritas</strong></span> <span class='ocrx_word' id='word_1_498' title='bbox 364 4589 444 4643; x_wconf 91' lang='lat' dir='ltr'><strong>omni</strong></span> <span class='ocrx_word' id='word_1_499' title='bbox 474 4594 604 4660; x_wconf 87' lang='lat' dir='ltr'><strong>tempore</strong></span> <span class='ocrx_word' id='word_1_500' title='bbox 630 4590 741 4644; x_wconf 89' lang='lat' dir='ltr'><strong>stabilis</strong></span> <span class='ocrx_word' id='word_1_501' title='bbox 769 4596 799 4646; x_wconf 91' lang='lat' dir='ltr'><strong>et</strong></span> <span class='ocrx_word' id='word_1_502' title='bbox 886 4593 957 4646; x_wconf 90' lang='lat' dir='ltr'><strong>Item</strong></span> <span class='ocrx_word' id='word_1_503' title='bbox 973 4611 988 4641; x_wconf 80' lang='lat' dir='ltr'><strong>a</strong></span> <span class='ocrx_word' id='word_1_504' title='bbox 1003 4590 1151 4661; x_wconf 83' lang='lat' dir='ltr'><strong>quamdam</strong></span> <span class='ocrx_word' id='word_1_505' title='bbox 1164 4591 1264 4644; x_wconf 83' lang='lat' dir='ltr'><strong>nostris</strong></span> <span class='ocrx_word' id='word_1_506' title='bbox 1277 4591 1455 4658; x_wconf 81' lang='lat' dir='ltr'><strong>proprietatis</strong></span> <span class='ocrx_word' id='word_1_507' title='bbox 1464 4590 1626 4656; x_wconf 70' lang='lat' dir='ltr'><strong>forestim.»</strong></span> 
     </span>
     <span class='ocr_line' id='line_1_50' title="bbox 70 4675 1379 4750; baseline 0.001 -20"><span class='ocrx_word' id='word_1_508' title='bbox 70 4675 115 4731; x_wconf 83' lang='lat' dir='ltr'><strong>lsa</strong></span> <span class='ocrx_word' id='word_1_509' title='bbox 129 4681 305 4746; x_wconf 86' lang='lat' dir='ltr'><strong>permaneat,</strong></span> <span class='ocrx_word' id='word_1_510' title='bbox 321 4675 395 4731; x_wconf 92' lang='lat' dir='ltr'><strong>banc</strong></span> <span class='ocrx_word' id='word_1_511' title='bbox 409 4676 545 4748; x_wconf 88' lang='lat' dir='ltr'><strong>pagiuam</strong></span> <span class='ocrx_word' id='word_1_512' title='bbox 567 4693 656 4732; x_wconf 88' lang='lat' dir='ltr'><strong>manu</strong></span> <span class='ocrx_word' id='word_1_513' title='bbox 679 4679 799 4750; x_wconf 90' lang='lat' dir='ltr'><strong>propria</strong></span> <span class='ocrx_word' id='word_1_514' title='bbox 1170 4681 1264 4744; x_wconf 78' lang='lat' dir='ltr'><strong>(Anno</strong></span> <span class='ocrx_word' id='word_1_515' title='bbox 1290 4676 1379 4746; x_wconf 81' lang='lat' dir='ltr'><strong>rote.)</strong></span> 
     </span>
     <span class='ocr_line' id='line_1_51' title="bbox 72 4761 1553 4842; baseline 0.002 -24"><span class='ocrx_word' id='word_1_516' title='bbox 72 4767 164 4830; x_wconf 74' lang='grc'><strong>1111111,</strong></span> <span class='ocrx_word' id='word_1_517' title='bbox 176 4764 261 4836; x_wconf 89' lang='lat' dir='ltr'><strong>sigilli</strong></span> <span class='ocrx_word' id='word_1_518' title='bbox 275 4764 366 4826; x_wconf 89' lang='lat' dir='ltr'><strong>nostri</strong></span> <span class='ocrx_word' id='word_1_519' title='bbox 389 4765 577 4836; x_wconf 90' lang='lat' dir='ltr'><strong>impressione</strong></span> <span class='ocrx_word' id='word_1_520' title='bbox 590 4766 729 4836; x_wconf 89' lang='lat' dir='ltr'><strong>jussimus</strong></span> <span class='ocrx_word' id='word_1_521' title='bbox 751 4766 798 4822; x_wconf 93' lang='lat' dir='ltr'><strong>in·</strong></span> <span class='ocrx_word' id='word_1_522' title='bbox 993 4761 1070 4842; x_wconf 81' lang='lat' dir='ltr'><strong>[cod.</strong></span> <span class='ocrx_word' id='word_1_523' title='bbox 1086 4767 1197 4837; x_wconf 85' lang='lat' dir='ltr'><strong>diplom.</strong></span> <span class='ocrx_word' id='word_1_524' title='bbox 1208 4768 1279 4821; x_wconf 85' lang='lat' dir='ltr'><strong>llist.</strong></span> <span class='ocrx_word' id='word_1_525' title='bbox 1299 4766 1433 4835; x_wconf 67' lang='lat' dir='ltr'><strong>Wcstplv„</strong></span> <span class='ocrx_word' id='word_1_526' title='bbox 1445 4781 1473 4836; x_wconf 90' lang='lat' dir='ltr'><strong>p.</strong></span> <span class='ocrx_word' id='word_1_527' title='bbox 1488 4763 1553 4837; x_wconf 72' lang='lat'><strong>78]</strong></span> 
     </span>
    </p>

    <p class='ocr_par' dir='ltr' id='par_1_12' title="bbox 886 4850 1696 4919">
     <span class='ocr_line' id='line_1_52' title="bbox 886 4850 1696 4919; baseline -0.012 -5"><span class='ocrx_word' id='word_1_528' title='bbox 886 4859 915 4914; x_wconf 85' lang='lat' dir='ltr'><strong>C.</strong></span> <span class='ocrx_word' id='word_1_529' title='bbox 946 4858 978 4912; x_wconf 93' lang='lat' dir='ltr'><strong>In</strong></span> <span class='ocrx_word' id='word_1_530' title='bbox 1005 4856 1122 4911; x_wconf 90' lang='lat' dir='ltr'><strong>nomine</strong></span> <span class='ocrx_word' id='word_1_531' title='bbox 1151 4857 1255 4909; x_wconf 73' lang='lat' dir='ltr'><strong>sanctae</strong></span> <span class='ocrx_word' id='word_1_532' title='bbox 1294 4858 1322 4908; x_wconf 87' lang='lat' dir='ltr'><strong>et</strong></span> <span class='ocrx_word' id='word_1_533' title='bbox 1352 4853 1507 4908; x_wconf 74' lang='lat' dir='ltr'><strong>individuae</strong></span> <span class='ocrx_word' id='word_1_534' title='bbox 1539 4850 1696 4919; x_wconf 82' lang='lat' dir='ltr'><strong>Trinitatis,</strong></span> 
     </span>
    </p>

    <p class='ocr_par' dir='ltr' id='par_1_13' title="bbox 69 4939 1698 5631">
     <span class='ocr_line' id='line_1_53' title="bbox 70 4939 1697 5010; baseline -0.002 -15"><span class='ocrx_word' id='word_1_535' title='bbox 70 4955 98 4995; x_wconf 89' lang='lat' dir='ltr'><strong>m</strong></span> <span class='ocrx_word' id='word_1_536' title='bbox 128 4941 220 4995; x_wconf 85' lang='lat' dir='ltr'><strong>domni</strong></span> <span class='ocrx_word' id='word_1_537' title='bbox 245 4942 356 4995; x_wconf 69' lang='lat' dir='ltr'><strong>ilenrico·</strong></span> <span class='ocrx_word' id='word_1_538' title='bbox 365 4944 532 4997; x_wconf 85' lang='lat' dir='ltr'><strong>serenissimi</strong></span> <span class='ocrx_word' id='word_1_539' title='bbox 557 4939 600 5010; x_wconf 82' lang='lat' dir='ltr'><strong>(t.</strong></span> <span class='ocrx_word' id='word_1_540' title='bbox 629 4943 677 5010; x_wconf 85' lang='lat' dir='ltr'><strong>ll.)</strong></span> <span class='ocrx_word' id='word_1_541' title='bbox 706 4946 731 4998; x_wconf 86' lang='lat' dir='ltr'><strong>et</strong></span> <span class='ocrx_word' id='word_1_542' title='bbox 753 4945 796 4998; x_wconf 83' lang='lat' dir='ltr'><strong>in·</strong></span> <span class='ocrx_word' id='word_1_543' title='bbox 852 4949 1001 5001; x_wconf 84' lang='lat' dir='ltr'><strong>Hsrnmcus</strong></span> <span class='ocrx_word' id='word_1_544' title='bbox 1041 4945 1138 4999; x_wconf 89' lang='lat' dir='ltr'><strong>divina</strong></span> <span class='ocrx_word' id='word_1_545' title='bbox 1171 4943 1283 4998; x_wconf 81' lang='lat' dir='ltr'><strong>favente</strong></span> <span class='ocrx_word' id='word_1_546' title='bbox 1316 4941 1468 4997; x_wconf 87' lang='lat' dir='ltr'><strong>clementia</strong></span> <span class='ocrx_word' id='word_1_547' title='bbox 1503 4941 1697 4996; x_wconf 87' lang='lat' dir='ltr'><strong>Romanorum</strong></span> 
     </span>
     <span class='ocr_line' id='line_1_54' title="bbox 70 5031 1175 5105; baseline 0.001 -20"><span class='ocrx_word' id='word_1_548' title='bbox 70 5031 96 5085; x_wconf 83' lang='lat' dir='ltr'><strong>si</strong></span> <span class='ocrx_word' id='word_1_549' title='bbox 103 5032 278 5099; x_wconf 86' lang='lat' dir='ltr'><strong>imperatoris</strong></span> <span class='ocrx_word' id='word_1_550' title='bbox 292 5033 422 5098; x_wconf 70' lang='lat' dir='ltr'><strong>Augusti.</strong></span> <span class='ocrx_word' id='word_1_551' title='bbox 850 5035 1007 5105; x_wconf 88' lang='lat' dir='ltr'><strong>imperator</strong></span> <span class='ocrx_word' id='word_1_552' title='bbox 1020 5034 1175 5102; x_wconf 76' lang='lat' dir='ltr'><strong>Augustus.</strong></span> 
     </span>
     <span class='ocr_line' id='line_1_55' title="bbox 70 5114 1697 5192; baseline -0.001 -20"><span class='ocrx_word' id='word_1_553' title='bbox 70 5118 139 5173; x_wconf 84' lang='lat' dir='ltr'><strong>rrius</strong></span> <span class='ocrx_word' id='word_1_554' title='bbox 165 5120 350 5173; x_wconf 83' lang='lat' dir='ltr'><strong>cancellarius</strong></span> <span class='ocrx_word' id='word_1_555' title='bbox 382 5120 442 5174; x_wconf 89' lang='lat' dir='ltr'><strong>riae</strong></span> <span class='ocrx_word' id='word_1_556' title='bbox 468 5120 659 5176; x_wconf 69' lang='lat' dir='ltr'><strong>erchenbaldi</strong></span> <span class='ocrx_word' id='word_1_557' title='bbox 689 5121 798 5178; x_wconf 86' lang='lat' dir='ltr'><strong>archia·</strong></span> <span class='ocrx_word' id='word_1_558' title='bbox 887 5123 1063 5192; x_wconf 87' lang='lat' dir='ltr'><strong>Ubicumque</strong></span> <span class='ocrx_word' id='word_1_559' title='bbox 1076 5125 1174 5174; x_wconf 88' lang='lat' dir='ltr'><strong>sancta</strong></span> <span class='ocrx_word' id='word_1_560' title='bbox 1188 5119 1238 5173; x_wconf 86' lang='lat' dir='ltr'><strong>Dei</strong></span> <span class='ocrx_word' id='word_1_561' title='bbox 1249 5120 1312 5174; x_wconf 87' lang='lat' dir='ltr'><strong>loca</strong></span> <span class='ocrx_word' id='word_1_562' title='bbox 1324 5117 1409 5173; x_wconf 90' lang='lat' dir='ltr'><strong>bonis</strong></span> <span class='ocrx_word' id='word_1_563' title='bbox 1422 5114 1534 5170; x_wconf 89' lang='lat' dir='ltr'><strong>nobisa</strong></span> <span class='ocrx_word' id='word_1_564' title='bbox 1559 5116 1616 5170; x_wconf 82' lang='lat' dir='ltr'><strong>lieo</strong></span> <span class='ocrx_word' id='word_1_565' title='bbox 1645 5115 1697 5170; x_wconf 91' lang='lat' dir='ltr'><strong>do·</strong></span> 
     </span>
     <span class='ocr_line' id='line_1_56' title="bbox 71 5204 1697 5280; baseline -0.001 -19"><span class='ocrx_word' id='word_1_566' title='bbox 71 5210 100 5261; x_wconf 84' lang='lat' dir='ltr'><strong>et</strong></span> <span class='ocrx_word' id='word_1_567' title='bbox 132 5208 353 5278; x_wconf 87' lang='lat' dir='ltr'><strong>archicapellani</strong></span> <span class='ocrx_word' id='word_1_568' title='bbox 367 5209 541 5280; x_wconf 82' lang='lat' dir='ltr'><strong>recognovit.</strong></span> <span class='ocrx_word' id='word_1_569' title='bbox 851 5211 925 5266; x_wconf 88' lang='lat' dir='ltr'><strong>natis</strong></span> <span class='ocrx_word' id='word_1_570' title='bbox 937 5209 1110 5275; x_wconf 85' lang='lat' dir='ltr'><strong>extollimus,</strong></span> <span class='ocrx_word' id='word_1_571' title='bbox 1124 5224 1181 5262; x_wconf 90' lang='lat' dir='ltr'><strong>uon</strong></span> <span class='ocrx_word' id='word_1_572' title='bbox 1197 5209 1288 5262; x_wconf 91' lang='lat' dir='ltr'><strong>solum</strong></span> <span class='ocrx_word' id='word_1_573' title='bbox 1305 5207 1369 5260; x_wconf 83' lang='lat' dir='ltr'><strong>vitae</strong></span> <span class='ocrx_word' id='word_1_574' title='bbox 1392 5209 1497 5259; x_wconf 82' lang='lat' dir='ltr'><strong>nostroe</strong></span> <span class='ocrx_word' id='word_1_575' title='bbox 1525 5204 1697 5276; x_wconf 87' lang='lat' dir='ltr'><strong>longanimi·</strong></span> 
     </span>
     <span class='ocr_line' id='line_1_57' title="bbox 70 5292 1697 5367; baseline 0 -19"><span class='ocrx_word' id='word_1_576' title='bbox 70 5310 88 5348; x_wconf 94' lang='lat' dir='ltr'><strong>n</strong></span> <span class='ocrx_word' id='word_1_577' title='bbox 118 5311 194 5349; x_wconf 89' lang='lat' dir='ltr'><strong>anno</strong></span> <span class='ocrx_word' id='word_1_578' title='bbox 218 5295 371 5350; x_wconf 80' lang='lat' dir='ltr'><strong>[lominica</strong></span> <span class='ocrx_word' id='word_1_579' title='bbox 391 5297 596 5352; x_wconf 87' lang='lat' dir='ltr'><strong>incarnationis</strong></span> <span class='ocrx_word' id='word_1_580' title='bbox 621 5298 700 5364; x_wconf 85' lang='grc'><strong>1019,</strong></span> <span class='ocrx_word' id='word_1_581' title='bbox 726 5298 798 5354; x_wconf 91' lang='lat' dir='ltr'><strong>indi·</strong></span> <span class='ocrx_word' id='word_1_582' title='bbox 850 5302 949 5367; x_wconf 88' lang='lat' dir='ltr'><strong>tatem,</strong></span> <span class='ocrx_word' id='word_1_583' title='bbox 963 5313 1063 5351; x_wconf 83' lang='lat' dir='ltr'><strong>rerum</strong></span> <span class='ocrx_word' id='word_1_584' title='bbox 1079 5297 1165 5352; x_wconf 88' lang='lat' dir='ltr'><strong>etiam</strong></span> <span class='ocrx_word' id='word_1_585' title='bbox 1181 5295 1263 5366; x_wconf 91' lang='lat' dir='ltr'><strong>regni</strong></span> <span class='ocrx_word' id='word_1_586' title='bbox 1276 5310 1327 5348; x_wconf 91' lang='lat' dir='ltr'><strong>nos</strong></span> <span class='ocrx_word' id='word_1_587' title='bbox 1347 5292 1568 5364; x_wconf 87' lang='lat' dir='ltr'><strong>prosperitatem</strong></span> <span class='ocrx_word' id='word_1_588' title='bbox 1592 5309 1697 5364; x_wconf 90' lang='lat' dir='ltr'><strong>angero</strong></span> 
     </span>
     <span class='ocr_line' id='line_1_58' title="bbox 69 5381 1698 5457; baseline -0.001 -19"><span class='ocrx_word' id='word_1_589' title='bbox 69 5398 98 5443; x_wconf 87' lang='lat' dir='ltr'><strong>n.</strong></span> <span class='ocrx_word' id='word_1_590' title='bbox 139 5399 214 5438; x_wconf 91' lang='lat' dir='ltr'><strong>auno</strong></span> <span class='ocrx_word' id='word_1_591' title='bbox 242 5384 342 5438; x_wconf 92' lang='lat' dir='ltr'><strong>domni</strong></span> <span class='ocrx_word' id='word_1_592' title='bbox 372 5385 497 5440; x_wconf 89' lang='lat' dir='ltr'><strong>Heinrici</strong></span> <span class='ocrx_word' id='word_1_593' title='bbox 533 5388 683 5457; x_wconf 81' lang='lat' dir='ltr'><strong>regnantis</strong></span> <span class='ocrx_word' id='word_1_594' title='bbox 718 5403 795 5455; x_wconf 85' lang='lat' dir='ltr'><strong>xrrn,</strong></span> <span class='ocrx_word' id='word_1_595' title='bbox 851 5402 1009 5457; x_wconf 88' lang='lat' dir='ltr'><strong>speramus.</strong></span> <span class='ocrx_word' id='word_1_596' title='bbox 1061 5386 1241 5456; x_wconf 82' lang='lat' dir='ltr'><strong>Quapropter</strong></span> <span class='ocrx_word' id='word_1_597' title='bbox 1278 5381 1389 5436; x_wconf 87' lang='lat' dir='ltr'><strong>noverit</strong></span> <span class='ocrx_word' id='word_1_598' title='bbox 1421 5382 1552 5436; x_wconf 91' lang='lat' dir='ltr'><strong>omnium</strong></span> <span class='ocrx_word' id='word_1_599' title='bbox 1594 5381 1698 5436; x_wconf 85' lang='lat' dir='ltr'><strong>Christi</strong></span> 
     </span>
     <span class='ocr_line' id='line_1_59' title="bbox 74 5469 1697 5545; baseline 0.001 -21"><span class='ocrx_word' id='word_1_600' title='bbox 74 5486 142 5525; x_wconf 90' lang='lat' dir='ltr'><strong>varo</strong></span> <span class='ocrx_word' id='word_1_601' title='bbox 158 5472 267 5542; x_wconf 80' lang='lat' dir='ltr'><strong>ejrrsvr,</strong></span> <span class='ocrx_word' id='word_1_602' title='bbox 281 5488 336 5527; x_wconf 83' lang='lat' dir='ltr'><strong>nvn</strong></span> <span class='ocrx_word' id='word_1_603' title='bbox 352 5474 414 5528; x_wconf 83' lang='lat' dir='ltr'><strong>llal.</strong></span> <span class='ocrx_word' id='word_1_604' title='bbox 430 5474 546 5545; x_wconf 79' lang='lat' dir='ltr'><strong>Aprilis.</strong></span> <span class='ocrx_word' id='word_1_605' title='bbox 851 5481 1073 5545; x_wconf 88' lang='lat' dir='ltr'><strong>nostrorumque</strong></span> <span class='ocrx_word' id='word_1_606' title='bbox 1090 5473 1216 5528; x_wconf 83' lang='lat' dir='ltr'><strong>fidelium</strong></span> <span class='ocrx_word' id='word_1_607' title='bbox 1234 5469 1402 5525; x_wconf 86' lang='lat' dir='ltr'><strong>universitas</strong></span> <span class='ocrx_word' id='word_1_608' title='bbox 1423 5470 1546 5542; x_wconf 88' lang='lat' dir='ltr'><strong>qualiter</strong></span> <span class='ocrx_word' id='word_1_609' title='bbox 1565 5486 1627 5537; x_wconf 88' lang='lat' dir='ltr'><strong>nos,</strong></span> <span class='ocrx_word' id='word_1_610' title='bbox 1644 5486 1697 5541; x_wconf 91' lang='lat' dir='ltr'><strong>pro</strong></span> 
     </span>
     <span class='ocr_line' id='line_1_60' title="bbox 70 5558 1696 5631; baseline 0 -18"><span class='ocrx_word' id='word_1_611' title='bbox 70 5558 232 5616; x_wconf 79' lang='lat' dir='ltr'><strong>nGosloriae</strong></span> <span class='ocrx_word' id='word_1_612' title='bbox 242 5559 372 5616; x_wconf 89' lang='lat' dir='ltr'><strong>leliciter.</strong></span> <span class='ocrx_word' id='word_1_613' title='bbox 849 5562 977 5619; x_wconf 88' lang='lat' dir='ltr'><strong>remedio</strong></span> <span class='ocrx_word' id='word_1_614' title='bbox 991 5562 1096 5617; x_wconf 83' lang='lat' dir='ltr'><strong>animae</strong></span> <span class='ocrx_word' id='word_1_615' title='bbox 1111 5565 1216 5615; x_wconf 77' lang='lat' dir='ltr'><strong>nostra</strong></span> <span class='ocrx_word' id='word_1_616' title='bbox 1228 5564 1500 5631; x_wconf 86' lang='lat' dir='ltr'><strong>antecessorumque</strong></span> <span class='ocrx_word' id='word_1_617' title='bbox 1519 5563 1696 5624; x_wconf 86' lang='lat' dir='ltr'><strong>nostrornm,</strong></span> 
     </span>
    </p>
   </div>
   <div class='ocr_carea' id='block_1_6' title="bbox 0 0 1945 6112">
    <p class='ocr_par' dir='ltr' id='par_1_14' title="bbox 0 0 1945 6112">
     <span class='ocr_line' id='line_1_61' title="bbox 0 0 1945 6112; baseline 0 0"><span class='ocrx_word' id='word_1_618' title='bbox 0 0 1945 6112; x_wconf 95' lang='lat' dir='ltr'><strong> </strong></span> 
     </span>
    </p>
   </div>
  </div>
 </body>
</html>
