<?xml version="1.0" encoding="UTF-8"?>
<!DOCTYPE html PUBLIC "-//W3C//DTD XHTML 1.0 Transitional//EN"
    "http://www.w3.org/TR/xhtml1/DTD/xhtml1-transitional.dtd">
<html xmlns="http://www.w3.org/1999/xhtml" xml:lang="en" lang="en">
 <head>
  <title>
</title>
<meta http-equiv="Content-Type" content="text/html;charset=utf-8" />
  <meta name='ocr-system' content='tesseract 3.04.00' />
  <meta name='ocr-capabilities' content='ocr_page ocr_carea ocr_par ocr_line ocrx_word'/>
</head>
<body>
  <div class='ocr_page' id='page_1' title='image "./patrologiaecurs17unkngoog_0369.png"; bbox 0 0 3878 6112; ppageno 0'>
   <div class='ocr_carea' id='block_1_1' title="bbox 50 226 1805 307">
    <p class='ocr_par' dir='ltr' id='par_1_1' title="bbox 50 226 1805 307">
     <span class='ocr_line' id='line_1_1' title="bbox 50 226 1805 307; baseline 0.004 -8"><span class='ocrx_word' id='word_1_1' title='bbox 50 247 108 299; x_wconf 77' lang='lat' dir='ltr'><strong>ru</strong></span> <span class='ocrx_word' id='word_1_2' title='bbox 540 226 779 300; x_wconf 82' lang='lat' dir='ltr'><strong>uncnnron&#39;nn</strong></span> <span class='ocrx_word' id='word_1_3' title='bbox 799 242 1325 301; x_wconf 84' lang='lat' dir='ltr'><strong>xxanrxx.·-naaaranr1us.</strong></span> <span class='ocrx_word' id='word_1_4' title='bbox 1752 254 1805 307; x_wconf 83' lang='lat' dir='ltr'><strong>ue</strong></span> 
     </span>
    </p>
   </div>
   <div class='ocr_carea' id='block_1_2' title="bbox 43 365 1883 5562">
    <p class='ocr_par' dir='ltr' id='par_1_2' title="bbox 43 365 1883 5562">
     <span class='ocr_line' id='line_1_2' title="bbox 51 365 1809 441; baseline 0.002 -18"><span class='ocrx_word' id='word_1_5' title='bbox 51 374 83 424; x_wconf 88' lang='lat' dir='ltr'><strong>et</strong></span> <span class='ocrx_word' id='word_1_6' title='bbox 98 386 185 441; x_wconf 91' lang='lat' dir='ltr'><strong>super</strong></span> <span class='ocrx_word' id='word_1_7' title='bbox 199 369 274 425; x_wconf 91' lang='lat' dir='ltr'><strong>hauc</strong></span> <span class='ocrx_word' id='word_1_8' title='bbox 288 371 401 439; x_wconf 91' lang='lat' dir='ltr'><strong>petram</strong></span> <span class='ocrx_word' id='word_1_9' title='bbox 418 366 565 422; x_wconf 78' lang='lat' dir='ltr'><strong>aedificabo</strong></span> <span class='ocrx_word' id='word_1_10' title='bbox 587 367 741 422; x_wconf 86' lang='lat' dir='ltr'><strong>Ecclesiam</strong></span> <span class='ocrx_word' id='word_1_11' title='bbox 757 383 861 434; x_wconf 88' lang='lat' dir='ltr'><strong>meam,</strong></span> <span class='ocrx_word' id='word_1_12' title='bbox 877 370 907 421; x_wconf 92' lang='lat' dir='ltr'><strong>et</strong></span> <span class='ocrx_word' id='word_1_13' title='bbox 922 370 944 423; x_wconf 88' lang='lat' dir='ltr'><strong>A</strong></span> <span class='ocrx_word' id='word_1_14' title='bbox 965 365 1131 437; x_wconf 90' lang='lat' dir='ltr'><strong>giosissimi.</strong></span> <span class='ocrx_word' id='word_1_15' title='bbox 1148 367 1221 421; x_wconf 82' lang='lat' dir='ltr'>Item</span> <span class='ocrx_word' id='word_1_16' title='bbox 1244 365 1364 438; x_wconf 88' lang='lat' dir='ltr'><strong>epistola</strong></span> <span class='ocrx_word' id='word_1_17' title='bbox 1379 366 1409 420; x_wconf 92' lang='grc' dir='ltr'><strong>Β.</strong></span> <span class='ocrx_word' id='word_1_18' title='bbox 1426 366 1527 422; x_wconf 83' lang='lat' dir='ltr'><strong>Leonis</strong></span> <span class='ocrx_word' id='word_1_19' title='bbox 1547 385 1628 440; x_wconf 83' lang='lat' dir='ltr'><strong>papae</strong></span> <span class='ocrx_word' id='word_1_20' title='bbox 1651 370 1685 425; x_wconf 90' lang='lat' dir='ltr'><strong>ad</strong></span> <span class='ocrx_word' id='word_1_21' title='bbox 1701 372 1809 429; x_wconf 81' lang='lat' dir='ltr'><strong>Flavia-</strong></span> 
     </span>
     <span class='ocr_line' id='line_1_3' title="bbox 52 454 1808 533; baseline 0.002 -20"><span class='ocrx_word' id='word_1_22' title='bbox 52 458 324 530; x_wconf 82' lang='lat' dir='ltr'><strong>portaeinferinon</strong></span> <span class='ocrx_word' id='word_1_23' title='bbox 345 456 543 528; x_wconf 74' lang='lat' dir='ltr'><strong>praevalebunt</strong></span> <span class='ocrx_word' id='word_1_24' title='bbox 565 457 831 520; x_wconf 85' lang='lat' dir='ltr'><strong>adversuseem,el</strong></span> <span class='ocrx_word' id='word_1_25' title='bbox 855 456 926 533; x_wconf 24' lang='lat' dir='ltr'><strong>tibi,</strong></span> <span class='ocrx_word' id='word_1_26' title='bbox 961 472 1031 510; x_wconf 90' lang='lat' dir='ltr'><strong>num</strong></span> <span class='ocrx_word' id='word_1_27' title='bbox 1074 454 1424 527; x_wconf 70' lang='lat' dir='ltr'><strong>constantinopolitanum</strong></span> <span class='ocrx_word' id='word_1_28' title='bbox 1460 456 1624 529; x_wconf 91' lang='lat' dir='ltr'><strong>episcopum</strong></span> <span class='ocrx_word' id='word_1_29' title='bbox 1657 459 1808 517; x_wconf 91' lang='lat' dir='ltr'><strong>destinata.</strong></span> 
     </span>
     <span class='ocr_line' id='line_1_4' title="bbox 53 543 1808 620; baseline 0.002 -20"><span class='ocrx_word' id='word_1_30' title='bbox 53 547 131 602; x_wconf 92' lang='lat' dir='ltr'><strong>dabo</strong></span> <span class='ocrx_word' id='word_1_31' title='bbox 148 547 240 600; x_wconf 91' lang='lat' dir='ltr'><strong>claves</strong></span> <span class='ocrx_word' id='word_1_32' title='bbox 264 545 347 617; x_wconf 86' lang='lat' dir='ltr'><strong>regni</strong></span> <span class='ocrx_word' id='word_1_33' title='bbox 366 546 513 599; x_wconf 73' lang='lat' dir='ltr'><strong>caelorum.</strong></span> <span class='ocrx_word' id='word_1_34' title='bbox 532 546 564 599; x_wconf 90' lang='lat' dir='ltr'><strong>Et</strong></span> <span class='ocrx_word' id='word_1_35' title='bbox 579 560 757 616; x_wconf 77' lang='lat' dir='ltr'><strong>quecunque</strong></span> <span class='ocrx_word' id='word_1_36' title='bbox 773 545 907 616; x_wconf 80' lang='lat' dir='ltr'><strong>ligaveris</strong></span> <span class='ocrx_word' id='word_1_37' title='bbox 962 544 1048 614; x_wconf 86' lang='lat' dir='ltr'><strong>Cujus</strong></span> <span class='ocrx_word' id='word_1_38' title='bbox 1062 547 1174 599; x_wconf 88' lang='lat' dir='ltr'><strong>textum</strong></span> <span class='ocrx_word' id='word_1_39' title='bbox 1192 543 1334 615; x_wconf 82' lang='lat' dir='ltr'><strong>quispiam</strong></span> <span class='ocrx_word' id='word_1_40' title='bbox 1349 546 1372 598; x_wconf 90' lang='lat' dir='ltr'><strong>si</strong></span> <span class='ocrx_word' id='word_1_41' title='bbox 1385 561 1474 616; x_wconf 91' lang='lat' dir='ltr'><strong>usque</strong></span> <span class='ocrx_word' id='word_1_42' title='bbox 1487 545 1523 600; x_wconf 93' lang='lat' dir='ltr'><strong>ad</strong></span> <span class='ocrx_word' id='word_1_43' title='bbox 1537 562 1628 601; x_wconf 91' lang='lat' dir='ltr'><strong>unum</strong></span> <span class='ocrx_word' id='word_1_44' title='bbox 1640 547 1697 602; x_wconf 90' lang='lat' dir='ltr'><strong>iota</strong></span> <span class='ocrx_word' id='word_1_45' title='bbox 1712 548 1808 620; x_wconf 91' lang='lat' dir='ltr'><strong>dispu-</strong></span> 
     </span>
     <span class='ocr_line' id='line_1_5' title="bbox 53 628 1809 705; baseline 0.003 -17"><span class='ocrx_word' id='word_1_46' title='bbox 53 638 276 705; x_wconf 87' lang='lat' dir='ltr'><strong>superterram,</strong></span> <span class='ocrx_word' id='word_1_47' title='bbox 292 637 378 687; x_wconf 88' lang='lat' dir='ltr'><strong>erunt</strong></span> <span class='ocrx_word' id='word_1_48' title='bbox 393 633 480 703; x_wconf 91' lang='lat' dir='ltr'><strong>ligata</strong></span> <span class='ocrx_word' id='word_1_49' title='bbox 497 636 525 686; x_wconf 92' lang='lat' dir='ltr'><strong>et</strong></span> <span class='ocrx_word' id='word_1_50' title='bbox 540 633 571 686; x_wconf 89' lang='lat' dir='ltr'><strong>in</strong></span> <span class='ocrx_word' id='word_1_51' title='bbox 584 633 665 688; x_wconf 86' lang='lat' dir='ltr'><strong>coelo.</strong></span> <span class='ocrx_word' id='word_1_52' title='bbox 681 633 712 687; x_wconf 89' lang='lat' dir='ltr'><strong>Et</strong></span> <span class='ocrx_word' id='word_1_53' title='bbox 727 649 907 704; x_wconf 81' lang='lat' dir='ltr'><strong>quaecunque</strong></span> <span class='ocrx_word' id='word_1_54' title='bbox 961 633 1073 699; x_wconf 87' lang='lat' dir='ltr'><strong>taverit,</strong></span> <span class='ocrx_word' id='word_1_55' title='bbox 1099 638 1128 686; x_wconf 88' lang='lat' dir='ltr'><strong>et</strong></span> <span class='ocrx_word' id='word_1_56' title='bbox 1142 648 1200 686; x_wconf 92' lang='lat' dir='ltr'><strong>non</strong></span> <span class='ocrx_word' id='word_1_57' title='bbox 1216 628 1278 687; x_wconf 89' lang='lat' dir='ltr'><strong>e&#39;am</strong></span> <span class='ocrx_word' id='word_1_58' title='bbox 1303 633 1333 686; x_wconf 93' lang='lat' dir='ltr'><strong>in</strong></span> <span class='ocrx_word' id='word_1_59' title='bbox 1350 633 1483 687; x_wconf 90' lang='lat' dir='ltr'><strong>omuibus</strong></span> <span class='ocrx_word' id='word_1_60' title='bbox 1507 636 1709 691; x_wconf 90' lang='lat' dir='ltr'><strong>venerabiliter</strong></span> <span class='ocrx_word' id='word_1_61' title='bbox 1732 653 1809 693; x_wconf 91' lang='lat' dir='ltr'><strong>rece-</strong></span> 
     </span>
     <span class='ocr_line' id='line_1_6' title="bbox 54 721 1809 795; baseline 0.003 -18"><span class='ocrx_word' id='word_1_62' title='bbox 54 723 177 777; x_wconf 85' lang='lat' dir='ltr'><strong>solveris</strong></span> <span class='ocrx_word' id='word_1_63' title='bbox 201 726 421 792; x_wconf 88' lang='lat' dir='ltr'><strong>superterram,</strong></span> <span class='ocrx_word' id='word_1_64' title='bbox 438 726 523 775; x_wconf 89' lang='lat' dir='ltr'><strong>erunt</strong></span> <span class='ocrx_word' id='word_1_65' title='bbox 545 721 638 775; x_wconf 90' lang='lat' dir='ltr'><strong>soluta</strong></span> <span class='ocrx_word' id='word_1_66' title='bbox 653 725 681 775; x_wconf 91' lang='lat' dir='ltr'><strong>et</strong></span> <span class='ocrx_word' id='word_1_67' title='bbox 702 722 733 776; x_wconf 92' lang='lat' dir='ltr'><strong>in</strong></span> <span class='ocrx_word' id='word_1_68' title='bbox 749 722 828 776; x_wconf 85' lang='lat' dir='ltr'><strong>eoelo.</strong></span> <span class='ocrx_word' id='word_1_69' title='bbox 856 722 908 777; x_wconf 88' lang='lat' dir='ltr'><strong>Cui</strong></span> <span class='ocrx_word' id='word_1_70' title='bbox 961 721 1045 792; x_wconf 89' lang='lat' dir='ltr'><strong>perit,</strong></span> <span class='ocrx_word' id='word_1_71' title='bbox 1071 721 1224 775; x_wconf 86' lang='lat' dir='ltr'><strong>anathema</strong></span> <span class='ocrx_word' id='word_1_72' title='bbox 1249 721 1294 774; x_wconf 89' lang='lat' dir='ltr'><strong>sit.</strong></span> <span class='ocrx_word' id='word_1_73' title='bbox 1318 722 1389 775; x_wconf 88' lang='lat' dir='ltr'><strong>ltem</strong></span> <span class='ocrx_word' id='word_1_74' title='bbox 1405 723 1542 792; x_wconf 91' lang='lat' dir='ltr'><strong>opuscula</strong></span> <span class='ocrx_word' id='word_1_75' title='bbox 1560 728 1646 795; x_wconf 91' lang='lat' dir='ltr'><strong>atque</strong></span> <span class='ocrx_word' id='word_1_76' title='bbox 1673 729 1809 782; x_wconf 87' lang='lat' dir='ltr'><strong>tractatus</strong></span> 
     </span>
     <span class='ocr_line' id='line_1_7' title="bbox 55 809 1808 882; baseline 0.002 -16"><span class='ocrx_word' id='word_1_77' title='bbox 55 813 124 866; x_wconf 88' lang='lat' dir='ltr'><strong>data</strong></span> <span class='ocrx_word' id='word_1_78' title='bbox 138 817 180 865; x_wconf 89' lang='lat' dir='ltr'><strong>est</strong></span> <span class='ocrx_word' id='word_1_79' title='bbox 194 812 281 866; x_wconf 89' lang='lat' dir='ltr'><strong>etiam</strong></span> <span class='ocrx_word' id='word_1_80' title='bbox 296 810 415 865; x_wconf 86' lang='lat' dir='ltr'><strong>societas</strong></span> <span class='ocrx_word' id='word_1_81' title='bbox 432 809 590 864; x_wconf 79' lang='lat' dir='ltr'><strong>beatissimi</strong></span> <span class='ocrx_word' id='word_1_82' title='bbox 607 810 687 865; x_wconf 87' lang='lat' dir='ltr'><strong>Pauli</strong></span> <span class='ocrx_word' id='word_1_83' title='bbox 699 812 822 881; x_wconf 90' lang='lat' dir='ltr'><strong>apostoli</strong></span> <span class='ocrx_word' id='word_1_84' title='bbox 835 811 908 867; x_wconf 85' lang='lat' dir='ltr'><strong>vasis</strong></span> <span class='ocrx_word' id='word_1_85' title='bbox 961 809 1092 864; x_wconf 90' lang='lat' dir='ltr'><strong>omnium</strong></span> <span class='ocrx_word' id='word_1_86' title='bbox 1116 811 1232 864; x_wconf 87' lang='lat' dir='ltr'><strong>Petrum</strong></span> <span class='ocrx_word' id='word_1_87' title='bbox 1249 809 1472 882; x_wconf 91' lang='lat' dir='ltr'><strong>orthodoxorum</strong></span> <span class='ocrx_word' id='word_1_88' title='bbox 1489 810 1540 881; x_wconf 91' lang='lat' dir='ltr'><strong>qui</strong></span> <span class='ocrx_word' id='word_1_89' title='bbox 1562 812 1592 865; x_wconf 93' lang='lat' dir='ltr'><strong>in</strong></span> <span class='ocrx_word' id='word_1_90' title='bbox 1615 813 1694 868; x_wconf 92' lang='lat' dir='ltr'><strong>nullo</strong></span> <span class='ocrx_word' id='word_1_91' title='bbox 1711 832 1728 869; x_wconf 90' lang='lat' dir='ltr'><strong>a</strong></span> <span class='ocrx_word' id='word_1_92' title='bbox 1743 831 1808 870; x_wconf 91' lang='lat' dir='ltr'><strong>san·</strong></span> 
     </span>
     <span class='ocr_line' id='line_1_8' title="bbox 55 895 1809 971; baseline 0.002 -17"><span class='ocrx_word' id='word_1_93' title='bbox 55 899 217 968; x_wconf 78' lang='lat' dir='ltr'><strong>electionis,</strong></span> <span class='ocrx_word' id='word_1_94' title='bbox 235 898 285 971; x_wconf 90' lang='lat' dir='ltr'><strong>qui</strong></span> <span class='ocrx_word' id='word_1_95' title='bbox 307 914 367 953; x_wconf 90' lang='lat' dir='ltr'><strong>nun</strong></span> <span class='ocrx_word' id='word_1_96' title='bbox 382 898 502 965; x_wconf 88' lang='lat' dir='ltr'><strong>diverso,</strong></span> <span class='ocrx_word' id='word_1_97' title='bbox 519 897 592 951; x_wconf 87' lang='lat' dir='ltr'><strong>sieut</strong></span> <span class='ocrx_word' id='word_1_98' title='bbox 614 898 741 953; x_wconf 78' lang='lat' dir='ltr'><strong>haeretici</strong></span> <span class='ocrx_word' id='word_1_99' title='bbox 764 898 907 971; x_wconf 87' lang='lat' dir='ltr'><strong>garriunt,</strong></span> <span class='ocrx_word' id='word_1_100' title='bbox 961 902 1013 951; x_wconf 81' lang='lat' dir='ltr'><strong>ctae</strong></span> <span class='ocrx_word' id='word_1_101' title='bbox 1037 895 1168 951; x_wconf 85' lang='lat' dir='ltr'><strong>Ecclesiae</strong></span> <span class='ocrx_word' id='word_1_102' title='bbox 1189 896 1327 951; x_wconf 71' lang='lat' dir='ltr'><strong>Romanae</strong></span> <span class='ocrx_word' id='word_1_103' title='bbox 1347 897 1491 953; x_wconf 90' lang='lat' dir='ltr'><strong>consortio</strong></span> <span class='ocrx_word' id='word_1_104' title='bbox 1514 899 1677 967; x_wconf 89' lang='lat' dir='ltr'><strong>deviarunt,</strong></span> <span class='ocrx_word' id='word_1_105' title='bbox 1698 918 1750 957; x_wconf 91' lang='lat' dir='ltr'><strong>nee</strong></span> <span class='ocrx_word' id='word_1_106' title='bbox 1773 903 1809 958; x_wconf 92' lang='lat' dir='ltr'><strong>ab</strong></span> 
     </span>
     <span class='ocr_line' id='line_1_9' title="bbox 48 976 1809 1062; baseline 0.002 -19"><span class='ocrx_word' id='word_1_107' title='bbox 48 976 106 1043; x_wconf 62' lang='lat' dir='ltr'><strong>&#39;sed</strong></span> <span class='ocrx_word' id='word_1_108' title='bbox 122 1005 181 1043; x_wconf 93' lang='lat' dir='ltr'><strong>uuo</strong></span> <span class='ocrx_word' id='word_1_109' title='bbox 204 995 344 1058; x_wconf 88' lang='lat' dir='ltr'><strong>tempore,</strong></span> <span class='ocrx_word' id='word_1_110' title='bbox 367 1003 425 1041; x_wconf 91' lang='lat' dir='ltr'><strong>uno</strong></span> <span class='ocrx_word' id='word_1_111' title='bbox 440 988 600 1057; x_wconf 90' lang='lat' dir='ltr'><strong>eodemque</strong></span> <span class='ocrx_word' id='word_1_112' title='bbox 616 987 661 1041; x_wconf 90' lang='lat' dir='ltr'><strong>die</strong></span> <span class='ocrx_word' id='word_1_113' title='bbox 676 987 800 1058; x_wconf 90' lang='lat' dir='ltr'><strong>gloriosa</strong></span> <span class='ocrx_word' id='word_1_114' title='bbox 815 994 907 1044; x_wconf 91' lang='lat' dir='ltr'><strong>morte</strong></span> <span class='ocrx_word' id='word_1_115' title='bbox 961 985 1022 1057; x_wconf 87' lang='lat' dir='ltr'><strong>ejus</strong></span> <span class='ocrx_word' id='word_1_116' title='bbox 1036 985 1101 1050; x_wconf 87' lang='lat' dir='ltr'><strong>fide,</strong></span> <span class='ocrx_word' id='word_1_117' title='bbox 1118 985 1162 1040; x_wconf 91' lang='lat' dir='ltr'><strong>vel</strong></span> <span class='ocrx_word' id='word_1_118' title='bbox 1186 984 1387 1058; x_wconf 71' lang='lat' dir='ltr'><strong>predicatione</strong></span> <span class='ocrx_word' id='word_1_119' title='bbox 1412 986 1534 1056; x_wconf 88' lang='lat' dir='ltr'><strong>sejuncti</strong></span> <span class='ocrx_word' id='word_1_120' title='bbox 1552 993 1629 1057; x_wconf 90' lang='lat' dir='ltr'><strong>sunt,</strong></span> <span class='ocrx_word' id='word_1_121' title='bbox 1646 989 1696 1044; x_wconf 90' lang='lat' dir='ltr'><strong>sed</strong></span> <span class='ocrx_word' id='word_1_122' title='bbox 1719 991 1809 1062; x_wconf 89' lang='lat' dir='ltr'><strong>ipsius</strong></span> 
     </span>
     <span class='ocr_line' id='line_1_10' title="bbox 54 1072 1808 1146; baseline 0.001 -13"><span class='ocrx_word' id='word_1_123' title='bbox 54 1093 121 1135; x_wconf 90' lang='lat' dir='ltr'><strong>cum</strong></span> <span class='ocrx_word' id='word_1_124' title='bbox 138 1078 221 1132; x_wconf 88' lang='lat' dir='ltr'><strong>Petro</strong></span> <span class='ocrx_word' id='word_1_125' title='bbox 244 1077 274 1131; x_wconf 93' lang='lat' dir='ltr'><strong>in</strong></span> <span class='ocrx_word' id='word_1_126' title='bbox 289 1076 360 1131; x_wconf 91' lang='lat' dir='ltr'><strong>urbe</strong></span> <span class='ocrx_word' id='word_1_127' title='bbox 376 1075 468 1130; x_wconf 91' lang='lat' dir='ltr'><strong>Roma</strong></span> <span class='ocrx_word' id='word_1_128' title='bbox 486 1075 538 1129; x_wconf 89' lang='lat' dir='ltr'><strong>sub</strong></span> <span class='ocrx_word' id='word_1_129' title='bbox 555 1075 666 1130; x_wconf 78' lang='lat' dir='ltr'><strong>Caesare</strong></span> <span class='ocrx_word' id='word_1_130' title='bbox 679 1075 790 1130; x_wconf 91' lang='lat' dir='ltr'><strong>Nerone</strong></span> <span class='ocrx_word' id='word_1_131' title='bbox 806 1075 907 1146; x_wconf 92' lang='lat' dir='ltr'><strong>agoni·</strong></span> <span class='ocrx_word' id='word_1_132' title='bbox 960 1073 1231 1144; x_wconf 88' lang='lat' dir='ltr'><strong>communionisper</strong></span> <span class='ocrx_word' id='word_1_133' title='bbox 1241 1072 1363 1145; x_wconf 89' lang='lat' dir='ltr'><strong>gratiam</strong></span> <span class='ocrx_word' id='word_1_134' title='bbox 1377 1074 1426 1129; x_wconf 87' lang='lat' dir='ltr'><strong>Dei</strong></span> <span class='ocrx_word' id='word_1_135' title='bbox 1436 1092 1527 1146; x_wconf 90' lang='lat' dir='ltr'><strong>usque</strong></span> <span class='ocrx_word' id='word_1_136' title='bbox 1540 1076 1569 1130; x_wconf 93' lang='lat' dir='ltr'><strong>in</strong></span> <span class='ocrx_word' id='word_1_137' title='bbox 1587 1077 1721 1132; x_wconf 89' lang='lat' dir='ltr'><strong>ultimum</strong></span> <span class='ocrx_word' id='word_1_138' title='bbox 1732 1080 1808 1135; x_wconf 91' lang='lat' dir='ltr'><strong>diem</strong></span> 
     </span>
     <span class='ocr_line' id='line_1_11' title="bbox 56 1162 1806 1235; baseline 0.002 -14"><span class='ocrx_word' id='word_1_139' title='bbox 56 1182 125 1221; x_wconf 86' lang='lat' dir='ltr'><strong>zeus</strong></span> <span class='ocrx_word' id='word_1_140' title='bbox 150 1170 303 1220; x_wconf 90' lang='lat' dir='ltr'><strong>coronatus</strong></span> <span class='ocrx_word' id='word_1_141' title='bbox 320 1170 372 1231; x_wconf 90' lang='lat' dir='ltr'><strong>est,</strong></span> <span class='ocrx_word' id='word_1_142' title='bbox 388 1169 416 1220; x_wconf 89' lang='lat' dir='ltr'><strong>et</strong></span> <span class='ocrx_word' id='word_1_143' title='bbox 436 1163 547 1235; x_wconf 84' lang='lat' dir='ltr'><strong>pariter</strong></span> <span class='ocrx_word' id='word_1_144' title='bbox 566 1163 758 1234; x_wconf 82' lang='lat' dir='ltr'><strong>supradictam</strong></span> <span class='ocrx_word' id='word_1_145' title='bbox 781 1170 908 1219; x_wconf 87' lang='lat' dir='ltr'><strong>sanctam</strong></span> <span class='ocrx_word' id='word_1_146' title='bbox 960 1162 1026 1217; x_wconf 79' lang='lat' dir='ltr'><strong>vite</strong></span> <span class='ocrx_word' id='word_1_147' title='bbox 1054 1179 1115 1217; x_wconf 78' lang='lat' dir='ltr'><strong>snm</strong></span> <span class='ocrx_word' id='word_1_148' title='bbox 1145 1163 1225 1218; x_wconf 88' lang='lat' dir='ltr'><strong>fuera</strong></span> <span class='ocrx_word' id='word_1_149' title='bbox 1252 1163 1416 1234; x_wconf 85' lang='lat' dir='ltr'><strong>participes,</strong></span> <span class='ocrx_word' id='word_1_150' title='bbox 1449 1164 1585 1234; x_wconf 87' lang='lat' dir='ltr'><strong>legendos</strong></span> <span class='ocrx_word' id='word_1_151' title='bbox 1617 1165 1806 1225; x_wconf 89' lang='lat' dir='ltr'><strong>decernimus.</strong></span> 
     </span>
     <span class='ocr_line' id='line_1_12' title="bbox 56 1251 1808 1327; baseline 0 -17"><span class='ocrx_word' id='word_1_152' title='bbox 56 1255 219 1310; x_wconf 85' lang='lat' dir='ltr'><strong>Romanam</strong></span> <span class='ocrx_word' id='word_1_153' title='bbox 248 1253 400 1308; x_wconf 85' lang='lat' dir='ltr'><strong>Ecclesiam</strong></span> <span class='ocrx_word' id='word_1_154' title='bbox 422 1252 534 1309; x_wconf 87' lang='lat' dir='ltr'><strong>Christo</strong></span> <span class='ocrx_word' id='word_1_155' title='bbox 551 1252 672 1307; x_wconf 85' lang='lat' dir='ltr'><strong>Domino</strong></span> <span class='ocrx_word' id='word_1_156' title='bbox 696 1259 907 1321; x_wconf 91' lang='lat' dir='ltr'><strong>consecrarunt,</strong></span> <span class='ocrx_word' id='word_1_157' title='bbox 961 1251 1031 1305; x_wconf 91' lang='lat' dir='ltr'><strong>ltem</strong></span> <span class='ocrx_word' id='word_1_158' title='bbox 1047 1251 1203 1305; x_wconf 83' lang='lat' dir='ltr'><strong>decretales</strong></span> <span class='ocrx_word' id='word_1_159' title='bbox 1227 1251 1372 1321; x_wconf 88' lang='lat' dir='ltr'><strong>epistolas,</strong></span> <span class='ocrx_word' id='word_1_160' title='bbox 1396 1268 1467 1322; x_wconf 87' lang='lat' dir='ltr'><strong>quas</strong></span> <span class='ocrx_word' id='word_1_161' title='bbox 1487 1253 1644 1308; x_wconf 89' lang='lat' dir='ltr'><strong>beatissimi</strong></span> <span class='ocrx_word' id='word_1_162' title='bbox 1661 1271 1744 1327; x_wconf 82' lang='lat' dir='ltr'><strong>papae</strong></span> <span class='ocrx_word' id='word_1_163' title='bbox 1765 1258 1808 1313; x_wconf 88' lang='lat' dir='ltr'><strong>di·</strong></span> 
     </span>
     <span class='ocr_line' id='line_1_13' title="bbox 58 1339 1808 1413; baseline 0.003 -17"><span class='ocrx_word' id='word_1_164' title='bbox 58 1343 192 1413; x_wconf 80' lang='lat' dir='ltr'><strong>hancque</strong></span> <span class='ocrx_word' id='word_1_165' title='bbox 217 1342 351 1397; x_wconf 89' lang='lat' dir='ltr'><strong>omnibus</strong></span> <span class='ocrx_word' id='word_1_166' title='bbox 375 1341 493 1396; x_wconf 88' lang='lat' dir='ltr'><strong>urbibus</strong></span> <span class='ocrx_word' id='word_1_167' title='bbox 515 1342 545 1397; x_wconf 94' lang='lat' dir='ltr'><strong>in</strong></span> <span class='ocrx_word' id='word_1_168' title='bbox 569 1342 701 1396; x_wconf 90' lang='lat' dir='ltr'><strong>universo</strong></span> <span class='ocrx_word' id='word_1_169' title='bbox 724 1341 831 1396; x_wconf 91' lang='lat' dir='ltr'><strong>mundo</strong></span> <span class='ocrx_word' id='word_1_170' title='bbox 858 1359 909 1397; x_wconf 89' lang='lat' dir='ltr'><strong>sua</strong></span> <span class='ocrx_word' id='word_1_171' title='bbox 960 1339 1049 1392; x_wconf 89' lang='lat' dir='ltr'><strong>versis</strong></span> <span class='ocrx_word' id='word_1_172' title='bbox 1075 1339 1256 1408; x_wconf 85' lang='lat' dir='ltr'><strong>temporibus</strong></span> <span class='ocrx_word' id='word_1_173' title='bbox 1283 1339 1319 1393; x_wconf 91' lang='lat' dir='ltr'><strong>ab</strong></span> <span class='ocrx_word' id='word_1_174' title='bbox 1344 1340 1412 1394; x_wconf 90' lang='lat' dir='ltr'><strong>urbe</strong></span> <span class='ocrx_word' id='word_1_175' title='bbox 1438 1340 1528 1395; x_wconf 89' lang='lat' dir='ltr'><strong>Roma</strong></span> <span class='ocrx_word' id='word_1_176' title='bbox 1553 1357 1605 1411; x_wconf 94' lang='lat' dir='ltr'><strong>pro</strong></span> <span class='ocrx_word' id='word_1_177' title='bbox 1629 1342 1808 1401; x_wconf 85' lang='lat' dir='ltr'><strong>diversorum</strong></span> 
     </span>
     <span class='ocr_line' id='line_1_14' title="bbox 58 1427 1807 1501; baseline 0.003 -17"><span class='ocrx_word' id='word_1_178' title='bbox 58 1430 226 1501; x_wconf 74' lang='lat' dir='ltr'><strong>praesentia,</strong></span> <span class='ocrx_word' id='word_1_179' title='bbox 246 1435 332 1501; x_wconf 90' lang='lat' dir='ltr'><strong>atque</strong></span> <span class='ocrx_word' id='word_1_180' title='bbox 355 1430 519 1484; x_wconf 89' lang='lat' dir='ltr'><strong>venerando</strong></span> <span class='ocrx_word' id='word_1_181' title='bbox 542 1430 689 1500; x_wconf 88' lang='lat' dir='ltr'><strong>triumpho</strong></span> <span class='ocrx_word' id='word_1_182' title='bbox 707 1431 907 1500; x_wconf 76' lang='lat' dir='ltr'><strong>praetulerunt.</strong></span> <span class='ocrx_word' id='word_1_183' title='bbox 962 1432 1076 1499; x_wconf 90' lang='lat' dir='ltr'><strong>patrum</strong></span> <span class='ocrx_word' id='word_1_184' title='bbox 1100 1427 1295 1482; x_wconf 88' lang='lat' dir='ltr'><strong>consolatione</strong></span> <span class='ocrx_word' id='word_1_185' title='bbox 1317 1427 1466 1490; x_wconf 86' lang='lat' dir='ltr'><strong>dederunt,</strong></span> <span class='ocrx_word' id='word_1_186' title='bbox 1496 1430 1698 1485; x_wconf 87' lang='lat' dir='ltr'><strong>venerabiliter</strong></span> <span class='ocrx_word' id='word_1_187' title='bbox 1719 1435 1807 1489; x_wconf 90' lang='lat' dir='ltr'><strong>susci·</strong></span> 
     </span>
     <span class='ocr_line' id='line_1_15' title="bbox 59 1514 1808 1588; baseline 0.001 -16"><span class='ocrx_word' id='word_1_188' title='bbox 59 1518 109 1572; x_wconf 91' lang='lat' dir='ltr'><strong>Est</strong></span> <span class='ocrx_word' id='word_1_189' title='bbox 123 1534 193 1588; x_wconf 90' lang='lat' dir='ltr'><strong>ergo</strong></span> <span class='ocrx_word' id='word_1_190' title='bbox 210 1517 304 1588; x_wconf 94' lang='lat' dir='ltr'><strong>prima</strong></span> <span class='ocrx_word' id='word_1_191' title='bbox 319 1516 396 1571; x_wconf 89' lang='lat' dir='ltr'><strong>Petri</strong></span> <span class='ocrx_word' id='word_1_192' title='bbox 413 1516 535 1587; x_wconf 88' lang='lat' dir='ltr'><strong>apostoli</strong></span> <span class='ocrx_word' id='word_1_193' title='bbox 548 1517 629 1571; x_wconf 89' lang='lat' dir='ltr'><strong>sedes</strong></span> <span class='ocrx_word' id='word_1_194' title='bbox 644 1516 772 1571; x_wconf 89' lang='lat' dir='ltr'><strong>Romana</strong></span> <span class='ocrx_word' id='word_1_195' title='bbox 786 1516 909 1571; x_wconf 81' lang='lat' dir='ltr'><strong>Ecclesia</strong></span> <span class='ocrx_word' id='word_1_196' title='bbox 961 1514 1089 1584; x_wconf 88' lang='lat' dir='ltr'><strong>piendas.</strong></span> <span class='ocrx_word' id='word_1_197' title='bbox 1104 1514 1174 1567; x_wconf 90' lang='lat' dir='ltr'><strong>ltem</strong></span> <span class='ocrx_word' id='word_1_198' title='bbox 1197 1518 1276 1585; x_wconf 90' lang='lat' dir='ltr'><strong>gesta</strong></span> <span class='ocrx_word' id='word_1_199' title='bbox 1290 1518 1452 1568; x_wconf 88' lang='lat' dir='ltr'><strong>sanctorum</strong></span> <span class='ocrx_word' id='word_1_200' title='bbox 1468 1520 1636 1587; x_wconf 89' lang='lat' dir='ltr'><strong>martyrum,</strong></span> <span class='ocrx_word' id='word_1_201' title='bbox 1653 1534 1718 1588; x_wconf 81' lang='lat' dir='ltr'><strong>quae</strong></span> <span class='ocrx_word' id='word_1_202' title='bbox 1733 1519 1808 1573; x_wconf 91' lang='lat' dir='ltr'><strong>mul·</strong></span> 
     </span>
     <span class='ocr_line' id='line_1_16' title="bbox 57 1599 1809 1698; baseline 0.001 -38"><span class='ocrx_word' id='word_1_203' title='bbox 57 1622 118 1660; x_wconf 92' lang='lat' dir='ltr'><strong>non</strong></span> <span class='ocrx_word' id='word_1_204' title='bbox 143 1605 252 1660; x_wconf 89' lang='lat' dir='ltr'><strong>habens</strong></span> <span class='ocrx_word' id='word_1_205' title='bbox 269 1605 422 1675; x_wconf 81' lang='lat' dir='ltr'><strong>maculam,</strong></span> <span class='ocrx_word' id='word_1_206' title='bbox 447 1621 500 1660; x_wconf 92' lang='lat' dir='ltr'><strong>nec</strong></span> <span class='ocrx_word' id='word_1_207' title='bbox 524 1621 637 1675; x_wconf 90' lang='lat' dir='ltr'><strong>rugam,</strong></span> <span class='ocrx_word' id='word_1_208' title='bbox 654 1621 706 1659; x_wconf 92' lang='lat' dir='ltr'><strong>nec</strong></span> <span class='ocrx_word' id='word_1_209' title='bbox 721 1604 828 1676; x_wconf 89' lang='lat' dir='ltr'><strong>aliquid</strong></span> <span class='ocrx_word' id='word_1_210' title='bbox 850 1605 943 1698; x_wconf 83' lang='lat' dir='ltr'><strong>hu·B</strong></span> <span class='ocrx_word' id='word_1_211' title='bbox 962 1599 1108 1673; x_wconf 89' lang='lat' dir='ltr'><strong>tiplieibus</strong></span> <span class='ocrx_word' id='word_1_212' title='bbox 1137 1608 1346 1658; x_wconf 88' lang='lat' dir='ltr'><strong>tormentorum</strong></span> <span class='ocrx_word' id='word_1_213' title='bbox 1377 1604 1550 1659; x_wconf 89' lang='lat' dir='ltr'><strong>cruciatibus</strong></span> <span class='ocrx_word' id='word_1_214' title='bbox 1574 1609 1603 1660; x_wconf 89' lang='lat' dir='ltr'><strong>et</strong></span> <span class='ocrx_word' id='word_1_215' title='bbox 1629 1607 1809 1662; x_wconf 87' lang='lat' dir='ltr'><strong>mirabilibus</strong></span> 
     </span>
     <span class='ocr_line' id='line_1_17' title="bbox 54 1691 1809 1765; baseline 0.001 -15"><span class='ocrx_word' id='word_1_216' title='bbox 54 1693 193 1765; x_wconf 87' lang='lat' dir='ltr'><strong>jusmodi.</strong></span> <span class='ocrx_word' id='word_1_217' title='bbox 214 1695 341 1749; x_wconf 89' lang='lat' dir='ltr'><strong>Secunda</strong></span> <span class='ocrx_word' id='word_1_218' title='bbox 368 1698 463 1748; x_wconf 90' lang='lat' dir='ltr'><strong>autem</strong></span> <span class='ocrx_word' id='word_1_219' title='bbox 491 1695 570 1749; x_wconf 90' lang='lat' dir='ltr'><strong>sedes</strong></span> <span class='ocrx_word' id='word_1_220' title='bbox 597 1693 673 1764; x_wconf 93' lang='lat' dir='ltr'><strong>apud</strong></span> <span class='ocrx_word' id='word_1_221' title='bbox 694 1695 906 1762; x_wconf 80' lang='lat' dir='ltr'><strong>Alexandriam,</strong></span> <span class='ocrx_word' id='word_1_222' title='bbox 962 1692 1173 1747; x_wconf 86' lang='lat' dir='ltr'><strong>confessionum</strong></span> <span class='ocrx_word' id='word_1_223' title='bbox 1198 1691 1353 1762; x_wconf 89' lang='lat' dir='ltr'><strong>triumphis</strong></span> <span class='ocrx_word' id='word_1_224' title='bbox 1378 1691 1527 1762; x_wconf 87' lang='lat' dir='ltr'><strong>irradiant,</strong></span> <span class='ocrx_word' id='word_1_225' title='bbox 1553 1693 1617 1764; x_wconf 92' lang='lat' dir='ltr'><strong>quis</strong></span> <span class='ocrx_word' id='word_1_226' title='bbox 1632 1695 1686 1749; x_wconf 91' lang='lat' dir='ltr'><strong>ista</strong></span> <span class='ocrx_word' id='word_1_227' title='bbox 1710 1696 1809 1751; x_wconf 89' lang='lat' dir='ltr'><strong>catho-</strong></span> 
     </span>
     <span class='ocr_line' id='line_1_18' title="bbox 55 1779 1809 1853; baseline 0 -15"><span class='ocrx_word' id='word_1_228' title='bbox 55 1783 134 1839; x_wconf 90' lang='lat' dir='ltr'><strong>beati</strong></span> <span class='ocrx_word' id='word_1_229' title='bbox 149 1784 226 1838; x_wconf 88' lang='lat' dir='ltr'><strong>Petri</strong></span> <span class='ocrx_word' id='word_1_230' title='bbox 251 1781 369 1837; x_wconf 83' lang='lat' dir='ltr'><strong>nornine</strong></span> <span class='ocrx_word' id='word_1_231' title='bbox 384 1800 401 1837; x_wconf 89' lang='lat' dir='ltr'><strong>a</strong></span> <span class='ocrx_word' id='word_1_232' title='bbox 415 1783 507 1837; x_wconf 91' lang='lat' dir='ltr'><strong>llarco</strong></span> <span class='ocrx_word' id='word_1_233' title='bbox 531 1783 593 1853; x_wconf 87' lang='lat' dir='ltr'><strong>ejus</strong></span> <span class='ocrx_word' id='word_1_234' title='bbox 615 1782 755 1852; x_wconf 91' lang='lat' dir='ltr'><strong>discipulo</strong></span> <span class='ocrx_word' id='word_1_235' title='bbox 780 1789 906 1837; x_wconf 87' lang='lat' dir='ltr'><strong>eteven·</strong></span> <span class='ocrx_word' id='word_1_236' title='bbox 961 1781 1081 1835; x_wconf 87' lang='lat' dir='ltr'><strong>lieorum</strong></span> <span class='ocrx_word' id='word_1_237' title='bbox 1106 1779 1229 1850; x_wconf 89' lang='lat' dir='ltr'><strong>dubitet,</strong></span> <span class='ocrx_word' id='word_1_238' title='bbox 1252 1786 1281 1834; x_wconf 86' lang='lat' dir='ltr'><strong>et</strong></span> <span class='ocrx_word' id='word_1_239' title='bbox 1303 1780 1414 1850; x_wconf 89' lang='lat' dir='ltr'><strong>majore</strong></span> <span class='ocrx_word' id='word_1_240' title='bbox 1432 1796 1481 1834; x_wconf 90' lang='lat' dir='ltr'><strong>eos</strong></span> <span class='ocrx_word' id='word_1_241' title='bbox 1507 1783 1537 1834; x_wconf 94' lang='lat' dir='ltr'><strong>in</strong></span> <span class='ocrx_word' id='word_1_242' title='bbox 1564 1783 1706 1852; x_wconf 80' lang='lat' dir='ltr'><strong>agonibus</strong></span> <span class='ocrx_word' id='word_1_243' title='bbox 1721 1784 1809 1839; x_wconf 90' lang='lat' dir='ltr'><strong>luisse</strong></span> 
     </span>
     <span class='ocr_line' id='line_1_19' title="bbox 56 1866 1809 1944; baseline 0.001 -18"><span class='ocrx_word' id='word_1_244' title='bbox 56 1872 160 1944; x_wconf 77' lang='lat' dir='ltr'><strong>gelista</strong></span> <span class='ocrx_word' id='word_1_245' title='bbox 181 1877 345 1926; x_wconf 91' lang='lat' dir='ltr'><strong>consecrata</strong></span> <span class='ocrx_word' id='word_1_246' title='bbox 364 1876 415 1937; x_wconf 91' lang='lat' dir='ltr'><strong>est,</strong></span> <span class='ocrx_word' id='word_1_247' title='bbox 444 1870 562 1942; x_wconf 89' lang='lat' dir='ltr'><strong>ipseque</strong></span> <span class='ocrx_word' id='word_1_248' title='bbox 585 1872 701 1925; x_wconf 89' lang='lat' dir='ltr'><strong>aPetro</strong></span> <span class='ocrx_word' id='word_1_249' title='bbox 725 1872 852 1942; x_wconf 88' lang='lat' dir='ltr'><strong>apostolo</strong></span> <span class='ocrx_word' id='word_1_250' title='bbox 877 1872 907 1925; x_wconf 91' lang='lat' dir='ltr'><strong>iu</strong></span> <span class='ocrx_word' id='word_1_251' title='bbox 961 1883 1123 1938; x_wconf 89' lang='lat' dir='ltr'><strong>perpessos,</strong></span> <span class='ocrx_word' id='word_1_252' title='bbox 1138 1883 1191 1921; x_wconf 90' lang='lat' dir='ltr'><strong>uec</strong></span> <span class='ocrx_word' id='word_1_253' title='bbox 1213 1868 1270 1921; x_wconf 91' lang='lat' dir='ltr'><strong>suis</strong></span> <span class='ocrx_word' id='word_1_254' title='bbox 1287 1866 1403 1936; x_wconf 83' lang='lat' dir='ltr'><strong>viribus,</strong></span> <span class='ocrx_word' id='word_1_255' title='bbox 1429 1869 1478 1922; x_wconf 86' lang='lat' dir='ltr'><strong>sed</strong></span> <span class='ocrx_word' id='word_1_256' title='bbox 1495 1869 1544 1922; x_wconf 86' lang='lat' dir='ltr'><strong>Dei</strong></span> <span class='ocrx_word' id='word_1_257' title='bbox 1568 1870 1661 1940; x_wconf 90' lang='lat' dir='ltr'><strong>gratia</strong></span> <span class='ocrx_word' id='word_1_258' title='bbox 1685 1876 1713 1927; x_wconf 92' lang='lat' dir='ltr'><strong>et</strong></span> <span class='ocrx_word' id='word_1_259' title='bbox 1728 1873 1809 1943; x_wconf 86' lang='lat' dir='ltr'><strong>adje-</strong></span> 
     </span>
     <span class='ocr_line' id='line_1_20' title="bbox 54 1954 1808 2028; baseline 0.002 -17"><span class='ocrx_word' id='word_1_260' title='bbox 54 1957 210 2028; x_wconf 79' lang='lat' dir='ltr'><strong>AEgyptum</strong></span> <span class='ocrx_word' id='word_1_261' title='bbox 235 1956 368 2023; x_wconf 89' lang='lat' dir='ltr'><strong>directus,</strong></span> <span class='ocrx_word' id='word_1_262' title='bbox 391 1955 511 2009; x_wconf 89' lang='lat' dir='ltr'><strong>verbum</strong></span> <span class='ocrx_word' id='word_1_263' title='bbox 535 1954 664 2009; x_wconf 86' lang='lat' dir='ltr'><strong>veritatis</strong></span> <span class='ocrx_word' id='word_1_264' title='bbox 686 1955 861 2026; x_wconf 77' lang='lat' dir='ltr'><strong>praedicavit,</strong></span> <span class='ocrx_word' id='word_1_265' title='bbox 880 1960 909 2011; x_wconf 90' lang='lat' dir='ltr'><strong>et</strong></span> <span class='ocrx_word' id='word_1_266' title='bbox 962 1957 1037 2009; x_wconf 92' lang='lat' dir='ltr'><strong>torio</strong></span> <span class='ocrx_word' id='word_1_267' title='bbox 1059 1954 1191 2009; x_wconf 91' lang='lat' dir='ltr'><strong>universa</strong></span> <span class='ocrx_word' id='word_1_268' title='bbox 1218 1956 1378 2009; x_wconf 79' lang='lat' dir='ltr'><strong>tolerasse?</strong></span> <span class='ocrx_word' id='word_1_269' title='bbox 1392 1955 1446 2010; x_wconf 88' lang='lat' dir='ltr'><strong>Sed</strong></span> <span class='ocrx_word' id='word_1_270' title='bbox 1471 1955 1536 2011; x_wconf 91' lang='lat' dir='ltr'><strong>ideo</strong></span> <span class='ocrx_word' id='word_1_271' title='bbox 1560 1959 1719 2013; x_wconf 91' lang='lat' dir='ltr'><strong>secundum</strong></span> <span class='ocrx_word' id='word_1_272' title='bbox 1734 1960 1808 2014; x_wconf 89' lang='lat' dir='ltr'><strong>auti-</strong></span> 
     </span>
     <span class='ocr_line' id='line_1_21' title="bbox 55 2043 1809 2115; baseline 0.002 -16"><span class='ocrx_word' id='word_1_273' title='bbox 55 2045 213 2115; x_wconf 87' lang='lat' dir='ltr'><strong>gloriosum</strong></span> <span class='ocrx_word' id='word_1_274' title='bbox 243 2043 454 2099; x_wconf 90' lang='lat' dir='ltr'><strong>consummavit</strong></span> <span class='ocrx_word' id='word_1_275' title='bbox 494 2043 674 2113; x_wconf 90' lang='lat' dir='ltr'><strong>martyrium.</strong></span> <span class='ocrx_word' id='word_1_276' title='bbox 710 2043 805 2097; x_wconf 87' lang='lat' dir='ltr'><strong>Tertia</strong></span> <span class='ocrx_word' id='word_1_277' title='bbox 841 2060 907 2098; x_wconf 91' lang='lat' dir='ltr'><strong>vero</strong></span> <span class='ocrx_word' id='word_1_278' title='bbox 962 2058 1049 2113; x_wconf 90' lang='lat' dir='ltr'><strong>quam</strong></span> <span class='ocrx_word' id='word_1_279' title='bbox 1065 2043 1301 2097; x_wconf 89' lang='lat' dir='ltr'><strong>consuetudinem</strong></span> <span class='ocrx_word' id='word_1_280' title='bbox 1316 2043 1456 2113; x_wconf 90' lang='lat' dir='ltr'><strong>singulari</strong></span> <span class='ocrx_word' id='word_1_281' title='bbox 1471 2045 1583 2099; x_wconf 90' lang='lat' dir='ltr'><strong>cautela</strong></span> <span class='ocrx_word' id='word_1_282' title='bbox 1597 2045 1626 2099; x_wconf 92' lang='lat' dir='ltr'><strong>in</strong></span> <span class='ocrx_word' id='word_1_283' title='bbox 1640 2052 1736 2101; x_wconf 89' lang='lat' dir='ltr'><strong>sancta</strong></span> <span class='ocrx_word' id='word_1_284' title='bbox 1751 2047 1809 2102; x_wconf 90' lang='lat' dir='ltr'><strong>Ro-</strong></span> 
     </span>
     <span class='ocr_line' id='line_1_22' title="bbox 55 2130 1808 2206; baseline 0.002 -20"><span class='ocrx_word' id='word_1_285' title='bbox 55 2133 140 2188; x_wconf 90' lang='lat' dir='ltr'><strong>sedes</strong></span> <span class='ocrx_word' id='word_1_286' title='bbox 174 2133 250 2203; x_wconf 86' lang='lat' dir='ltr'><strong>apud</strong></span> <span class='ocrx_word' id='word_1_287' title='bbox 278 2130 458 2187; x_wconf 88' lang='lat' dir='ltr'><strong>Antiochiam</strong></span> <span class='ocrx_word' id='word_1_288' title='bbox 486 2130 613 2200; x_wconf 89' lang='lat' dir='ltr'><strong>ejusdem</strong></span> <span class='ocrx_word' id='word_1_289' title='bbox 644 2130 802 2186; x_wconf 88' lang='lat' dir='ltr'><strong>beatissimi</strong></span> <span class='ocrx_word' id='word_1_290' title='bbox 831 2132 907 2186; x_wconf 88' lang='lat' dir='ltr'><strong>Petri</strong></span> <span class='ocrx_word' id='word_1_291' title='bbox 962 2147 1048 2185; x_wconf 88' lang='lat' dir='ltr'><strong>mana</strong></span> <span class='ocrx_word' id='word_1_292' title='bbox 1062 2130 1185 2184; x_wconf 88' lang='lat' dir='ltr'><strong>Ecclesia</strong></span> <span class='ocrx_word' id='word_1_293' title='bbox 1199 2147 1256 2184; x_wconf 91' lang='lat' dir='ltr'><strong>non</strong></span> <span class='ocrx_word' id='word_1_294' title='bbox 1271 2132 1416 2201; x_wconf 88' lang='lat' dir='ltr'><strong>leguntur,</strong></span> <span class='ocrx_word' id='word_1_295' title='bbox 1435 2131 1503 2203; x_wconf 89' lang='lat' dir='ltr'><strong>quia</strong></span> <span class='ocrx_word' id='word_1_296' title='bbox 1518 2137 1547 2186; x_wconf 89' lang='lat' dir='ltr'><strong>et</strong></span> <span class='ocrx_word' id='word_1_297' title='bbox 1561 2148 1660 2187; x_wconf 92' lang='lat' dir='ltr'><strong>eorum</strong></span> <span class='ocrx_word' id='word_1_298' title='bbox 1675 2135 1724 2206; x_wconf 91' lang='lat' dir='ltr'><strong>qui</strong></span> <span class='ocrx_word' id='word_1_299' title='bbox 1740 2134 1808 2189; x_wconf 89' lang='lat' dir='ltr'><strong>scri-</strong></span> 
     </span>
     <span class='ocr_line' id='line_1_23' title="bbox 55 2218 1809 2292; baseline 0.002 -17"><span class='ocrx_word' id='word_1_300' title='bbox 55 2220 176 2276; x_wconf 88' lang='lat' dir='ltr'><strong>nomine</strong></span> <span class='ocrx_word' id='word_1_301' title='bbox 190 2218 507 2286; x_wconf 89' lang='lat' dir='ltr'><strong>babeturhonorabilis,</strong></span> <span class='ocrx_word' id='word_1_302' title='bbox 522 2235 555 2272; x_wconf 93' lang='lat' dir='ltr'><strong>eo</strong></span> <span class='ocrx_word' id='word_1_303' title='bbox 572 2218 648 2290; x_wconf 93' lang='lat' dir='ltr'><strong>quod</strong></span> <span class='ocrx_word' id='word_1_304' title='bbox 659 2219 727 2285; x_wconf 93' lang='lat' dir='ltr'><strong>illic,</strong></span> <span class='ocrx_word' id='word_1_305' title='bbox 739 2219 906 2292; x_wconf 89' lang='lat' dir='ltr'><strong>priusquam</strong></span> <span class='ocrx_word' id='word_1_306' title='bbox 960 2236 1044 2291; x_wconf 86' lang='lat' dir='ltr'><strong>psere</strong></span> <span class='ocrx_word' id='word_1_307' title='bbox 1058 2219 1177 2274; x_wconf 90' lang='lat' dir='ltr'><strong>nomina</strong></span> <span class='ocrx_word' id='word_1_308' title='bbox 1202 2220 1318 2290; x_wconf 90' lang='lat' dir='ltr'><strong>penitus</strong></span> <span class='ocrx_word' id='word_1_309' title='bbox 1339 2219 1518 2290; x_wconf 89' lang='lat' dir='ltr'><strong>ignorantur,</strong></span> <span class='ocrx_word' id='word_1_310' title='bbox 1543 2226 1571 2274; x_wconf 88' lang='lat' dir='ltr'><strong>et</strong></span> <span class='ocrx_word' id='word_1_311' title='bbox 1584 2221 1620 2275; x_wconf 93' lang='lat' dir='ltr'><strong>ab</strong></span> <span class='ocrx_word' id='word_1_312' title='bbox 1644 2222 1809 2278; x_wconf 82' lang='lat' dir='ltr'><strong>infidelibus</strong></span> 
     </span>
     <span class='ocr_line' id='line_1_24' title="bbox 56 2306 1810 2380; baseline 0.002 -16"><span class='ocrx_word' id='word_1_313' title='bbox 56 2311 182 2365; x_wconf 84' lang='lat' dir='ltr'><strong>Romam</strong></span> <span class='ocrx_word' id='word_1_314' title='bbox 196 2308 329 2373; x_wconf 89' lang='lat' dir='ltr'><strong>venisset,</strong></span> <span class='ocrx_word' id='word_1_315' title='bbox 354 2306 502 2373; x_wconf 87' lang='lat' dir='ltr'><strong>habitavit,</strong></span> <span class='ocrx_word' id='word_1_316' title='bbox 519 2311 546 2362; x_wconf 92' lang='lat' dir='ltr'><strong>et</strong></span> <span class='ocrx_word' id='word_1_317' title='bbox 569 2307 628 2362; x_wconf 92' lang='lat' dir='ltr'><strong>illic</strong></span> <span class='ocrx_word' id='word_1_318' title='bbox 651 2308 777 2379; x_wconf 90' lang='lat' dir='ltr'><strong>primum</strong></span> <span class='ocrx_word' id='word_1_319' title='bbox 801 2324 906 2363; x_wconf 90' lang='lat' dir='ltr'><strong>nomen</strong></span> <span class='ocrx_word' id='word_1_320' title='bbox 961 2314 1011 2362; x_wconf 88' lang='lat' dir='ltr'><strong>aut</strong></span> <span class='ocrx_word' id='word_1_321' title='bbox 1025 2307 1106 2362; x_wconf 90' lang='lat' dir='ltr'><strong>dictis</strong></span> <span class='ocrx_word' id='word_1_322' title='bbox 1127 2307 1282 2378; x_wconf 87' lang='lat' dir='ltr'><strong>superllua,</strong></span> <span class='ocrx_word' id='word_1_323' title='bbox 1299 2313 1348 2361; x_wconf 84' lang='lat' dir='ltr'><strong>aut</strong></span> <span class='ocrx_word' id='word_1_324' title='bbox 1367 2309 1463 2362; x_wconf 89' lang='lat' dir='ltr'><strong>minus</strong></span> <span class='ocrx_word' id='word_1_325' title='bbox 1478 2312 1552 2379; x_wconf 89' lang='lat' dir='ltr'><strong>apta,</strong></span> <span class='ocrx_word' id='word_1_326' title='bbox 1570 2325 1655 2380; x_wconf 90' lang='lat' dir='ltr'><strong>quam</strong></span> <span class='ocrx_word' id='word_1_327' title='bbox 1682 2312 1725 2367; x_wconf 89' lang='lat' dir='ltr'><strong>rei</strong></span> <span class='ocrx_word' id='word_1_328' title='bbox 1739 2312 1810 2368; x_wconf 91' lang='lat' dir='ltr'><strong>ordo</strong></span> 
     </span>
     <span class='ocr_line' id='line_1_25' title="bbox 56 2395 1809 2472; baseline 0.002 -19"><span class='ocrx_word' id='word_1_329' title='bbox 56 2397 287 2453; x_wconf 86' lang='lat' dir='ltr'><strong>Christianorum</strong></span> <span class='ocrx_word' id='word_1_330' title='bbox 304 2397 424 2451; x_wconf 81' lang='lat' dir='ltr'><strong>novella·</strong></span> <span class='ocrx_word' id='word_1_331' title='bbox 440 2395 533 2465; x_wconf 81' lang='lat' dir='ltr'><strong>gentis</strong></span> <span class='ocrx_word' id='word_1_332' title='bbox 549 2401 680 2451; x_wconf 89' lang='lat' dir='ltr'><strong>exortum</strong></span> <span class='ocrx_word' id='word_1_333' title='bbox 693 2400 744 2451; x_wconf 91' lang='lat' dir='ltr'><strong>est.</strong></span> <span class='ocrx_word' id='word_1_334' title='bbox 761 2396 793 2452; x_wconf 87' lang='lat' dir='ltr'><strong>Et</strong></span> <span class='ocrx_word' id='word_1_335' title='bbox 808 2413 907 2468; x_wconf 89' lang='lat' dir='ltr'><strong>quam·</strong></span> <span class='ocrx_word' id='word_1_336' title='bbox 961 2395 1057 2462; x_wconf 84' lang='lat' dir='ltr'><strong>luerit,</strong></span> <span class='ocrx_word' id='word_1_337' title='bbox 1075 2396 1179 2467; x_wconf 88' lang='lat' dir='ltr'><strong>scripta</strong></span> <span class='ocrx_word' id='word_1_338' title='bbox 1194 2413 1254 2451; x_wconf 87' lang='lat' dir='ltr'><strong>esse</strong></span> <span class='ocrx_word' id='word_1_339' title='bbox 1270 2400 1427 2467; x_wconf 88' lang='lat' dir='ltr'><strong>putantur:</strong></span> <span class='ocrx_word' id='word_1_340' title='bbox 1443 2396 1516 2451; x_wconf 87' lang='lat' dir='ltr'><strong>sicut</strong></span> <span class='ocrx_word' id='word_1_341' title='bbox 1535 2398 1684 2468; x_wconf 86' lang='lat' dir='ltr'><strong>cujusdam</strong></span> <span class='ocrx_word' id='word_1_342' title='bbox 1706 2401 1809 2472; x_wconf 89' lang='lat' dir='ltr'><strong>Cyrici,</strong></span> 
     </span>
     <span class='ocr_line' id='line_1_26' title="bbox 55 2485 1810 2560; baseline 0.005 -22"><span class='ocrx_word' id='word_1_343' title='bbox 55 2486 194 2541; x_wconf 91' lang='lat' dir='ltr'><strong>visaliud</strong></span> <span class='ocrx_word' id='word_1_344' title='bbox 217 2485 436 2541; x_wconf 84' lang='lat' dir='ltr'><strong>laudamentum</strong></span> <span class='ocrx_word' id='word_1_345' title='bbox 461 2485 652 2556; x_wconf 86' lang='lat' dir='ltr'><strong>nemopessit</strong></span> <span class='ocrx_word' id='word_1_346' title='bbox 672 2501 786 2556; x_wconf 90' lang='lat' dir='ltr'><strong>ponere,</strong></span> <span class='ocrx_word' id='word_1_347' title='bbox 802 2491 907 2556; x_wconf 85' lang='lat' dir='ltr'><strong>praeter</strong></span> <span class='ocrx_word' id='word_1_348' title='bbox 962 2489 990 2540; x_wconf 91' lang='lat' dir='ltr'><strong>et</strong></span> <span class='ocrx_word' id='word_1_349' title='bbox 1022 2485 1140 2551; x_wconf 81' lang='lat' dir='ltr'><strong>lulittae,</strong></span> <span class='ocrx_word' id='word_1_350' title='bbox 1174 2485 1248 2539; x_wconf 88' lang='lat' dir='ltr'><strong>sicut</strong></span> <span class='ocrx_word' id='word_1_351' title='bbox 1278 2485 1400 2555; x_wconf 89' lang='lat' dir='ltr'><strong>Georgii,</strong></span> <span class='ocrx_word' id='word_1_352' title='bbox 1434 2485 1615 2559; x_wconf 90' lang='lat' dir='ltr'><strong>aliorumque</strong></span> <span class='ocrx_word' id='word_1_353' title='bbox 1643 2489 1810 2560; x_wconf 89' lang='lat' dir='ltr'><strong>hujusmodi</strong></span> 
     </span>
     <span class='ocr_line' id='line_1_27' title="bbox 55 2572 1808 2647; baseline 0.001 -18"><span class='ocrx_word' id='word_1_354' title='bbox 55 2574 86 2630; x_wconf 94' lang='lat' dir='ltr'><strong>id</strong></span> <span class='ocrx_word' id='word_1_355' title='bbox 100 2574 180 2646; x_wconf 90' lang='lat' dir='ltr'><strong>quod</strong></span> <span class='ocrx_word' id='word_1_356' title='bbox 194 2573 320 2646; x_wconf 91' lang='lat' dir='ltr'><strong>positum</strong></span> <span class='ocrx_word' id='word_1_357' title='bbox 343 2577 396 2639; x_wconf 91' lang='lat' dir='ltr'><strong>est,</strong></span> <span class='ocrx_word' id='word_1_358' title='bbox 413 2572 489 2645; x_wconf 94' lang='lat' dir='ltr'><strong>quod</strong></span> <span class='ocrx_word' id='word_1_359' title='bbox 505 2578 547 2629; x_wconf 90' lang='lat' dir='ltr'><strong>est</strong></span> <span class='ocrx_word' id='word_1_360' title='bbox 563 2573 690 2628; x_wconf 85' lang='lat' dir='ltr'><strong>Christus</strong></span> <span class='ocrx_word' id='word_1_361' title='bbox 704 2575 795 2642; x_wconf 82' lang='lat' dir='ltr'><strong>lesus,</strong></span> <span class='ocrx_word' id='word_1_362' title='bbox 808 2578 905 2629; x_wconf 88' lang='lat' dir='ltr'><strong>tamen</strong></span> <span class='ocrx_word' id='word_1_363' title='bbox 961 2572 1197 2642; x_wconf 64' lang='lat' dir='ltr'><strong>passionesque</strong></span> <span class='ocrx_word' id='word_1_364' title='bbox 1213 2573 1247 2627; x_wconf 96' lang='lat' dir='ltr'><strong>ab</strong></span> <span class='ocrx_word' id='word_1_365' title='bbox 1263 2573 1406 2628; x_wconf 73' lang='lat' dir='ltr'><strong>hereticis</strong></span> <span class='ocrx_word' id='word_1_366' title='bbox 1419 2574 1607 2645; x_wconf 91' lang='lat' dir='ltr'><strong>perhibentur</strong></span> <span class='ocrx_word' id='word_1_367' title='bbox 1629 2579 1808 2647; x_wconf 80' lang='lat' dir='ltr'><strong>conscriptae.</strong></span> 
     </span>
     <span class='ocr_line' id='line_1_28' title="bbox 55 2660 1809 2731; baseline 0.002 -13"><span class='ocrx_word' id='word_1_368' title='bbox 55 2663 92 2718; x_wconf 92' lang='lat' dir='ltr'><strong>ad</strong></span> <span class='ocrx_word' id='word_1_369' title='bbox 122 2662 342 2718; x_wconf 78' lang='lat' dir='ltr'><strong>aedificationem</strong></span> <span class='ocrx_word' id='word_1_370' title='bbox 369 2667 497 2717; x_wconf 89' lang='lat' dir='ltr'><strong>nostram</strong></span> <span class='ocrx_word' id='word_1_371' title='bbox 527 2662 628 2717; x_wconf 90' lang='lat' dir='ltr'><strong>eadem</strong></span> <span class='ocrx_word' id='word_1_372' title='bbox 654 2667 750 2717; x_wconf 89' lang='lat' dir='ltr'><strong>sancta</strong></span> <span class='ocrx_word' id='word_1_373' title='bbox 777 2662 907 2719; x_wconf 89' lang='lat' dir='ltr'><strong>Romana</strong></span> <span class='ocrx_word' id='word_1_374' title='bbox 962 2662 1081 2731; x_wconf 88' lang='lat' dir='ltr'><strong>Propter</strong></span> <span class='ocrx_word' id='word_1_375' title='bbox 1106 2660 1193 2731; x_wconf 92' lang='lat' dir='ltr'><strong>quod,</strong></span> <span class='ocrx_word' id='word_1_376' title='bbox 1209 2666 1242 2715; x_wconf 94' lang='lat' dir='ltr'><strong>ut</strong></span> <span class='ocrx_word' id='word_1_377' title='bbox 1268 2661 1375 2715; x_wconf 85' lang='lat' dir='ltr'><strong>dictum</strong></span> <span class='ocrx_word' id='word_1_378' title='bbox 1400 2666 1452 2731; x_wconf 88' lang='lat' dir='ltr'><strong>est,</strong></span> <span class='ocrx_word' id='word_1_379' title='bbox 1477 2664 1573 2718; x_wconf 88' lang='lat' dir='ltr'><strong>nevel</strong></span> <span class='ocrx_word' id='word_1_380' title='bbox 1600 2665 1669 2719; x_wconf 91' lang='lat' dir='ltr'><strong>levis</strong></span> <span class='ocrx_word' id='word_1_381' title='bbox 1690 2667 1809 2721; x_wconf 90' lang='lat' dir='ltr'><strong>subsan-</strong></span> 
     </span>
     <span class='ocr_line' id='line_1_29' title="bbox 55 2749 1811 2824; baseline 0.002 -18"><span class='ocrx_word' id='word_1_382' title='bbox 55 2751 194 2821; x_wconf 80' lang='lat' dir='ltr'><strong>Ecclesia,</strong></span> <span class='ocrx_word' id='word_1_383' title='bbox 227 2757 292 2824; x_wconf 89' lang='lat' dir='ltr'><strong>post</strong></span> <span class='ocrx_word' id='word_1_384' title='bbox 318 2751 381 2806; x_wconf 92' lang='lat' dir='ltr'><strong>illas</strong></span> <span class='ocrx_word' id='word_1_385' title='bbox 409 2750 517 2806; x_wconf 89' lang='lat' dir='ltr'><strong>Veteris</strong></span> <span class='ocrx_word' id='word_1_386' title='bbox 545 2752 589 2806; x_wconf 93' lang='lat' dir='ltr'><strong>vel</strong></span> <span class='ocrx_word' id='word_1_387' title='bbox 622 2751 694 2806; x_wconf 89' lang='lat' dir='ltr'><strong>Novi</strong></span> <span class='ocrx_word' id='word_1_388' title='bbox 721 2751 904 2819; x_wconf 85' lang='lat' dir='ltr'><strong>Testamenti,</strong></span> <span class='ocrx_word' id='word_1_389' title='bbox 961 2749 1050 2804; x_wconf 87' lang='lat' dir='ltr'><strong>nandi</strong></span> <span class='ocrx_word' id='word_1_390' title='bbox 1075 2750 1199 2803; x_wconf 91' lang='lat' dir='ltr'><strong>oriretur</strong></span> <span class='ocrx_word' id='word_1_391' title='bbox 1225 2749 1345 2818; x_wconf 90' lang='lat' dir='ltr'><strong>occasio,</strong></span> <span class='ocrx_word' id='word_1_392' title='bbox 1362 2750 1392 2804; x_wconf 91' lang='lat' dir='ltr'><strong>in</strong></span> <span class='ocrx_word' id='word_1_393' title='bbox 1415 2756 1511 2805; x_wconf 89' lang='lat' dir='ltr'><strong>sancta</strong></span> <span class='ocrx_word' id='word_1_394' title='bbox 1538 2752 1666 2807; x_wconf 91' lang='lat' dir='ltr'><strong>Romana</strong></span> <span class='ocrx_word' id='word_1_395' title='bbox 1687 2755 1811 2810; x_wconf 84' lang='lat' dir='ltr'><strong>Ecclesia</strong></span> 
     </span>
     <span class='ocr_line' id='line_1_30' title="bbox 55 2838 1809 2912; baseline 0.002 -18"><span class='ocrx_word' id='word_1_396' title='bbox 55 2856 130 2911; x_wconf 87' lang='lat' dir='ltr'><strong>quas</strong></span> <span class='ocrx_word' id='word_1_397' title='bbox 144 2840 315 2912; x_wconf 88' lang='lat' dir='ltr'><strong>regulariter</strong></span> <span class='ocrx_word' id='word_1_398' title='bbox 340 2839 528 2910; x_wconf 88' lang='lat' dir='ltr'><strong>suscepimus,</strong></span> <span class='ocrx_word' id='word_1_399' title='bbox 550 2839 704 2911; x_wconf 83' lang='lat' dir='ltr'><strong>etiamhas</strong></span> <span class='ocrx_word' id='word_1_400' title='bbox 725 2838 829 2910; x_wconf 88' lang='lat' dir='ltr'><strong>suscipi</strong></span> <span class='ocrx_word' id='word_1_401' title='bbox 848 2856 906 2894; x_wconf 91' lang='lat' dir='ltr'><strong>uon</strong></span> <span class='ocrx_word' id='word_1_402' title='bbox 961 2853 1020 2892; x_wconf 92' lang='lat' dir='ltr'><strong>non</strong></span> <span class='ocrx_word' id='word_1_403' title='bbox 1048 2839 1194 2908; x_wconf 89' lang='lat' dir='ltr'><strong>leguntur.</strong></span> <span class='ocrx_word' id='word_1_404' title='bbox 1224 2838 1280 2892; x_wconf 91' lang='lat' dir='ltr'><strong>Nos</strong></span> <span class='ocrx_word' id='word_1_405' title='bbox 1303 2842 1400 2893; x_wconf 90' lang='lat' dir='ltr'><strong>temen</strong></span> <span class='ocrx_word' id='word_1_406' title='bbox 1427 2854 1493 2892; x_wconf 91' lang='lat' dir='ltr'><strong>cum</strong></span> <span class='ocrx_word' id='word_1_407' title='bbox 1516 2839 1651 2911; x_wconf 74' lang='lat' dir='ltr'><strong>praedicta</strong></span> <span class='ocrx_word' id='word_1_408' title='bbox 1675 2843 1809 2909; x_wconf 87' lang='lat' dir='ltr'><strong>Ecclesia,</strong></span> 
     </span>
     <span class='ocr_line' id='line_1_31' title="bbox 53 2925 1810 3001; baseline 0.002 -19"><span class='ocrx_word' id='word_1_409' title='bbox 53 2928 191 2998; x_wconf 92' lang='lat' dir='ltr'><strong>prohibet</strong></span> <span class='ocrx_word' id='word_1_410' title='bbox 217 2927 377 2998; x_wconf 85' lang='lat' dir='ltr'><strong>Scripturas</strong></span> <span class='ocrx_word' id='word_1_411' title='bbox 400 2927 561 2983; x_wconf 88' lang='lat' dir='ltr'><strong>:Sanctam</strong></span> <span class='ocrx_word' id='word_1_412' title='bbox 591 2929 734 3000; x_wconf 86' lang='lat' dir='ltr'><strong>synodum</strong></span> <span class='ocrx_word' id='word_1_413' title='bbox 761 2929 942 2985; x_wconf 83' lang='lat' dir='ltr'><strong>NicaenamC</strong></span> <span class='ocrx_word' id='word_1_414' title='bbox 962 2941 1063 2980; x_wconf 88' lang='lat' dir='ltr'><strong>omnes</strong></span> <span class='ocrx_word' id='word_1_415' title='bbox 1076 2929 1216 2995; x_wconf 80' lang='lat' dir='ltr'><strong>martyres</strong></span> <span class='ocrx_word' id='word_1_416' title='bbox 1232 2931 1260 2980; x_wconf 92' lang='lat' dir='ltr'><strong>et</strong></span> <span class='ocrx_word' id='word_1_417' title='bbox 1276 2941 1375 2979; x_wconf 92' lang='lat' dir='ltr'><strong>eorum</strong></span> <span class='ocrx_word' id='word_1_418' title='bbox 1397 2925 1538 2996; x_wconf 91' lang='lat' dir='ltr'><strong>gloriosos</strong></span> <span class='ocrx_word' id='word_1_419' title='bbox 1553 2943 1671 2998; x_wconf 90' lang='lat' dir='ltr'><strong>agones,</strong></span> <span class='ocrx_word' id='word_1_420' title='bbox 1687 2929 1738 3001; x_wconf 91' lang='lat' dir='ltr'><strong>qui</strong></span> <span class='ocrx_word' id='word_1_421' title='bbox 1751 2930 1810 2986; x_wconf 90' lang='lat' dir='ltr'><strong>Deo</strong></span> 
     </span>
     <span class='ocr_line' id='line_1_32' title="bbox 54 3013 1810 3084; baseline 0.001 -13"><span class='ocrx_word' id='word_1_422' title='bbox 54 3021 252 3071; x_wconf 84' lang='lat' dir='ltr'><strong>trecentorum</strong></span> <span class='ocrx_word' id='word_1_423' title='bbox 265 3017 477 3071; x_wconf 87' lang='lat' dir='ltr'><strong>decemetocto</strong></span> <span class='ocrx_word' id='word_1_424' title='bbox 489 3016 904 3081; x_wconf 85' lang='lat' dir='ltr'><strong>Patrun1,medianteldaximo</strong></span> <span class='ocrx_word' id='word_1_425' title='bbox 960 3013 1051 3084; x_wconf 87' lang='lat' dir='ltr'><strong>magis</strong></span> <span class='ocrx_word' id='word_1_426' title='bbox 1065 3029 1152 3084; x_wconf 89' lang='lat' dir='ltr'><strong>quam</strong></span> <span class='ocrx_word' id='word_1_427' title='bbox 1176 3014 1343 3069; x_wconf 90' lang='lat' dir='ltr'><strong>hominibus</strong></span> <span class='ocrx_word' id='word_1_428' title='bbox 1368 3013 1429 3068; x_wconf 91' lang='lat' dir='ltr'><strong>noti</strong></span> <span class='ocrx_word' id='word_1_429' title='bbox 1454 3019 1529 3082; x_wconf 84' lang='lat' dir='ltr'><strong>sunt,</strong></span> <span class='ocrx_word' id='word_1_430' title='bbox 1556 3017 1636 3071; x_wconf 89' lang='lat' dir='ltr'><strong>omni</strong></span> <span class='ocrx_word' id='word_1_431' title='bbox 1660 3017 1810 3073; x_wconf 86' lang='lat' dir='ltr'><strong>devotione</strong></span> 
     </span>
     <span class='ocr_line' id='line_1_33' title="bbox 54 3103 1810 3178; baseline 0.001 -19"><span class='ocrx_word' id='word_1_432' title='bbox 54 3104 906 3177; x_wconf 78' lang='lat' dir='ltr'><strong>ConstantinoAugusto,inquaAriushareticuscondem·</strong></span> <span class='ocrx_word' id='word_1_433' title='bbox 959 3117 1140 3156; x_wconf 90' lang='lat' dir='ltr'><strong>veneramur.</strong></span> <span class='ocrx_word' id='word_1_434' title='bbox 1168 3103 1241 3157; x_wconf 91' lang='lat' dir='ltr'><strong>Item</strong></span> <span class='ocrx_word' id='word_1_435' title='bbox 1262 3104 1468 3174; x_wconf 89' lang='lat' dir='ltr'><strong>Vitaspatrum</strong></span> <span class='ocrx_word' id='word_1_436' title='bbox 1492 3104 1582 3172; x_wconf 87' lang='lat' dir='ltr'><strong>Pauli,</strong></span> <span class='ocrx_word' id='word_1_437' title='bbox 1608 3106 1736 3174; x_wconf 90' lang='lat' dir='ltr'><strong>Antonii,</strong></span> <span class='ocrx_word' id='word_1_438' title='bbox 1753 3108 1810 3178; x_wconf 90' lang='lat' dir='ltr'><strong>lly-</strong></span> 
     </span>
     <span class='ocr_line' id='line_1_34' title="bbox 53 3191 1811 3265; baseline 0.002 -19"><span class='ocrx_word' id='word_1_439' title='bbox 53 3196 205 3247; x_wconf 86' lang='lat' dir='ltr'><strong>natusest.</strong></span> <span class='ocrx_word' id='word_1_440' title='bbox 225 3192 358 3248; x_wconf 86' lang='lat' dir='ltr'><strong>Sanctam</strong></span> <span class='ocrx_word' id='word_1_441' title='bbox 380 3194 521 3265; x_wconf 86' lang='lat' dir='ltr'><strong>synodum</strong></span> <span class='ocrx_word' id='word_1_442' title='bbox 545 3193 903 3264; x_wconf 75' lang='lat' dir='ltr'><strong>constantinopolitanam,</strong></span> <span class='ocrx_word' id='word_1_443' title='bbox 959 3191 1087 3257; x_wconf 90' lang='lat' dir='ltr'><strong>larionis,</strong></span> <span class='ocrx_word' id='word_1_444' title='bbox 1114 3195 1142 3244; x_wconf 90' lang='lat' dir='ltr'><strong>et</strong></span> <span class='ocrx_word' id='word_1_445' title='bbox 1166 3191 1297 3245; x_wconf 91' lang='lat' dir='ltr'><strong>omnium</strong></span> <span class='ocrx_word' id='word_1_446' title='bbox 1319 3191 1517 3256; x_wconf 85' lang='lat' dir='ltr'><strong>eremitarum,</strong></span> <span class='ocrx_word' id='word_1_447' title='bbox 1543 3210 1614 3264; x_wconf 91' lang='lat' dir='ltr'><strong>quas</strong></span> <span class='ocrx_word' id='word_1_448' title='bbox 1639 3198 1753 3249; x_wconf 72' lang='lat' dir='ltr'><strong>mnium</strong></span> <span class='ocrx_word' id='word_1_449' title='bbox 1767 3195 1811 3250; x_wconf 90' lang='lat' dir='ltr'><strong>vir</strong></span> 
     </span>
     <span class='ocr_line' id='line_1_35' title="bbox 54 3278 1809 3352; baseline 0.003 -19"><span class='ocrx_word' id='word_1_450' title='bbox 54 3278 202 3335; x_wconf 87' lang='lat' dir='ltr'><strong>mediante</strong></span> <span class='ocrx_word' id='word_1_451' title='bbox 222 3279 381 3335; x_wconf 87' lang='lat' dir='ltr'><strong>Theodosio</strong></span> <span class='ocrx_word' id='word_1_452' title='bbox 397 3280 510 3336; x_wconf 91' lang='lat' dir='ltr'><strong>seniore</strong></span> <span class='ocrx_word' id='word_1_453' title='bbox 534 3283 672 3352; x_wconf 87' lang='lat' dir='ltr'><strong>Augusto,</strong></span> <span class='ocrx_word' id='word_1_454' title='bbox 689 3280 720 3334; x_wconf 91' lang='lat' dir='ltr'><strong>in</strong></span> <span class='ocrx_word' id='word_1_455' title='bbox 737 3297 794 3352; x_wconf 86' lang='lat' dir='ltr'><strong>qua</strong></span> <span class='ocrx_word' id='word_1_456' title='bbox 815 3282 904 3336; x_wconf 80' lang='lat' dir='ltr'><strong>Eece·</strong></span> <span class='ocrx_word' id='word_1_457' title='bbox 960 3278 1143 3334; x_wconf 88' lang='lat' dir='ltr'><strong>beatissimus</strong></span> <span class='ocrx_word' id='word_1_458' title='bbox 1167 3279 1279 3350; x_wconf 91' lang='lat' dir='ltr'><strong>scripsit</strong></span> <span class='ocrx_word' id='word_1_459' title='bbox 1303 3279 1507 3350; x_wconf 81' lang='lat' dir='ltr'><strong>Hieronymus,</strong></span> <span class='ocrx_word' id='word_1_460' title='bbox 1529 3297 1595 3336; x_wconf 77' lang='lat' dir='ltr'><strong>carm</strong></span> <span class='ocrx_word' id='word_1_461' title='bbox 1619 3283 1698 3337; x_wconf 90' lang='lat' dir='ltr'><strong>omni</strong></span> <span class='ocrx_word' id='word_1_462' title='bbox 1724 3299 1809 3340; x_wconf 90' lang='lat' dir='ltr'><strong>vene·</strong></span> 
     </span>
     <span class='ocr_line' id='line_1_36' title="bbox 54 3366 1811 3443; baseline 0.003 -21"><span class='ocrx_word' id='word_1_463' title='bbox 54 3367 161 3423; x_wconf 90' lang='lat' dir='ltr'><strong>donius</strong></span> <span class='ocrx_word' id='word_1_464' title='bbox 191 3367 344 3422; x_wconf 86' lang='lat' dir='ltr'><strong>haereticus</strong></span> <span class='ocrx_word' id='word_1_465' title='bbox 376 3368 504 3424; x_wconf 89' lang='lat' dir='ltr'><strong>debitam</strong></span> <span class='ocrx_word' id='word_1_466' title='bbox 532 3369 748 3424; x_wconf 89' lang='lat' dir='ltr'><strong>damnationem</strong></span> <span class='ocrx_word' id='word_1_467' title='bbox 783 3370 904 3440; x_wconf 80' lang='lat' dir='ltr'><strong>excepit.</strong></span> <span class='ocrx_word' id='word_1_468' title='bbox 959 3367 1071 3421; x_wconf 88' lang='lat' dir='ltr'><strong>ratione</strong></span> <span class='ocrx_word' id='word_1_469' title='bbox 1093 3366 1275 3438; x_wconf 87' lang='lat' dir='ltr'><strong>suscipimus.</strong></span> <span class='ocrx_word' id='word_1_470' title='bbox 1301 3368 1372 3422; x_wconf 90' lang='lat' dir='ltr'><strong>Item</strong></span> <span class='ocrx_word' id='word_1_471' title='bbox 1392 3374 1471 3423; x_wconf 91' lang='lat' dir='ltr'><strong>actus</strong></span> <span class='ocrx_word' id='word_1_472' title='bbox 1493 3368 1569 3424; x_wconf 86' lang='lat' dir='ltr'><strong>beati</strong></span> <span class='ocrx_word' id='word_1_473' title='bbox 1585 3370 1720 3440; x_wconf 82' lang='lat' dir='ltr'><strong>sylvestri</strong></span> <span class='ocrx_word' id='word_1_474' title='bbox 1741 3378 1811 3443; x_wconf 91' lang='lat' dir='ltr'><strong>apo-&#39;</strong></span> 
     </span>
     <span class='ocr_line' id='line_1_37' title="bbox 55 3455 1811 3531; baseline 0.003 -20"><span class='ocrx_word' id='word_1_475' title='bbox 55 3455 189 3511; x_wconf 89' lang='lat' dir='ltr'><strong>Sanctam</strong></span> <span class='ocrx_word' id='word_1_476' title='bbox 222 3455 365 3526; x_wconf 90' lang='lat' dir='ltr'><strong>synodum</strong></span> <span class='ocrx_word' id='word_1_477' title='bbox 396 3456 589 3527; x_wconf 89' lang='lat' dir='ltr'><strong>Ephesinam,</strong></span> <span class='ocrx_word' id='word_1_478' title='bbox 616 3457 646 3511; x_wconf 91' lang='lat' dir='ltr'><strong>in</strong></span> <span class='ocrx_word' id='word_1_479' title='bbox 674 3473 732 3529; x_wconf 91' lang='lat' dir='ltr'><strong>qua</strong></span> <span class='ocrx_word' id='word_1_480' title='bbox 761 3457 905 3511; x_wconf 90' lang='lat' dir='ltr'><strong>Nestorius</strong></span> <span class='ocrx_word' id='word_1_481' title='bbox 960 3455 1067 3510; x_wconf 80' lang='lat' dir='ltr'><strong>stolicae</strong></span> <span class='ocrx_word' id='word_1_482' title='bbox 1098 3455 1173 3509; x_wconf 90' lang='lat' dir='ltr'><strong>sedis</strong></span> <span class='ocrx_word' id='word_1_483' title='bbox 1202 3455 1345 3525; x_wconf 79' lang='lat' dir='ltr'><strong>presulis,</strong></span> <span class='ocrx_word' id='word_1_484' title='bbox 1370 3456 1436 3510; x_wconf 89' lang='lat' dir='ltr'><strong>licet</strong></span> <span class='ocrx_word' id='word_1_485' title='bbox 1468 3457 1531 3526; x_wconf 82' lang='lat' dir='ltr'><strong>eJ&#39;us</strong></span> <span class='ocrx_word' id='word_1_486' title='bbox 1560 3458 1610 3528; x_wconf 93' lang='lat' dir='ltr'><strong>qui</strong></span> <span class='ocrx_word' id='word_1_487' title='bbox 1643 3461 1811 3531; x_wconf 91' lang='lat' dir='ltr'><strong>conscripsit</strong></span> 
     </span>
     <span class='ocr_line' id='line_1_38' title="bbox 55 3543 1809 3616; baseline 0.003 -18"><span class='ocrx_word' id='word_1_488' title='bbox 55 3543 209 3599; x_wconf 90' lang='lat' dir='ltr'><strong>damnatus</strong></span> <span class='ocrx_word' id='word_1_489' title='bbox 223 3549 274 3612; x_wconf 92' lang='lat' dir='ltr'><strong>est,</strong></span> <span class='ocrx_word' id='word_1_490' title='bbox 290 3561 356 3599; x_wconf 94' lang='lat' dir='ltr'><strong>cum</strong></span> <span class='ocrx_word' id='word_1_491' title='bbox 372 3561 512 3600; x_wconf 89' lang='lat' dir='ltr'><strong>consensu</strong></span> <span class='ocrx_word' id='word_1_492' title='bbox 526 3545 683 3600; x_wconf 86' lang='lat' dir='ltr'><strong>beatissimi</strong></span> <span class='ocrx_word' id='word_1_493' title='bbox 696 3544 840 3600; x_wconf 86' lang='lat' dir='ltr'><strong>Coelestini</strong></span> <span class='ocrx_word' id='word_1_494' title='bbox 855 3562 906 3616; x_wconf 92' lang='lat' dir='ltr'><strong>pa·</strong></span> <span class='ocrx_word' id='word_1_495' title='bbox 959 3559 1067 3597; x_wconf 88' lang='lat' dir='ltr'><strong>nomen</strong></span> <span class='ocrx_word' id='word_1_496' title='bbox 1084 3543 1244 3613; x_wconf 90' lang='lat' dir='ltr'><strong>ignoretur,</strong></span> <span class='ocrx_word' id='word_1_497' title='bbox 1261 3559 1276 3595; x_wconf 95' lang='lat' dir='ltr'><strong>a</strong></span> <span class='ocrx_word' id='word_1_498' title='bbox 1292 3545 1388 3598; x_wconf 88' lang='lat' dir='ltr'><strong>multis</strong></span> <span class='ocrx_word' id='word_1_499' title='bbox 1410 3549 1507 3598; x_wconf 88' lang='lat' dir='ltr'><strong>tamen</strong></span> <span class='ocrx_word' id='word_1_500' title='bbox 1523 3544 1553 3599; x_wconf 91' lang='lat' dir='ltr'><strong>in</strong></span> <span class='ocrx_word' id='word_1_501' title='bbox 1567 3545 1638 3600; x_wconf 91' lang='lat' dir='ltr'><strong>urbe</strong></span> <span class='ocrx_word' id='word_1_502' title='bbox 1656 3546 1745 3603; x_wconf 91' lang='lat' dir='ltr'><strong>Roma</strong></span> <span class='ocrx_word' id='word_1_503' title='bbox 1760 3565 1809 3604; x_wconf 90' lang='lat' dir='ltr'><strong>ca-</strong></span> 
     </span>
     <span class='ocr_line' id='line_1_39' title="bbox 53 3629 1809 3705; baseline 0.003 -18"><span class='ocrx_word' id='word_1_504' title='bbox 53 3647 111 3703; x_wconf 82' lang='lat' dir='ltr'><strong>pae,</strong></span> <span class='ocrx_word' id='word_1_505' title='bbox 131 3633 273 3688; x_wconf 86' lang='lat' dir='ltr'><strong>mediante</strong></span> <span class='ocrx_word' id='word_1_506' title='bbox 295 3633 400 3705; x_wconf 87' lang='lat' dir='ltr'><strong>Cyrillo</strong></span> <span class='ocrx_word' id='word_1_507' title='bbox 416 3633 617 3688; x_wconf 81' lang='lat' dir='ltr'><strong>Alexandrinae</strong></span> <span class='ocrx_word' id='word_1_508' title='bbox 632 3633 706 3688; x_wconf 90' lang='lat' dir='ltr'><strong>sedis</strong></span> <span class='ocrx_word' id='word_1_509' title='bbox 722 3632 858 3698; x_wconf 88' lang='lat' dir='ltr'><strong>antistite,</strong></span> <span class='ocrx_word' id='word_1_510' title='bbox 878 3638 907 3688; x_wconf 93' lang='lat' dir='ltr'><strong>et</strong></span> <span class='ocrx_word' id='word_1_511' title='bbox 960 3630 1075 3686; x_wconf 89' lang='lat' dir='ltr'><strong>tholicis</strong></span> <span class='ocrx_word' id='word_1_512' title='bbox 1097 3630 1155 3700; x_wconf 91' lang='lat' dir='ltr'><strong>legi</strong></span> <span class='ocrx_word' id='word_1_513' title='bbox 1174 3629 1372 3701; x_wconf 90' lang='lat' dir='ltr'><strong>cognovimus,</strong></span> <span class='ocrx_word' id='word_1_514' title='bbox 1389 3635 1417 3685; x_wconf 89' lang='lat' dir='ltr'><strong>et</strong></span> <span class='ocrx_word' id='word_1_515' title='bbox 1431 3648 1484 3702; x_wconf 91' lang='lat' dir='ltr'><strong>pro</strong></span> <span class='ocrx_word' id='word_1_516' title='bbox 1497 3633 1617 3704; x_wconf 91' lang='lat' dir='ltr'><strong>antiquo</strong></span> <span class='ocrx_word' id='word_1_517' title='bbox 1642 3651 1695 3689; x_wconf 90' lang='lat' dir='ltr'><strong>usu</strong></span> <span class='ocrx_word' id='word_1_518' title='bbox 1710 3637 1809 3692; x_wconf 78' lang='lat' dir='ltr'><strong>multae</strong></span> 
     </span>
     <span class='ocr_line' id='line_1_40' title="bbox 54 3718 1811 3792; baseline 0.003 -18"><span class='ocrx_word' id='word_1_519' title='bbox 54 3720 195 3775; x_wconf 89' lang='lat' dir='ltr'><strong>Archadio</strong></span> <span class='ocrx_word' id='word_1_520' title='bbox 234 3721 368 3792; x_wconf 92' lang='lat' dir='ltr'><strong>episcopo</strong></span> <span class='ocrx_word' id='word_1_521' title='bbox 411 3721 446 3776; x_wconf 88' lang='lat' dir='ltr'><strong>ab</strong></span> <span class='ocrx_word' id='word_1_522' title='bbox 477 3722 558 3776; x_wconf 91' lang='lat' dir='ltr'><strong>ltalia</strong></span> <span class='ocrx_word' id='word_1_523' title='bbox 590 3720 739 3776; x_wconf 91' lang='lat' dir='ltr'><strong>destinato.</strong></span> <span class='ocrx_word' id='word_1_524' title='bbox 774 3721 905 3777; x_wconf 88' lang='lat' dir='ltr'><strong>Sanctam</strong></span> <span class='ocrx_word' id='word_1_525' title='bbox 960 3719 1022 3774; x_wconf 83' lang='lat' dir='ltr'><strong>haec</strong></span> <span class='ocrx_word' id='word_1_526' title='bbox 1045 3719 1198 3773; x_wconf 88' lang='lat' dir='ltr'><strong>imitantur</strong></span> <span class='ocrx_word' id='word_1_527' title='bbox 1222 3718 1361 3774; x_wconf 78' lang='lat' dir='ltr'><strong>Ecclesia.</strong></span> <span class='ocrx_word' id='word_1_528' title='bbox 1391 3720 1461 3773; x_wconf 91' lang='lat' dir='ltr'><strong>ltem</strong></span> <span class='ocrx_word' id='word_1_529' title='bbox 1486 3720 1628 3790; x_wconf 88' lang='lat' dir='ltr'><strong>scriptura</strong></span> <span class='ocrx_word' id='word_1_530' title='bbox 1651 3724 1686 3777; x_wconf 91' lang='lat' dir='ltr'><strong>de</strong></span> <span class='ocrx_word' id='word_1_531' title='bbox 1709 3722 1811 3779; x_wconf 89' lang='lat' dir='ltr'><strong>iuven-</strong></span> 
     </span>
     <span class='ocr_line' id='line_1_41' title="bbox 55 3804 1811 3882; baseline 0.002 -19"><span class='ocrx_word' id='word_1_532' title='bbox 55 3809 196 3881; x_wconf 89' lang='lat' dir='ltr'><strong>synodum</strong></span> <span class='ocrx_word' id='word_1_533' title='bbox 212 3809 792 3880; x_wconf 85' lang='lat' dir='ltr'><strong>Chalcedpuensem,medianteldartiano</strong></span> <span class='ocrx_word' id='word_1_534' title='bbox 808 3813 907 3882; x_wconf 90' lang='lat' dir='ltr'><strong>Augu.</strong></span> <span class='ocrx_word' id='word_1_535' title='bbox 960 3806 1038 3861; x_wconf 86' lang='lat' dir='ltr'><strong>tione</strong></span> <span class='ocrx_word' id='word_1_536' title='bbox 1063 3804 1218 3859; x_wconf 76' lang='lat' dir='ltr'><strong>[lominica</strong></span> <span class='ocrx_word' id='word_1_537' title='bbox 1242 3804 1342 3871; x_wconf 93' lang='lat' dir='ltr'><strong>crucis,</strong></span> <span class='ocrx_word' id='word_1_538' title='bbox 1360 3807 1389 3858; x_wconf 92' lang='lat' dir='ltr'><strong>et</strong></span> <span class='ocrx_word' id='word_1_539' title='bbox 1411 3805 1468 3859; x_wconf 89' lang='lat' dir='ltr'><strong>alia</strong></span> <span class='ocrx_word' id='word_1_540' title='bbox 1492 3807 1632 3877; x_wconf 90' lang='lat' dir='ltr'><strong>scriptura</strong></span> <span class='ocrx_word' id='word_1_541' title='bbox 1659 3809 1694 3863; x_wconf 89' lang='lat' dir='ltr'><strong>de</strong></span> <span class='ocrx_word' id='word_1_542' title='bbox 1709 3809 1811 3866; x_wconf 85' lang='lat' dir='ltr'><strong>iuven·</strong></span> 
     </span>
     <span class='ocr_line' id='line_1_42' title="bbox 56 3893 1808 3971; baseline 0.002 -20"><span class='ocrx_word' id='word_1_543' title='bbox 56 3903 110 3959; x_wconf 85' lang='lat' dir='ltr'><strong>sto,</strong></span> <span class='ocrx_word' id='word_1_544' title='bbox 127 3899 316 3955; x_wconf 87' lang='lat' dir='ltr'><strong>etAuatbolio</strong></span> <span class='ocrx_word' id='word_1_545' title='bbox 327 3899 642 3970; x_wconf 84' lang='lat' dir='ltr'><strong>Constantinopolitano</strong></span> <span class='ocrx_word' id='word_1_546' title='bbox 657 3899 906 3971; x_wconf 88' lang='lat' dir='ltr'><strong>episcop0,inqua</strong></span> <span class='ocrx_word' id='word_1_547' title='bbox 958 3894 1035 3948; x_wconf 89' lang='lat' dir='ltr'><strong>tione</strong></span> <span class='ocrx_word' id='word_1_548' title='bbox 1050 3893 1151 3965; x_wconf 92' lang='lat' dir='ltr'><strong>capitis</strong></span> <span class='ocrx_word' id='word_1_549' title='bbox 1172 3893 1248 3949; x_wconf 90' lang='lat' dir='ltr'><strong>beati</strong></span> <span class='ocrx_word' id='word_1_550' title='bbox 1262 3893 1378 3947; x_wconf 87' lang='lat' dir='ltr'><strong>loannis</strong></span> <span class='ocrx_word' id='word_1_551' title='bbox 1394 3893 1540 3962; x_wconf 77' lang='lat' dir='ltr'><strong>Baptistae,</strong></span> <span class='ocrx_word' id='word_1_552' title='bbox 1556 3897 1677 3952; x_wconf 90' lang='lat' dir='ltr'><strong>novellae</strong></span> <span class='ocrx_word' id='word_1_553' title='bbox 1691 3898 1808 3971; x_wconf 91' lang='lat' dir='ltr'><strong>quidem</strong></span> 
     </span>
     <span class='ocr_line' id='line_1_43' title="bbox 57 3972 1883 4060; baseline 0.001 -19"><span class='ocrx_word' id='word_1_554' title='bbox 57 3986 226 4041; x_wconf 81' lang='lat' dir='ltr'><strong>Nestorisue</strong></span> <span class='ocrx_word' id='word_1_555' title='bbox 249 3992 277 4042; x_wconf 88' lang='lat' dir='ltr'><strong>et</strong></span> <span class='ocrx_word' id='word_1_556' title='bbox 293 3987 469 4060; x_wconf 85' lang='lat' dir='ltr'><strong>Eutychiana</strong></span> <span class='ocrx_word' id='word_1_557' title='bbox 493 3987 611 4043; x_wconf 77' lang='lat' dir='ltr'><strong>heresis</strong></span> <span class='ocrx_word' id='word_1_558' title='bbox 635 3989 720 4043; x_wconf 91' lang='lat' dir='ltr'><strong>simul</strong></span> <span class='ocrx_word' id='word_1_559' title='bbox 747 4004 812 4042; x_wconf 93' lang='lat' dir='ltr'><strong>cum</strong></span> <span class='ocrx_word' id='word_1_560' title='bbox 837 3988 906 4042; x_wconf 82' lang='lat' dir='ltr'><strong>llio-</strong></span> <span class='ocrx_word' id='word_1_561' title='bbox 960 3981 1115 4036; x_wconf 84' lang='lat' dir='ltr'><strong>relationes</strong></span> <span class='ocrx_word' id='word_1_562' title='bbox 1135 3985 1212 4048; x_wconf 90' lang='lat' dir='ltr'><strong>sunt,</strong></span> <span class='ocrx_word' id='word_1_563' title='bbox 1228 3988 1256 4036; x_wconf 91' lang='lat' dir='ltr'><strong>et</strong></span> <span class='ocrx_word' id='word_1_564' title='bbox 1270 3981 1403 4035; x_wconf 90' lang='lat' dir='ltr'><strong>nonnulli</strong></span> <span class='ocrx_word' id='word_1_565' title='bbox 1420 3996 1468 4035; x_wconf 91' lang='lat' dir='ltr'><strong>eas</strong></span> <span class='ocrx_word' id='word_1_566' title='bbox 1482 3981 1614 4037; x_wconf 90' lang='lat' dir='ltr'><strong>catholici</strong></span> <span class='ocrx_word' id='word_1_567' title='bbox 1628 3985 1738 4056; x_wconf 90' lang='lat' dir='ltr'><strong>legunt.</strong></span> <span class='ocrx_word' id='word_1_568' title='bbox 1755 3987 1811 4043; x_wconf 90' lang='lat' dir='ltr'><strong>Sed</strong></span> <span class='ocrx_word' id='word_1_569' title='bbox 1877 3972 1883 3981; x_wconf 51' lang='lat'><strong>⁴</strong></span> 
     </span>
     <span class='ocr_line' id='line_1_44' title="bbox 57 4071 1811 4146; baseline 0.002 -19"><span class='ocrx_word' id='word_1_570' title='bbox 57 4088 137 4129; x_wconf 91' lang='lat' dir='ltr'><strong>scoro</strong></span> <span class='ocrx_word' id='word_1_571' title='bbox 153 4074 273 4146; x_wconf 88' lang='lat' dir='ltr'><strong>ejusque</strong></span> <span class='ocrx_word' id='word_1_572' title='bbox 296 4076 485 4146; x_wconf 91' lang='lat' dir='ltr'><strong>complicibus</strong></span> <span class='ocrx_word' id='word_1_573' title='bbox 507 4076 652 4132; x_wconf 76' lang='lat' dir='ltr'><strong>damnata</strong></span> <span class='ocrx_word' id='word_1_574' title='bbox 666 4081 742 4131; x_wconf 90' lang='lat' dir='ltr'><strong>sunt.</strong></span> <span class='ocrx_word' id='word_1_575' title='bbox 766 4076 864 4131; x_wconf 90' lang='lat' dir='ltr'><strong>Sedet</strong></span> <span class='ocrx_word' id='word_1_576' title='bbox 882 4074 906 4129; x_wconf 91' lang='lat' dir='ltr'><strong>si</strong></span> <span class='ocrx_word' id='word_1_577' title='bbox 960 4087 1025 4127; x_wconf 88' lang='lat' dir='ltr'><strong>eum</strong></span> <span class='ocrx_word' id='word_1_578' title='bbox 1042 4073 1103 4127; x_wconf 82' lang='lat' dir='ltr'><strong>haec</strong></span> <span class='ocrx_word' id='word_1_579' title='bbox 1126 4072 1163 4127; x_wconf 89' lang='lat' dir='ltr'><strong>ad</strong></span> <span class='ocrx_word' id='word_1_580' title='bbox 1187 4071 1391 4126; x_wconf 91' lang='lat' dir='ltr'><strong>catholicorum</strong></span> <span class='ocrx_word' id='word_1_581' title='bbox 1414 4087 1516 4126; x_wconf 89' lang='lat' dir='ltr'><strong>manus</strong></span> <span class='ocrx_word' id='word_1_582' title='bbox 1541 4072 1714 4140; x_wconf 78' lang='lat' dir='ltr'><strong>advenerint</strong></span> <span class='ocrx_word' id='word_1_583' title='bbox 1734 4075 1811 4131; x_wconf 92' lang='lat' dir='ltr'><strong>beati</strong></span> 
     </span>
     <span class='ocr_line' id='line_1_45' title="bbox 57 4158 1809 4235; baseline 0.003 -21"><span class='ocrx_word' id='word_1_584' title='bbox 57 4176 120 4232; x_wconf 70' lang='lat' dir='ltr'><strong>qua</strong></span> <span class='ocrx_word' id='word_1_585' title='bbox 137 4166 205 4216; x_wconf 91' lang='lat' dir='ltr'><strong>suut</strong></span> <span class='ocrx_word' id='word_1_586' title='bbox 225 4163 345 4218; x_wconf 87' lang='lat' dir='ltr'><strong>coucilia</strong></span> <span class='ocrx_word' id='word_1_587' title='bbox 360 4181 377 4218; x_wconf 93' lang='lat' dir='ltr'><strong>a</strong></span> <span class='ocrx_word' id='word_1_588' title='bbox 393 4164 498 4220; x_wconf 90' lang='lat' dir='ltr'><strong>sanctis</strong></span> <span class='ocrx_word' id='word_1_589' title='bbox 517 4164 647 4220; x_wconf 91' lang='lat' dir='ltr'><strong>Patribus</strong></span> <span class='ocrx_word' id='word_1_590' title='bbox 671 4164 808 4219; x_wconf 88' lang='lat' dir='ltr'><strong>hactenus</strong></span> <span class='ocrx_word' id='word_1_591' title='bbox 824 4163 905 4218; x_wconf 90' lang='lat' dir='ltr'><strong>insti-</strong></span> <span class='ocrx_word' id='word_1_592' title='bbox 963 4160 1044 4215; x_wconf 89' lang='lat' dir='ltr'><strong>Pauli</strong></span> <span class='ocrx_word' id='word_1_593' title='bbox 1063 4159 1188 4230; x_wconf 90' lang='lat' dir='ltr'><strong>apostoli</strong></span> <span class='ocrx_word' id='word_1_594' title='bbox 1210 4158 1352 4230; x_wconf 81' lang='lat' dir='ltr'><strong>praecedat</strong></span> <span class='ocrx_word' id='word_1_595' title='bbox 1375 4160 1517 4215; x_wconf 90' lang='lat' dir='ltr'><strong>sententia</strong></span> <span class='ocrx_word' id='word_1_596' title='bbox 1534 4161 1660 4217; x_wconf 88' lang='lat' dir='ltr'><strong>:Omnia</strong></span> <span class='ocrx_word' id='word_1_597' title='bbox 1681 4163 1809 4235; x_wconf 91' lang='lat' dir='ltr'><strong>probate,</strong></span> 
     </span>
     <span class='ocr_line' id='line_1_46' title="bbox 56 4248 1812 4324; baseline 0.002 -21"><span class='ocrx_word' id='word_1_598' title='bbox 56 4253 118 4305; x_wconf 88' lang='lat' dir='ltr'><strong>tuta</strong></span> <span class='ocrx_word' id='word_1_599' title='bbox 134 4256 241 4320; x_wconf 79' lang='lat' dir='ltr'><strong>prater</strong></span> <span class='ocrx_word' id='word_1_600' title='bbox 255 4251 375 4307; x_wconf 89' lang='lat' dir='ltr'><strong>istorum</strong></span> <span class='ocrx_word' id='word_1_601' title='bbox 399 4257 524 4324; x_wconf 86' lang='lat' dir='ltr'><strong>quatuor</strong></span> <span class='ocrx_word' id='word_1_602' title='bbox 538 4252 744 4314; x_wconf 88' lang='lat' dir='ltr'><strong>auctoritatem,</strong></span> <span class='ocrx_word' id='word_1_603' title='bbox 762 4255 791 4305; x_wconf 87' lang='lat' dir='ltr'><strong>et</strong></span> <span class='ocrx_word' id='word_1_604' title='bbox 808 4256 906 4306; x_wconf 89' lang='lat' dir='ltr'><strong>custo·</strong></span> <span class='ocrx_word' id='word_1_605' title='bbox 963 4248 1041 4320; x_wconf 90' lang='lat' dir='ltr'><strong>quod</strong></span> <span class='ocrx_word' id='word_1_606' title='bbox 1055 4248 1165 4302; x_wconf 91' lang='lat' dir='ltr'><strong>bonum</strong></span> <span class='ocrx_word' id='word_1_607' title='bbox 1183 4252 1225 4301; x_wconf 89' lang='lat' dir='ltr'><strong>est</strong></span> <span class='ocrx_word' id='word_1_608' title='bbox 1243 4251 1348 4302; x_wconf 91' lang='lat' dir='ltr'><strong>tenete.</strong></span> <span class='ocrx_word' id='word_1_609' title='bbox 1368 4248 1451 4316; x_wconf 88' lang='lat' dir='ltr'><strong>ltem,</strong></span> <span class='ocrx_word' id='word_1_610' title='bbox 1470 4248 1589 4304; x_wconf 87' lang='lat' dir='ltr'><strong>Rufinus</strong></span> <span class='ocrx_word' id='word_1_611' title='bbox 1604 4250 1647 4304; x_wconf 86' lang='lat' dir='ltr'><strong>vir</strong></span> <span class='ocrx_word' id='word_1_612' title='bbox 1661 4251 1812 4323; x_wconf 91' lang='lat' dir='ltr'><strong>religiosus</strong></span> 
     </span>
     <span class='ocr_line' id='line_1_47' title="bbox 59 4334 1812 4410; baseline 0.003 -18"><span class='ocrx_word' id='word_1_613' title='bbox 59 4337 166 4392; x_wconf 89' lang='lat' dir='ltr'><strong>dienda</strong></span> <span class='ocrx_word' id='word_1_614' title='bbox 178 4341 207 4392; x_wconf 93' lang='lat' dir='ltr'><strong>et</strong></span> <span class='ocrx_word' id='word_1_615' title='bbox 218 4337 383 4409; x_wconf 87' lang='lat' dir='ltr'><strong>recipienda</strong></span> <span class='ocrx_word' id='word_1_616' title='bbox 393 4340 581 4395; x_wconf 88' lang='lat' dir='ltr'><strong>decrevimus.</strong></span> <span class='ocrx_word' id='word_1_617' title='bbox 591 4341 654 4394; x_wconf 83' lang='lat' dir='ltr'><strong>lam</strong></span> <span class='ocrx_word' id='word_1_618' title='bbox 665 4354 742 4393; x_wconf 91' lang='lat' dir='ltr'><strong>nunc</strong></span> <span class='ocrx_word' id='word_1_619' title='bbox 751 4338 906 4409; x_wconf 88' lang='lat' dir='ltr'><strong>subjicien·</strong></span> <span class='ocrx_word' id='word_1_620' title='bbox 960 4335 1101 4407; x_wconf 89' lang='lat' dir='ltr'><strong>plurimos</strong></span> <span class='ocrx_word' id='word_1_621' title='bbox 1122 4334 1319 4391; x_wconf 83' lang='lat' dir='ltr'><strong>ecclesiasticae</strong></span> <span class='ocrx_word' id='word_1_622' title='bbox 1335 4337 1429 4410; x_wconf 90' lang='lat' dir='ltr'><strong>operis</strong></span> <span class='ocrx_word' id='word_1_623' title='bbox 1452 4337 1544 4393; x_wconf 91' lang='lat' dir='ltr'><strong>edidit</strong></span> <span class='ocrx_word' id='word_1_624' title='bbox 1566 4338 1665 4407; x_wconf 92' lang='lat' dir='ltr'><strong>libros,</strong></span> <span class='ocrx_word' id='word_1_625' title='bbox 1685 4342 1812 4397; x_wconf 89' lang='lat' dir='ltr'><strong>nonnul·</strong></span> 
     </span>
     <span class='ocr_line' id='line_1_48' title="bbox 58 4422 1811 4499; baseline 0.003 -20"><span class='ocrx_word' id='word_1_626' title='bbox 58 4425 127 4480; x_wconf 90' lang='lat' dir='ltr'><strong>dum</strong></span> <span class='ocrx_word' id='word_1_627' title='bbox 143 4425 180 4481; x_wconf 89' lang='lat' dir='ltr'><strong>de</strong></span> <span class='ocrx_word' id='word_1_628' title='bbox 193 4427 337 4497; x_wconf 89' lang='lat' dir='ltr'><strong>opusculis</strong></span> <span class='ocrx_word' id='word_1_629' title='bbox 347 4434 511 4483; x_wconf 89' lang='lat' dir='ltr'><strong>sanctorum</strong></span> <span class='ocrx_word' id='word_1_630' title='bbox 521 4430 650 4494; x_wconf 83' lang='lat' dir='ltr'><strong>Petrum,</strong></span> <span class='ocrx_word' id='word_1_631' title='bbox 666 4443 731 4498; x_wconf 82' lang='lat' dir='ltr'><strong>qum</strong></span> <span class='ocrx_word' id='word_1_632' title='bbox 741 4426 772 4481; x_wconf 92' lang='lat' dir='ltr'><strong>in</strong></span> <span class='ocrx_word' id='word_1_633' title='bbox 786 4425 909 4481; x_wconf 91' lang='lat' dir='ltr'><strong>Ecclesia</strong></span> <span class='ocrx_word' id='word_1_634' title='bbox 961 4424 1003 4478; x_wconf 90' lang='lat' dir='ltr'><strong>las</strong></span> <span class='ocrx_word' id='word_1_635' title='bbox 1019 4422 1106 4478; x_wconf 86' lang='lat' dir='ltr'><strong>etiem</strong></span> <span class='ocrx_word' id='word_1_636' title='bbox 1121 4423 1276 4494; x_wconf 89' lang='lat' dir='ltr'><strong>scripturas</strong></span> <span class='ocrx_word' id='word_1_637' title='bbox 1298 4423 1502 4496; x_wconf 89' lang='lat' dir='ltr'><strong>interpretatus</strong></span> <span class='ocrx_word' id='word_1_638' title='bbox 1525 4428 1579 4479; x_wconf 87' lang='lat' dir='ltr'><strong>est.</strong></span> <span class='ocrx_word' id='word_1_639' title='bbox 1596 4425 1649 4482; x_wconf 88' lang='lat' dir='ltr'><strong>Sed</strong></span> <span class='ocrx_word' id='word_1_640' title='bbox 1674 4429 1811 4499; x_wconf 90' lang='lat' dir='ltr'><strong>quoniam</strong></span> 
     </span>
     <span class='ocr_line' id='line_1_49' title="bbox 58 4511 1812 4588; baseline 0.002 -17"><span class='ocrx_word' id='word_1_641' title='bbox 58 4513 201 4571; x_wconf 90' lang='lat' dir='ltr'><strong>catholica</strong></span> <span class='ocrx_word' id='word_1_642' title='bbox 222 4516 400 4587; x_wconf 89' lang='lat' dir='ltr'><strong>recipiantur</strong></span> <span class='ocrx_word' id='word_1_643' title='bbox 415 4533 422 4571; x_wconf 92' lang='lat'><strong>:</strong></span> <span class='ocrx_word' id='word_1_644' title='bbox 439 4516 581 4588; x_wconf 79' lang='lat' dir='ltr'><strong>opuscula</strong></span> <span class='ocrx_word' id='word_1_645' title='bbox 595 4517 626 4572; x_wconf 99' lang='grc' dir='ltr'><strong>Β.</strong></span> <span class='ocrx_word' id='word_1_646' title='bbox 649 4515 783 4588; x_wconf 85' lang='lat' dir='ltr'><strong>Cypriani</strong></span> <span class='ocrx_word' id='word_1_647' title='bbox 798 4520 907 4587; x_wconf 92' lang='lat' dir='ltr'><strong>marty·</strong></span> <span class='ocrx_word' id='word_1_648' title='bbox 962 4511 1144 4567; x_wconf 90' lang='lat' dir='ltr'><strong>beatissimus</strong></span> <span class='ocrx_word' id='word_1_649' title='bbox 1159 4512 1350 4585; x_wconf 83' lang='lat' dir='ltr'><strong>Hieronymus</strong></span> <span class='ocrx_word' id='word_1_650' title='bbox 1369 4513 1398 4567; x_wconf 93' lang='lat' dir='ltr'><strong>in</strong></span> <span class='ocrx_word' id='word_1_651' title='bbox 1409 4512 1555 4584; x_wconf 90' lang='lat' dir='ltr'><strong>aliquibus</strong></span> <span class='ocrx_word' id='word_1_652' title='bbox 1573 4530 1640 4570; x_wconf 86' lang='lat' dir='ltr'><strong>eum</strong></span> <span class='ocrx_word' id='word_1_653' title='bbox 1655 4521 1690 4572; x_wconf 92' lang='lat' dir='ltr'><strong>de</strong></span> <span class='ocrx_word' id='word_1_654' title='bbox 1700 4518 1812 4573; x_wconf 74' lang='lat' dir='ltr'><strong>arbitni</strong></span> 
     </span>
     <span class='ocr_line' id='line_1_50' title="bbox 56 4601 1811 4676; baseline 0.001 -16"><span class='ocrx_word' id='word_1_655' title='bbox 56 4605 94 4660; x_wconf 90' lang='lat' dir='ltr'><strong>ris</strong></span> <span class='ocrx_word' id='word_1_656' title='bbox 126 4607 156 4658; x_wconf 93' lang='lat' dir='ltr'><strong>et</strong></span> <span class='ocrx_word' id='word_1_657' title='bbox 182 4604 414 4674; x_wconf 78' lang='lat' dir='ltr'><strong>carthaginensis</strong></span> <span class='ocrx_word' id='word_1_658' title='bbox 433 4605 570 4676; x_wconf 87' lang='lat' dir='ltr'><strong>episcopi.</strong></span> <span class='ocrx_word' id='word_1_659' title='bbox 604 4606 674 4660; x_wconf 90' lang='lat' dir='ltr'><strong>ltem</strong></span> <span class='ocrx_word' id='word_1_660' title='bbox 707 4605 844 4676; x_wconf 87' lang='lat' dir='ltr'><strong>opuscula</strong></span> <span class='ocrx_word' id='word_1_661' title='bbox 875 4605 906 4659; x_wconf 89' lang='grc' dir='ltr'><strong>Β.</strong></span> <span class='ocrx_word' id='word_1_662' title='bbox 961 4601 1093 4656; x_wconf 91' lang='lat' dir='ltr'><strong>libertate</strong></span> <span class='ocrx_word' id='word_1_663' title='bbox 1126 4601 1246 4669; x_wconf 69' lang='lat' dir='ltr'><strong>nomvit,</strong></span> <span class='ocrx_word' id='word_1_664' title='bbox 1276 4602 1325 4657; x_wconf 90' lang='lat' dir='ltr'><strong>illa</strong></span> <span class='ocrx_word' id='word_1_665' title='bbox 1357 4601 1507 4668; x_wconf 89' lang='lat' dir='ltr'><strong>sentimus,</strong></span> <span class='ocrx_word' id='word_1_666' title='bbox 1543 4619 1608 4674; x_wconf 78' lang='lat' dir='ltr'><strong>qum</strong></span> <span class='ocrx_word' id='word_1_667' title='bbox 1641 4605 1811 4675; x_wconf 76' lang='lat' dir='ltr'><strong>praedictum</strong></span> 
     </span>
     <span class='ocr_line' id='line_1_51' title="bbox 54 4690 1811 4764; baseline 0.001 -16"><span class='ocrx_word' id='word_1_668' title='bbox 54 4690 192 4764; x_wconf 82' lang='lat' dir='ltr'><strong>Gregorii</strong></span> <span class='ocrx_word' id='word_1_669' title='bbox 213 4691 381 4748; x_wconf 84' lang='lat' dir='ltr'><strong>Nazianzeni</strong></span> <span class='ocrx_word' id='word_1_670' title='bbox 403 4692 539 4764; x_wconf 86' lang='lat' dir='ltr'><strong>episcopi.</strong></span> <span class='ocrx_word' id='word_1_671' title='bbox 563 4694 634 4748; x_wconf 91' lang='lat' dir='ltr'><strong>ltem</strong></span> <span class='ocrx_word' id='word_1_672' title='bbox 659 4694 796 4764; x_wconf 86' lang='lat' dir='ltr'><strong>opuscula</strong></span> <span class='ocrx_word' id='word_1_673' title='bbox 811 4692 909 4748; x_wconf 88' lang='lat' dir='ltr'><strong>Basilii</strong></span> <span class='ocrx_word' id='word_1_674' title='bbox 963 4691 1080 4746; x_wconf 89' lang='lat' dir='ltr'><strong>beatum</strong></span> <span class='ocrx_word' id='word_1_675' title='bbox 1105 4690 1312 4761; x_wconf 85' lang='lat' dir='ltr'><strong>Hieronymum</strong></span> <span class='ocrx_word' id='word_1_676' title='bbox 1335 4690 1441 4744; x_wconf 89' lang='lat' dir='ltr'><strong>sentire</strong></span> <span class='ocrx_word' id='word_1_677' title='bbox 1464 4692 1672 4761; x_wconf 87' lang='lat' dir='ltr'><strong>cognoscimus.</strong></span> <span class='ocrx_word' id='word_1_678' title='bbox 1702 4693 1735 4747; x_wconf 90' lang='lat' dir='ltr'><strong>Et</strong></span> <span class='ocrx_word' id='word_1_679' title='bbox 1753 4709 1811 4749; x_wconf 89' lang='lat' dir='ltr'><strong>non</strong></span> 
     </span>
     <span class='ocr_line' id='line_1_52' title="bbox 54 4776 1812 4853; baseline -0.001 -15"><span class='ocrx_word' id='word_1_680' title='bbox 54 4779 262 4853; x_wconf 70' lang='lat' dir='ltr'><strong>Cappadocem</strong></span> <span class='ocrx_word' id='word_1_681' title='bbox 290 4780 427 4852; x_wconf 89' lang='lat' dir='ltr'><strong>episcopi.</strong></span> <span class='ocrx_word' id='word_1_682' title='bbox 450 4783 522 4836; x_wconf 90' lang='lat' dir='ltr'><strong>Item</strong></span> <span class='ocrx_word' id='word_1_683' title='bbox 547 4781 685 4853; x_wconf 90' lang='lat' dir='ltr'><strong>opuscula</strong></span> <span class='ocrx_word' id='word_1_684' title='bbox 709 4783 736 4836; x_wconf 93' lang='grc' dir='ltr'><strong>Β.</strong></span> <span class='ocrx_word' id='word_1_685' title='bbox 758 4781 908 4837; x_wconf 81' lang='lat' dir='ltr'><strong>Athanasii</strong></span> <span class='ocrx_word' id='word_1_686' title='bbox 963 4779 1058 4833; x_wconf 89' lang='lat' dir='ltr'><strong>solum</strong></span> <span class='ocrx_word' id='word_1_687' title='bbox 1072 4778 1107 4834; x_wconf 90' lang='lat' dir='ltr'><strong>de</strong></span> <span class='ocrx_word' id='word_1_688' title='bbox 1130 4778 1248 4847; x_wconf 92' lang='lat' dir='ltr'><strong>Rulino,</strong></span> <span class='ocrx_word' id='word_1_689' title='bbox 1263 4776 1313 4832; x_wconf 89' lang='lat' dir='ltr'><strong>sed</strong></span> <span class='ocrx_word' id='word_1_690' title='bbox 1339 4777 1426 4832; x_wconf 90' lang='lat' dir='ltr'><strong>etiam</strong></span> <span class='ocrx_word' id='word_1_691' title='bbox 1441 4777 1477 4833; x_wconf 92' lang='lat' dir='ltr'><strong>de</strong></span> <span class='ocrx_word' id='word_1_692' title='bbox 1500 4778 1652 4846; x_wconf 89' lang='lat' dir='ltr'><strong>universis,</strong></span> <span class='ocrx_word' id='word_1_693' title='bbox 1678 4796 1750 4851; x_wconf 84' lang='lat' dir='ltr'><strong>quos</strong></span> <span class='ocrx_word' id='word_1_694' title='bbox 1769 4781 1812 4836; x_wconf 86' lang='lat' dir='ltr'><strong>vir</strong></span> 
     </span>
     <span class='ocr_line' id='line_1_53' title="bbox 47 4866 1811 4941; baseline -0.002 -14"><span class='ocrx_word' id='word_1_695' title='bbox 47 4868 247 4927; x_wconf 73' lang='lat' dir='ltr'><strong>Alexandrini</strong></span> <span class='ocrx_word' id='word_1_696' title='bbox 261 4868 398 4941; x_wconf 88' lang='lat' dir='ltr'><strong>episcopi.</strong></span> <span class='ocrx_word' id='word_1_697' title='bbox 415 4871 486 4939; x_wconf 92' lang='lat' dir='ltr'><strong>ltem</strong></span> <span class='ocrx_word' id='word_1_698' title='bbox 501 4872 638 4941; x_wconf 90' lang='lat' dir='ltr'><strong>opuscula</strong></span> <span class='ocrx_word' id='word_1_699' title='bbox 651 4870 683 4925; x_wconf 92' lang='grc' dir='ltr'><strong>Β.</strong></span> <span class='ocrx_word' id='word_1_700' title='bbox 698 4870 816 4925; x_wconf 83' lang='lat' dir='ltr'><strong>loannis</strong></span> <span class='ocrx_word' id='word_1_701' title='bbox 833 4872 909 4927; x_wconf 87' lang='lat' dir='ltr'><strong>Con·</strong></span> <span class='ocrx_word' id='word_1_702' title='bbox 964 4866 1071 4938; x_wconf 74' lang='lat' dir='ltr'><strong>saepius</strong></span> <span class='ocrx_word' id='word_1_703' title='bbox 1087 4869 1262 4922; x_wconf 90' lang='lat' dir='ltr'><strong>memoratus</strong></span> <span class='ocrx_word' id='word_1_704' title='bbox 1286 4866 1346 4921; x_wconf 86' lang='lat' dir='ltr'><strong>zelo</strong></span> <span class='ocrx_word' id='word_1_705' title='bbox 1362 4866 1414 4921; x_wconf 84' lang='lat' dir='ltr'><strong>[lei</strong></span> <span class='ocrx_word' id='word_1_706' title='bbox 1433 4871 1461 4922; x_wconf 90' lang='lat' dir='ltr'><strong>et</strong></span> <span class='ocrx_word' id='word_1_707' title='bbox 1474 4866 1544 4922; x_wconf 88' lang='lat' dir='ltr'><strong>lidei</strong></span> <span class='ocrx_word' id='word_1_708' title='bbox 1558 4866 1699 4936; x_wconf 88' lang='lat' dir='ltr'><strong>religione</strong></span> <span class='ocrx_word' id='word_1_709' title='bbox 1713 4885 1811 4939; x_wconf 89' lang='lat' dir='ltr'><strong>repre-</strong></span> 
     </span>
     <span class='ocr_line' id='line_1_54' title="bbox 48 4952 1813 5031; baseline 0.001 -20"><span class='ocrx_word' id='word_1_710' title='bbox 48 4955 308 5028; x_wconf 85' lang='lat' dir='ltr'><strong>stantinopolitani</strong></span> <span class='ocrx_word' id='word_1_711' title='bbox 330 4957 468 5028; x_wconf 91' lang='lat' dir='ltr'><strong>episcopi.</strong></span> <span class='ocrx_word' id='word_1_712' title='bbox 497 4958 567 5013; x_wconf 85' lang='lat' dir='ltr'><strong>ltem</strong></span> <span class='ocrx_word' id='word_1_713' title='bbox 591 4957 728 5031; x_wconf 88' lang='lat' dir='ltr'><strong>opuscula</strong></span> <span class='ocrx_word' id='word_1_714' title='bbox 753 4959 783 5012; x_wconf 91' lang='grc' dir='ltr'><strong>Β.</strong></span> <span class='ocrx_word' id='word_1_715' title='bbox 813 4959 909 5013; x_wconf 88' lang='lat' dir='ltr'><strong>Theo·</strong></span> <span class='ocrx_word' id='word_1_716' title='bbox 964 4954 1073 5010; x_wconf 88' lang='lat' dir='ltr'><strong>hendit.</strong></span> <span class='ocrx_word' id='word_1_717' title='bbox 1098 4955 1170 5010; x_wconf 89' lang='lat' dir='ltr'><strong>Item</strong></span> <span class='ocrx_word' id='word_1_718' title='bbox 1193 4952 1324 5025; x_wconf 88' lang='lat' dir='ltr'><strong>Origeuis</strong></span> <span class='ocrx_word' id='word_1_719' title='bbox 1353 4955 1494 5009; x_wconf 88' lang='lat' dir='ltr'><strong>nonnulla</strong></span> <span class='ocrx_word' id='word_1_720' title='bbox 1514 4955 1662 5026; x_wconf 88' lang='lat' dir='ltr'><strong>opuscula,</strong></span> <span class='ocrx_word' id='word_1_721' title='bbox 1684 4973 1749 5027; x_wconf 76' lang='lat' dir='ltr'><strong>que</strong></span> <span class='ocrx_word' id='word_1_722' title='bbox 1770 4958 1813 5013; x_wconf 86' lang='lat' dir='ltr'><strong>vir</strong></span> 
     </span>
     <span class='ocr_line' id='line_1_55' title="bbox 43 5043 1811 5119; baseline 0 -16"><span class='ocrx_word' id='word_1_723' title='bbox 43 5045 132 5116; x_wconf 76' lang='lat' dir='ltr'><strong>phili</strong></span> <span class='ocrx_word' id='word_1_724' title='bbox 151 5045 336 5100; x_wconf 74' lang='lat' dir='ltr'><strong>Alexandrini</strong></span> <span class='ocrx_word' id='word_1_725' title='bbox 360 5045 496 5117; x_wconf 90' lang='lat' dir='ltr'><strong>episcopi.</strong></span> <span class='ocrx_word' id='word_1_726' title='bbox 520 5047 590 5102; x_wconf 91' lang='lat' dir='ltr'><strong>ltem</strong></span> <span class='ocrx_word' id='word_1_727' title='bbox 606 5047 743 5119; x_wconf 89' lang='lat' dir='ltr'><strong>opuscula</strong></span> <span class='ocrx_word' id='word_1_728' title='bbox 758 5047 788 5101; x_wconf 94' lang='grc' dir='ltr'><strong>Β.</strong></span> <span class='ocrx_word' id='word_1_729' title='bbox 812 5045 910 5118; x_wconf 84' lang='lat' dir='ltr'><strong>Gyrilli</strong></span> <span class='ocrx_word' id='word_1_730' title='bbox 964 5043 1147 5099; x_wconf 89' lang='lat' dir='ltr'><strong>beatissimus</strong></span> <span class='ocrx_word' id='word_1_731' title='bbox 1163 5043 1354 5115; x_wconf 82' lang='lat' dir='ltr'><strong>Hieronymus</strong></span> <span class='ocrx_word' id='word_1_732' title='bbox 1369 5060 1428 5099; x_wconf 89' lang='lat' dir='ltr'><strong>uon</strong></span> <span class='ocrx_word' id='word_1_733' title='bbox 1451 5044 1593 5116; x_wconf 92' lang='lat' dir='ltr'><strong>repudiat,</strong></span> <span class='ocrx_word' id='word_1_734' title='bbox 1609 5046 1730 5117; x_wconf 87' lang='lat' dir='ltr'><strong>legenda</strong></span> <span class='ocrx_word' id='word_1_735' title='bbox 1750 5064 1811 5103; x_wconf 89' lang='lat' dir='ltr'><strong>sus·</strong></span> 
     </span>
     <span class='ocr_line' id='line_1_56' title="bbox 43 5132 1811 5206; baseline 0.001 -15"><span class='ocrx_word' id='word_1_736' title='bbox 43 5133 247 5191; x_wconf 75' lang='lat' dir='ltr'><strong>Alexandrini</strong></span> <span class='ocrx_word' id='word_1_737' title='bbox 271 5133 408 5205; x_wconf 91' lang='lat' dir='ltr'><strong>episcopi.</strong></span> <span class='ocrx_word' id='word_1_738' title='bbox 434 5135 505 5189; x_wconf 87' lang='lat' dir='ltr'><strong>ltem</strong></span> <span class='ocrx_word' id='word_1_739' title='bbox 527 5135 663 5206; x_wconf 89' lang='lat' dir='ltr'><strong>opuscula</strong></span> <span class='ocrx_word' id='word_1_740' title='bbox 679 5136 707 5189; x_wconf 91' lang='grc' dir='ltr'><strong>Β.</strong></span> <span class='ocrx_word' id='word_1_741' title='bbox 734 5133 842 5206; x_wconf 90' lang='lat' dir='ltr'><strong>llylarii</strong></span> <span class='ocrx_word' id='word_1_742' title='bbox 864 5134 909 5190; x_wconf 88' lang='lat' dir='ltr'><strong>Pi·</strong></span> <span class='ocrx_word' id='word_1_743' title='bbox 965 5132 1098 5204; x_wconf 91' lang='lat' dir='ltr'><strong>cipimus.</strong></span> <span class='ocrx_word' id='word_1_744' title='bbox 1122 5132 1243 5204; x_wconf 86' lang='lat' dir='ltr'><strong>Reliqua</strong></span> <span class='ocrx_word' id='word_1_745' title='bbox 1259 5136 1356 5188; x_wconf 90' lang='lat' dir='ltr'><strong>autem</strong></span> <span class='ocrx_word' id='word_1_746' title='bbox 1371 5133 1468 5188; x_wconf 89' lang='lat' dir='ltr'><strong>omnia</strong></span> <span class='ocrx_word' id='word_1_747' title='bbox 1482 5148 1546 5186; x_wconf 92' lang='lat' dir='ltr'><strong>cum</strong></span> <span class='ocrx_word' id='word_1_748' title='bbox 1571 5149 1623 5187; x_wconf 88' lang='lat' dir='ltr'><strong>sno</strong></span> <span class='ocrx_word' id='word_1_749' title='bbox 1638 5139 1754 5190; x_wconf 92' lang='lat' dir='ltr'><strong>auctore</strong></span> <span class='ocrx_word' id='word_1_750' title='bbox 1768 5136 1811 5192; x_wconf 91' lang='lat' dir='ltr'><strong>di-</strong></span> 
     </span>
     <span class='ocr_line' id='line_1_57' title="bbox 44 5220 1812 5294; baseline 0.003 -18"><span class='ocrx_word' id='word_1_751' title='bbox 44 5221 212 5278; x_wconf 82' lang='lat' dir='ltr'><strong>etavieusis</strong></span> <span class='ocrx_word' id='word_1_752' title='bbox 226 5221 363 5293; x_wconf 89' lang='lat' dir='ltr'><strong>episcopi.</strong></span> <span class='ocrx_word' id='word_1_753' title='bbox 378 5223 451 5278; x_wconf 90' lang='lat' dir='ltr'><strong>Item</strong></span> <span class='ocrx_word' id='word_1_754' title='bbox 473 5223 611 5294; x_wconf 89' lang='lat' dir='ltr'><strong>opuscula</strong></span> <span class='ocrx_word' id='word_1_755' title='bbox 625 5224 656 5279; x_wconf 91' lang='grc' dir='ltr'><strong>Β.</strong></span> <span class='ocrx_word' id='word_1_756' title='bbox 686 5222 830 5278; x_wconf 88' lang='lat' dir='ltr'><strong>Ambrosii</strong></span> <span class='ocrx_word' id='word_1_757' title='bbox 853 5223 910 5278; x_wconf 84' lang='lat' dir='ltr'><strong>lde-</strong></span> <span class='ocrx_word' id='word_1_758' title='bbox 966 5220 1056 5276; x_wconf 89' lang='lat' dir='ltr'><strong>cimus</strong></span> <span class='ocrx_word' id='word_1_759' title='bbox 1077 5236 1138 5275; x_wconf 89' lang='lat' dir='ltr'><strong>esse</strong></span> <span class='ocrx_word' id='word_1_760' title='bbox 1153 5221 1311 5276; x_wconf 89' lang='lat' dir='ltr'><strong>renuenda.</strong></span> <span class='ocrx_word' id='word_1_761' title='bbox 1337 5223 1410 5276; x_wconf 90' lang='lat' dir='ltr'><strong>ltem</strong></span> <span class='ocrx_word' id='word_1_762' title='bbox 1425 5220 1563 5276; x_wconf 84' lang='lat' dir='ltr'><strong>Chronica</strong></span> <span class='ocrx_word' id='word_1_763' title='bbox 1584 5221 1700 5278; x_wconf 88' lang='lat' dir='ltr'><strong>Eusebii</strong></span> <span class='ocrx_word' id='word_1_764' title='bbox 1721 5225 1812 5281; x_wconf 82' lang='lat' dir='ltr'><strong>Caesa·</strong></span> 
     </span>
     <span class='ocr_line' id='line_1_58' title="bbox 45 5297 1812 5385; baseline 0.002 -19"><span class='ocrx_word' id='word_1_765' title='bbox 45 5309 236 5366; x_wconf 80' lang='lat' dir='ltr'><strong>diotanensis</strong></span> <span class='ocrx_word' id='word_1_766' title='bbox 263 5309 400 5381; x_wconf 86' lang='lat' dir='ltr'><strong>episcopi.</strong></span> <span class='ocrx_word' id='word_1_767' title='bbox 429 5310 502 5365; x_wconf 88' lang='lat' dir='ltr'><strong>item</strong></span> <span class='ocrx_word' id='word_1_768' title='bbox 533 5311 672 5383; x_wconf 89' lang='lat' dir='ltr'><strong>opuscula</strong></span> <span class='ocrx_word' id='word_1_769' title='bbox 696 5311 727 5366; x_wconf 93' lang='grc' dir='ltr'><strong>Β.</strong></span> <span class='ocrx_word' id='word_1_770' title='bbox 756 5309 911 5382; x_wconf 87' lang='lat' dir='ltr'><strong>Augustini</strong></span> <span class='ocrx_word' id='word_1_771' title='bbox 965 5309 1079 5376; x_wconf 91' lang='lat' dir='ltr'><strong>riensis,</strong></span> <span class='ocrx_word' id='word_1_772' title='bbox 1094 5297 1181 5380; x_wconf 89' lang='lat' dir='ltr'><strong>atque</strong></span> <span class='ocrx_word' id='word_1_773' title='bbox 1204 5309 1332 5381; x_wconf 87' lang='lat' dir='ltr'><strong>ejusdem</strong></span> <span class='ocrx_word' id='word_1_774' title='bbox 1349 5308 1480 5364; x_wconf 80' lang='lat' dir='ltr'><strong>llistoriae</strong></span> <span class='ocrx_word' id='word_1_775' title='bbox 1500 5310 1698 5368; x_wconf 78' lang='lat' dir='ltr'><strong>ecclesiastice</strong></span> <span class='ocrx_word' id='word_1_776' title='bbox 1712 5313 1812 5385; x_wconf 83' lang='lat' dir='ltr'><strong>libros,</strong></span> 
     </span>
     <span class='ocr_line' id='line_1_59' title="bbox 46 5393 1814 5475; baseline 0.005 -22"><span class='ocrx_word' id='word_1_777' title='bbox 46 5393 346 5471; x_wconf 78' lang='lat' dir='ltr'><strong>llypponeregiensis</strong></span> <span class='ocrx_word' id='word_1_778' title='bbox 366 5398 502 5470; x_wconf 90' lang='lat' dir='ltr'><strong>episcopi.</strong></span> <span class='ocrx_word' id='word_1_779' title='bbox 519 5399 591 5454; x_wconf 88' lang='lat' dir='ltr'><strong>Item</strong></span> <span class='ocrx_word' id='word_1_780' title='bbox 605 5399 742 5470; x_wconf 88' lang='lat' dir='ltr'><strong>opuscula</strong></span> <span class='ocrx_word' id='word_1_781' title='bbox 755 5400 785 5456; x_wconf 92' lang='grc' dir='ltr'><strong>Β.</strong></span> <span class='ocrx_word' id='word_1_782' title='bbox 804 5398 912 5455; x_wconf 86' lang='lat' dir='ltr'><strong>Hiero·</strong></span> <span class='ocrx_word' id='word_1_783' title='bbox 966 5398 1097 5470; x_wconf 86' lang='lat' dir='ltr'><strong>quamvis</strong></span> <span class='ocrx_word' id='word_1_784' title='bbox 1112 5397 1144 5452; x_wconf 90' lang='lat' dir='ltr'><strong>in</strong></span> <span class='ocrx_word' id='word_1_785' title='bbox 1165 5398 1259 5470; x_wconf 85' lang='lat' dir='ltr'><strong>primo</strong></span> <span class='ocrx_word' id='word_1_786' title='bbox 1272 5397 1445 5454; x_wconf 88' lang='lat' dir='ltr'><strong>narrationis</strong></span> <span class='ocrx_word' id='word_1_787' title='bbox 1459 5414 1519 5454; x_wconf 83' lang='lat' dir='ltr'><strong>suae</strong></span> <span class='ocrx_word' id='word_1_788' title='bbox 1542 5399 1616 5455; x_wconf 92' lang='lat' dir='ltr'><strong>libro</strong></span> <span class='ocrx_word' id='word_1_789' title='bbox 1636 5404 1771 5475; x_wconf 87' lang='lat' dir='ltr'><strong>tepuerit,</strong></span> <span class='ocrx_word' id='word_1_790' title='bbox 1785 5409 1814 5462; x_wconf 87' lang='lat' dir='ltr'><strong>et</strong></span> 
     </span>
     <span class='ocr_line' id='line_1_60' title="bbox 51 5483 1815 5562; baseline 0.005 -20"><span class='ocrx_word' id='word_1_791' title='bbox 51 5485 145 5560; x_wconf 80' lang='lat' dir='ltr'><strong>nymi</strong></span> <span class='ocrx_word' id='word_1_792' title='bbox 168 5483 340 5558; x_wconf 88' lang='lat' dir='ltr'><strong>presbyteri.</strong></span> <span class='ocrx_word' id='word_1_793' title='bbox 360 5485 435 5542; x_wconf 89' lang='lat' dir='ltr'><strong>Item</strong></span> <span class='ocrx_word' id='word_1_794' title='bbox 456 5486 594 5557; x_wconf 89' lang='lat' dir='ltr'><strong>opuscula</strong></span> <span class='ocrx_word' id='word_1_795' title='bbox 616 5483 750 5557; x_wconf 87' lang='lat' dir='ltr'><strong>Prosperi</strong></span> <span class='ocrx_word' id='word_1_796' title='bbox 773 5483 827 5540; x_wconf 85' lang='lat' dir='ltr'><strong>viri</strong></span> <span class='ocrx_word' id='word_1_797' title='bbox 840 5485 912 5541; x_wconf 89' lang='lat' dir='ltr'><strong>reli·</strong></span> <span class='ocrx_word' id='word_1_798' title='bbox 966 5490 1033 5558; x_wconf 90' lang='lat' dir='ltr'><strong>post</strong></span> <span class='ocrx_word' id='word_1_799' title='bbox 1044 5487 1076 5541; x_wconf 91' lang='lat' dir='ltr'><strong>in</strong></span> <span class='ocrx_word' id='word_1_800' title='bbox 1089 5486 1222 5544; x_wconf 89' lang='lat' dir='ltr'><strong>laudibus</strong></span> <span class='ocrx_word' id='word_1_801' title='bbox 1237 5491 1324 5560; x_wconf 88' lang='lat' dir='ltr'><strong>atque</strong></span> <span class='ocrx_word' id='word_1_802' title='bbox 1339 5486 1520 5543; x_wconf 90' lang='lat' dir='ltr'><strong>excusatione</strong></span> <span class='ocrx_word' id='word_1_803' title='bbox 1532 5489 1665 5562; x_wconf 84' lang='lat' dir='ltr'><strong>origenis</strong></span> <span class='ocrx_word' id='word_1_804' title='bbox 1680 5493 1815 5550; x_wconf 86' lang='lat' dir='ltr'><strong>schisma·</strong></span> 
     </span>
    </p>
   </div>
   <div class='ocr_carea' id='block_1_3' title="bbox 0 0 1953 6112">
    <p class='ocr_par' dir='ltr' id='par_1_3' title="bbox 0 0 1953 6112">
     <span class='ocr_line' id='line_1_61' title="bbox 0 0 1953 6112; baseline 0 0"><span class='ocrx_word' id='word_1_805' title='bbox 0 0 1953 6112; x_wconf 95' lang='lat' dir='ltr'><strong> </strong></span> 
     </span>
    </p>
   </div>
  </div>
 </body>
</html>
