3878 6112
57 235 113 287 lta
890 239 988 293 ACTA·
1763 249 1820 302 'tto

93 356 142 411 i2.
163 378 174 405 ι
191 356 301 434 luteres
314 355 454 428 temporis
477 370 591 410 summa
615 359 645 411 el
671 355 757 411 unica
771 355 832 428 rius
846 361 950 413 cnralt
971 359 1102 432 pluribus
1117 359 1229 432 paginis
1238 361 1413 433 exsequitur.
1439 363 1560 419 [ternum
1575 366 1735 422 concludit:
1746 368 1819 424 Can·

52 445 162 500 luitse
186 449 350 500 sanctornm
380 447 571 501 patronorum
596 445 752 512 consortio,
782 445 817 501 ad
836 446 914 518 quod
967 448 1033 504 dide
1048 450 1151 514 talcar,
1170 454 1199 503 et
1212 450 1290 521 qnod
1304 466 1350 505 res
1365 457 1418 518 est,
1440 452 1530 508 edico.
1546 454 1691 521 plurimis,
1707 456 1757 527 qni
1772 456 1820 526 pie

55 534 95 586 ab
117 533 252 603 ipsismet
278 532 485 605 gratiosissime
506 533 642 588 invitatus
667 533 770 597 luerat,
792 533 913 606 dignum
967 536 1122 591 admodum
1138 551 1170 591 ex
1194 535 1247 591 hac
1270 536 1328 592 rita
1347 540 1489 609 emigrare
1517 541 1715 610 credebantur,
1742 543 1820 598 adini

53 622 192 676 reddere.
231 621 385 677 Restabant
413 626 482 676 tnnc
517 621 655 694 temporis
680 623 791 694 aliquot
819 622 914 678 adhue
967 623 997 678 in
1012 625 1234 680 ext1·emis:sed
1254 627 1400 681 nemiuem
1421 627 1515 682 adhuc
1536 629 1593 683 vidi
1608 629 1637 684 in
1651 630 1820 687 hodiernam

54 710 179 780 oppida,
229 717 261 765 ut
306 710 539 777 llocbstadiense,
589 712 911 783 llertzogenauracense,
967 711 1055 780 diem,
1072 712 1130 767 imo
1146 719 1174 768 el
1196 713 1243 768 vix
1258 714 1353 769 audivi
1367 715 1491 770 similem
1506 716 1632 772 bominis
1644 720 1704 787 jam
1730 720 1821 774 muri·

55 797 386 865 Obserscbeinteldense,
396 798 674 855 lturcknnstadiense
686 809 751 855 cum
765 800 913 855 nonnullis
967 801 1024 853 luri
1039 801 1186 872 pietatem,
1207 816 1265 873 qua
1280 802 1327 858 ille
1344 803 1421 857 diem
1435 820 1518 860 suum
1534 806 1635 861 clausit
1647 810 1818 864 extremum.
1906 857 1907 860 ,

55 889 152 958 pagis,
168 888 198 941 in
211 887 315 960 quibus
330 887 496 943 reformatio
509 887 640 960 quidem,
667 887 912 944 stertentiumad
965 888 1086 943 Tarrtum
1115 889 1253 944 momenti
1279 891 1455 946 stetticacire
1476 893 1512 948 ad
1543 895 1616 949 bene
1637 895 1819 952 moriendum

59 975 192 1030 Ecclesiae
216 975 355 1031 unitatem
382 975 511 1030 reductio
537 976 597 1046 jam
627 976 771 1042 inchoata,
789 976 912 1031 necdum
950 976 1066 1042 ,babuit
1080 977 1270 1048 patrocinium
1295 978 1340 1033 SS.
1371 979 1495 1033 lleinrici
1523 982 1764 1053 etCunegundis,
1791 989 1820 1039 et

57 1070 158 1119 nmen
176 1064 356 1134 adoptatum
380 1065 468 1120 tinem
498 1064 635 1133 perducta
664 1071 734 1120 erat.
752 1064 912 1119 arbitratus
966 1065 1137 1119 eorumdem
1153 1066 1280 1135 gratiosa
1292 1067 1447 1137 apparitio,
1459 1067 1594 1124 devotum
1614 1070 1669 1124 sibi
1684 1071 1819 1128 clientem

58 1152 307 1223 igitursesauctis
327 1153 536 1209 Fundatoribus
554 1154 784 1224 acceptissimum
808 1159 912 1208 ventu·
965 1151 1126 1207 adbeatam
1152 1154 1343 1209 aeternitatem
1366 1155 1559 1213 invitantium.
1591 1158 1709 1214 Videtur
1731 1160 1819 1216 etiam

58 1257 137 1305 rum,
161 1240 186 1295 si
210 1240 358 1296 ecclesiam
384 1241 419 1295 ab
442 1242 512 1310 ipsis
534 1242 694 1306 tundalum,
724 1242 785 1296 sine
800 1242 912 1297 macula
964 1240 1019 1295 hoc
1038 1242 1097 1294 loon
1116 1242 1368 1297 commemorande
1387 1244 1442 1298 alia
1457 1245 1529 1301 visio
1552 1248 1668 1302 Praesuli
1682 1247 1749 1302 huic
1762 1249 1819 1303 ali·

59 1328 178 1383 haeresis
203 1335 376 1399 presentare
402 1329 519 1385 illorum
539 1330 704 1400 conspectui
719 1335 826 1402 posset,
850 1335 910 1385 tota
965 1334 1115 1399 quotanlc
1138 1336 1261 1386 mortem
1284 1330 1364 1386 horis
1393 1333 1500 1402 oblata,
1525 1350 1582 1406 qua
1608 1336 1711 1391 certior
1728 1336 1819 1392 tactus

58 1419 154 1470 sirum
176 1416 362 1471 contentione
390 1417 420 1472 in
445 1417 474 1472 id
495 1417 912 1489 perficiendumincubuitzet
965 1416 1019 1472 tuit
1033 1418 1181 1473 defuturo
1200 1419 1348 1489 quondam
1378 1435 1541 1477 successore
1556 1437 1618 1489 sno,
1632 1423 1683 1495 qui
1704 1439 1739 1478 ea
1753 1439 1819 1495 qnae

58 1505 179 1576 qnodin
195 1509 268 1560 rotis
295 1505 429 1574 babebat,
457 1511 499 1560 est
520 1512 674 1575 assecutus,
702 1507 823 1563 Domino
839 1506 909 1561 tide-
964 1507 1025 1576 ipse
1041 1522 1093 1576 pro
1108 1507 1185 1561 bono
1196 1508 1323 1563 ecclesiae
1350 1510 1566 1580 bambergensis
1594 1516 1669 1566 recte
1682 1517 1817 1582 coeperat,

55 1594 160 1648 tissimi
184 1593 231 1648 sui
257 1593 332 1649 servi
356 1594 503 1649 conatibus
524 1594 645 1661 favente,
675 1600 704 1651 et
730 1594 909 1650 evidentibus
926 1635 946 1689 B
965 1600 1081 1650 strenue
1108 1601 1171 1650 erat
1197 1601 1411 1668 prosecuturus.
1433 1599 1532 1654 Refert
1557 1599 1723 1655 vaticinium
1747 1601 1819 1656 illud

57 1683 156 1753 gratie
170 1682 276 1737 divinar
293 1681 427 1737 sirbsidiis
440 1689 621 1752 cooperante.
965 1684 1070 1755 saepius
1099 1684 1233 1739 laudatus
1261 1686 1420 1740 Fridericns
1449 1688 1633 1743 Fornerusin
1661 1688 1746 1743 citato
1764 1694 1819 1750 tra<

89 1772 135 1825 id.
153 1791 169 1822 a
201 1772 352 1836 l'raeterea‚
380 1787 445 1825 cum
467 1772 522 1826 sibi
545 1788 562 1825 a
588 1772 615 1828 S.
648 1772 781 1827 lleinrico
807 1775 909 1830 eturri
964 1778 1051 1838 ctatn,
1089 1775 1147 1827 lluo
1183 1774 1293 1842 speculo
1334 1776 1473 1846 Principis
1509 1779 1693 1839 ecclesiastici.
1728 1782 1756 1832 et
1788 1777 1819 1833 iu

57 1874 141 1913 mann
158 1865 318 1927 annuente,
334 1860 498 1914 denuntiari
512 1861 641 1916 crederet
667 1860 737 1915 illud
755 1863 907 1933 lleguml,
963 1861 1101 1915 concione
1129 1862 1254 1915 secunda
1284 1862 1399 1918 lunehri
1424 1863 1459 1918 de
1482 1866 1590 1920 toanne
1620 1864 1819 1922 Godeiridoab

56 1964 119 2018 cap.
138 1950 174 2002 tt)
188 1965 196 2002 ε
211 1967 225 1998 ιι
243 1949 388 2019 Praecipue
399 1947 497 2003 domni
513 1953 570 2004 tuae
583 1964 591 2015 3
606 1948 820 2004 morierisenim
835 1956 864 2005 tn
880 1956 909 2006 et
963 1951 1137 2014 ascusam,
1154 1965 1220 2020 pag.
1236 1952 1282 2017 60,
1294 1950 1343 2005 ubi
1359 1952 1399 2005 sic
1411 1951 1522 2008 scribit:

57 2053 110 2091 non
126 2037 242 2100 rives·
266 2037 352 2108 coepit
376 2036 473 2092 omnia
496 2037 550 2092 rite
571 2038 718 2107 ordinare,
739 2041 798 2092 tarn
815 2041 909 2109 quoad
998 2038 1042 2093 lo.
1056 2056 1070 2089 u
1086 2038 1157 2093 Cum
1178 2037 1391 2094 illustrissimus
1406 2045 1435 2095 et
1454 2041 1716 2097 Reuerendissimus
1731 2044 1818 2098 llam⁴

56 2126 226 2195 temporalia
249 2141 336 2197 quam
352 2126 444 2197 quoad
468 2127 908 2182 statumanimresuae.Peccata
962 2124 1110 2196 bergensis
1138 2125 1291 2196 episcopus
1325 2127 1498 2198 Nythardns,
1524 2129 1729 2185 laudatissima
1756 2147 1818 2185 me·

56 2230 104 2268 sna
116 2214 311 2285 eleemosynis
337 2215 478 2269 redimere
492 2215 621 2285 cupiens,
637 2216 667 2270 in
689 2216 785 2270 omnia
800 2218 909 2288 templa
962 2213 1074 2275 moriae,
1090 2229 1166 2268 auno
1183 2229 1303 2268 anxcvm
1329 2214 1358 2268 in
1388 2216 1449 2286 ipsa
1476 2215 1502 2271 S.
1528 2217 1665 2288 Stephani
1680 2218 1817 2274 festivita·

57 2308 83 2356 et
96 2301 274 2357 monasteria
287 2319 448 2374 pauperum
471 2304 685 2375 religiosorum,
709 2305 738 2359 in
753 2305 909 2376 hospitalia
962 2306 1000 2366 te,
1017 2301 1118 2372 quain
1144 2302 1291 2356 vivitesse
1318 2302 1414 2368 desiit,
1443 2319 1528 2359 mane
1560 2306 1699 2360 sacrificio
1727 2305 1817 2361 inter·

56 2396 83 2444 et
104 2391 277 2447 nosocomia
303 2391 478 2463 largissimas
513 2393 711 2466 eleemosynas
738 2395 906 2449 destinarit:
962 2379 1071 2456 luisset,
1106 2406 1171 2461 ego,
1216 2391 1265 2463 qui
1298 2391 1325 2446 ei
1366 2408 1480 2464 semper
1520 2394 1647 2460 aderam,
1686 2398 1818 2452 nostrum

10 2475 13 2549 3
56 2479 116 2533 aliis
152 2495 273 2551 qnoque
305 2479 409 2535 Christi
450 2480 624 2552 pauperibus
670 2482 805 2553 pecunias
846 2482 912 2537 sine
962 2478 1103 2534 loannem
1131 2478 1328 2548 Godelridum,
1359 2481 1409 2551 qni
1437 2482 1644 2537 nudiustertius
1672 2499 1705 2538 ex
1721 2482 1818 2539 Galliis

10 2554 16 2623 ’,
57 2584 179 2623 numero
212 2568 359 2639 dispertiri
386 2569 496 2624 curari.
528 2569 561 2623 Et
584 2573 736 2641 postquam
761 2571 908 2640 llerbipuli
962 2568 1082 2622 domum
1111 2568 1247 2636 redierat,
1275 2568 1309 2623 ad
1338 2585 1405 2623 eum
1433 2569 1463 2624 in
1493 2572 1564 2624 lecto
1587 2570 1816 2637 decumbentem,

10 2644 19 2701 ’ἱ
58 2661 268 2727 (quopropter
296 2657 412 2728 negotia
450 2664 587 2729 tanquam
621 2660 794 2731 Praepositae
831 2661 908 2715 illius
963 2655 1279 2727 mullisprresentibus.
1296 2656 1639 2729 introduxi:qnemcum
1658 2659 1821 2731 ingredien-

14 2764 20 2775 ·
58 2744 186 2800 eeclesiae¹
216 2749 405 2814 concesserat)
433 2746 463 2799 in
490 2748 622 2801 morbum
664 2747 818 2814 incidisset,
848 2753 907 2803 tam
962 2750 1020 2799 tem
1035 2745 1239 2816 conspexisset,
1266 2745 1300 2799 ad
1334 2762 1379 2800 me
1408 2762 1584 2803 conversus:
1618 2747 1817 2814 Oualenrnam‚

59 2832 321 2904 mibi,qnamaliis
340 2838 401 2888 toto
425 2834 518 2889 morbi
546 2839 675 2906 tempure
699 2835 754 2906 ipsi
769 2836 906 2891 adstanti·
962 2834 1111 2905 inquiens,
1140 2834 1308 2905 episcopum
1338 2834 1409 2890 nrihi
1430 2836 1650 2908 adducislligo
1671 2837 1818 2892 illittlln·

60 2920 115 2988 bns,
135 2921 263 2976 liberam
281 2923 317 2976 de
334 2921 469 2976 omnibus
498 2923 579 2977 bonis
604 2923 674 2990 suis,
698 2925 727 2978 in
741 2924 863 2991 horreis,
878 2914 1103 2980 inCstrissime
1133 2922 1265 2987 Domine,
1297 2927 1339 2976 est
1363 2923 1478 2994 juvenis
1504 2925 1664 2980 canonicus
1692 2923 1818 2979 loannes

62 3011 215 3081 penuariis,
233 3011 263 3064 in
285 3025 342 3064 aere
371 3011 517 3080 praesenti,
547 3027 743 3084 quascumque
758 3015 907 3074 vellemus.
964 3009 1135 3065 Godelridus
1150 3010 1185 3065 ab
1213 3011 1389 3078 Asclrnusen,
1419 3027 1525 3083 paucos
1541 3018 1608 3067 ante
1631 3012 1692 3067 dies
1704 3028 1737 3066 ex
1752 3012 1816 3068 Gal·

62 3101 255 3168 eleemosynas
273 3098 308 3152 ad
337 3098 450 3153 libitum
479 3103 609 3153 nostrum
638 3115 691 3170 pro
720 3100 817 3154 anima
846 3116 907 3164 sua,
964 3097 1134 3153 liadomum
1160 3100 1259 3153 redux.
1289 3101 1355 3169 Ejus
1385 3099 1483 3171 itaque
1502 3116 1591 3156 manu
1618 3100 1816 3172 apprehensa:

63 3186 233 3259 pauperibus
263 3189 292 3240 et
329 3186 398 3240 locis
424 3185 480 3257 piis
520 3186 709 3256 dispertiendi
745 3188 907 3243 fucultatem
965 3187 1031 3254 lste,
1050 3187 1155 3258 inquit,
1172 3192 1237 3254 post
1251 3203 1358 3259 paucos
1377 3204 1470 3243 annos
1490 3189 1695 3244 condecorabit
1720 3189 1817 3244 sedem

62 3275 206 3341 conressit,
226 3274 288 3328 baec
319 3289 395 3344 serpe
424 3275 529 3328 iterans
553 3275 663 3330 verba:
689 3275 833 3347 Quidquid
856 3292 908 3348 pro
963 3276 1155 3346 episcopalem
1169 3277 1197 3331 S.
1213 3276 1333 3332 Ottonis.
1353 3278 1387 3332 El
1414 3282 1480 3349 post
1500 3278 1559 3332 brec
1574 3278 1659 3333 rerba
1679 3278 1819 3334 conticuit

62 3365 151 3420 anima
167 3379 236 3418 mea
250 3362 498 3433 eleemosynarum
522 3356 718 3434 erogarerilis,
745 3381 798 3437 ego
815 3371 908 3420 ratum
964 3364 1187 3420 meditabundus
1214 3365 1424 3436 aliquantisper
1444 3383 1451 3420 ε
1469 3382 1501 3421 ae
1524 3367 1640 3422 demum
1660 3367 1696 3422 de
1723 3367 1817 3422 reditu

62 3453 178 3508 habebo.
963 3453 991 3507 ei
1006 3457 1050 3508 est
1064 3453 1288 3525 congratulatus.
1317 3455 1530 3510 Recordabatur
1555 3455 1697 3524 ejusmodi
1715 3455 1816 3510 verbo-

10 3544 13 3561 '
90 3541 136 3596 lt.
160 3540 281 3610 «ldque
295 3539 485 3610 presentibus
508 3539 595 3595 etiam
610 3540 735 3596 ecclesie
750 3541 909 3612 imperialis
963 3557 1030 3596 rum
1051 3557 1111 3596 non
1131 3557 1196 3596 raro
1215 3541 1427 3598 illustrissimus
1453 3548 1549 3599 noster
1571 3545 1696 3599 loannes
1725 3543 1816 3600 Goda-

63 3623 277 3699 bambergensis
291 3627 404 3683 duobus
424 3627 563 3696 Praelatis,
589 3628 828 3701 quillerbipolim
845 3630 909 3684 ideo
964 3630 1063 3697 fridus,
1085 3631 1143 3701 piae
1170 3631 1318 3687 memoriae
1348 3647 1355 3697 ;
1385 3633 1498 3688 velabat
1525 3638 1622 3687 tamen
1649 3631 1712 3687 aliis
1741 3632 1818 3687 erul-

61 3717 275 3779 descenderaut,
313 3720 346 3771 ut
370 3732 436 3771 eum
458 3716 489 3772 in
508 3718 610 3773 morbo
637 3734 689 3774 suo
710 3717 867 3774 inviserent
882 3723 910 3773 et
964 3718 1037 3790 gari.

61 3807 288 3872 consolarentur,
312 3804 421 3877 pluries
446 3805 569 3873 iteravit,
598 3806 705 3862 addens
733 3822 791 3861 nou
805 3808 908 3863 semel:
999 3810 1045 3864 47.
1062 3827 1073 3853 ·
1091 3804 1245 3875 Hucusque
1260 3806 1347 3859 verba
1374 3805 1491 3862 l'orneri
1508 3822 1573 3877 pag.
1601 3809 1646 3868 60,
1663 3806 1713 3875 qui
1730 3821 1817 3874 snpra

61 3897 176 3951 Peccata
190 3910 257 3949 mea
281 3892 449 3965 gravissima
478 3900 555 3961 sunt,
581 3900 910 3966 etnumeropropemo·
965 3911 1030 3966 pag.
1054 3897 1081 3948 ll
1100 3893 1246 3954 retulerat,
1268 3893 1427 3964 piissimam
1442 3894 1504 3964 ejus
1530 3898 1652 3948 matrem
1669 3893 1817 3965 Brigittam

60 3987 125 4040 dum
142 3982 260 4040 infinita
278 3981 399 4038 :multis
415 3982 539 4054 proinde
553 3988 582 4038 et
596 3983 709 4053 magnis
722 3984 911 4056 eleemosynis
965 3985 1000 4039 de
1013 3982 1109 4045 Zobel,
1135 3981 1203 4036 dum
1234 3981 1338 4037 liliolus
1354 3982 1416 4052 ejus
1430 3983 1522 4037 adhue
1536 3983 1567 4037 in
1589 3983 1670 4036 cunis
1697 3981 1816 4052 vagiret,

59 4073 204 4129 diluenda.
234 4070 368 4127 Ultimam
409 4087 491 4127 snam
520 4073 697 4127 voluntalem
720 4073 861 4143 exposuit,
880 4077 911 4128 ut
965 4077 1047 4127 nocte
1077 4070 1212 4142 quadam,
1241 4085 1307 4124 cunr
1348 4070 1441 4141 pridie
1478 4085 1587 4125 sacram
1614 4068 1817 4125 Eucharistiam

60 4160 210 4233 sequitur:
232 4159 337 4215 Omnia
361 4175 427 4214 meu
453 4160 540 4227 bona,
557 4159 663 4231 inquit,
691 4159 852 4226 dequibus
880 4167 947 4245 ¹¹²0
967 4159 1143 4229 sumpsisset,
1170 4163 1199 4213 et
1218 4158 1311 4213 illium
1337 4175 1422 4212 sunm
1448 4159 1560 4214 Christo
1589 4163 1618 4212 el
1642 4157 1722 4212 Matri
1755 4158 1818 4229 ejus

60 4251 171 4321 peculio
184 4248 314 4321 proprio,
343 4248 444 4318 majori
458 4264 492 4303 ex
506 4253 586 4319 parte
611 4247 797 4316 hereditario,
819 4249 914 4320 dispo-
969 4247 1098 4304 devotius
1111 4247 1346 4310 commendasset,
1372 4246 1458 4301 mitra
1474 4251 1503 4302 el
1531 4246 1631 4301 babitu
1658 4245 1818 4317 pontificali

61 4355 128 4393 nere
141 4353 274 4410 possum,
289 4337 320 4393 in
334 4343 392 4392 tres
404 4341 498 4408 partes
518 4336 607 4392 dividi
621 4337 696 4391 volo.
720 4336 817 4393 Prima
830 4338 914 4393 detur
969 4341 1114 4402 ornatum,
1130 4351 1162 4390 ac
1181 4334 1254 4391 miro
1269 4335 1381 4407 fulgore
1395 4352 1545 4391 coruscum
1560 4340 1626 4390 aute
1651 4350 1681 4389 se
1695 4339 1818 4389 stantem

63 4427 193 4483 &cluit
220 4442 228 4492 ;
257 4426 347 4480 altera
381 4441 542 4497 pauperum
570 4425 668 4479 usibus
695 4425 912 4495 impendatur;
968 4423 1156 4496 conspexisse.
1175 4425 1239 4478 Erat
1264 4424 1396 4479 laudatus
1419 4424 1542 4495 juvenis,
1561 4423 1610 4494 qui
1636 4423 1820 4494 tuncagebat

61 4515 145 4570 tertia
168 4513 298 4584 cognatis
326 4512 398 4567 meis
426 4513 518 4577 cedat,
547 4529 620 4585 quos
659 4515 735 4568 inter
753 4515 914 4585 praecipuos
969 4529 1078 4581 annum
1091 4512 1366 4584 elatisvigesimum
1394 4519 1539 4584 quartum,
1560 4513 1588 4567 S.
1605 4512 1818 4584 lleinricospe-

62 4621 122 4658 esse
135 4604 202 4657 volo
223 4617 273 4657 eos
298 4601 350 4672 qni
377 4602 409 4657 in
432 4601 535 4656 studiis
560 4601 653 4657 adbuc
681 4607 857 4670 versantur3
885 4608 915 4657 et
968 4601 1078 4656 cialiter
1092 4602 1279 4667 devotus;et
1293 4601 1386 4656 eidem
1411 4602 1525 4669 Sancto,
1560 4606 1592 4654 nl
1609 4601 1711 4655 merito
1730 4599 1819 4654 credi·

63 4691 159 4747 fratris
172 4690 250 4747 tilios
270 4690 465 4755 minorennes,
492 4695 525 4744 ut
549 4689 581 4744 in
610 4689 754 4746 catholica
773 4690 913 4761 religione
968 4694 1025 4754 tur,
1038 4688 1168 4760 apprime
1180 4689 1295 4755 charus,
1323 4706 1379 4743 non
1396 4690 1491 4743 solum
1505 4689 1542 4743 ob
1569 4687 1818 4743 devolionistena-

62 4783 176 4836 ralmnt
191 4779 318 4834 educari.
349 4778 459 4834 Nollem
483 4783 589 4846 autem,
606 4778 642 4834 de
664 4778 748 4834 bonis
770 4779 912 4846 Ecclesia,
970 4776 1197 4845 ritudinem,sed
1214 4778 1255 4831 val
1279 4777 1402 4832 maxime
1426 4778 1463 4832 ob
1491 4776 1711 4832 similitudinem
1735 4774 1819 4828 casti-

63 4870 134 4926 milri
158 4867 301 4935 sanguine
320 4866 428 4938 junctis
455 4865 613 4939 quidquam
646 4865 773 4937 elargiri,
801 4866 912 4921 nisiex
969 4865 1086 4931 monia,
1102 4864 1591 4937 quaejureuissupracommunem
1609 4863 1725 4918 modum
1741 4861 1820 4916 efful-

62 4959 238 5031 patn'monio
260 4973 323 5011 meo
346 4960 521 5026 suppeteret,
542 4960 574 5011 nt
599 4956 639 5010 eis
661 4955 828 5010 benefacere
843 4972 913 5026 pos·
969 4956 1063 5025 gebal,
1090 4959 1118 5009 et
1155 4955 1276 5008 nonita
1310 4955 1421 5025 pridem
1457 4952 1613 5023 llerbipoli‚
1648 4950 1696 5005 ubi
1718 4948 1820 5003 studiis

61 5044 221 5102 semzscio
244 5044 323 5100 enim
351 5043 541 5099 ecclesiastica
566 5045 643 5100 bona
667 5045 723 5098 illis
738 5061 793 5099 non
804 5044 912 5099 deberi.
970 5042 1097 5106 vacabat,
1114 5046 1207 5111 ejusce
1222 5042 1336 5097 virtutis
1355 5043 1502 5114 specimen
1531 5040 1649 5096 dederat
1665 5037 1821 5092 immortali

60 5133 220 5190 Addiditin
243 5132 312 5198 tine,
341 5131 456 5201 sepeliri
470 5148 500 5186 se
521 5132 591 5187 relle
615 5131 644 5186 in
673 5133 790 5187 ecclesia
817 5133 915 5187 cathe·
970 5130 1252 5199 memoriadignum.
1274 5133 1422 5187 Foruerus·
1443 5131 1472 5185 in
1498 5125 1635 5183 concione
1663 5124 1757 5194 prima
1781 5122 1820 5176 lu-

61 5224 134 5278 drali
159 5219 375 5290 bambergensi,
400 5220 462 5274 sine
483 5236 598 5293 pompa,
627 5225 657 5275 et
683 5237 770 5292 quam
793 5220 914 5276 minimo
969 5219 1050 5272 nebri
1066 5234 1131 5289 pag.
1149 5222 1193 5284 26,
1210 5218 1281 5273 illud
1297 5219 1455 5273 itarelerl:

61 5309 122 5365 lieri
137 5314 236 5382 posset
250 5314 377 5380 sumptu.
1005 5307 1156 5362 48.«Rem
1171 5307 1383 5372 admirandam,
1411 5305 1589 5360 verissimam
1617 5307 1724 5367 tamen,
1740 5300 1820 5355 robis

95 5399 141 5454 ⁴5.
160 5417 175 5448 ι
192 5397 427 5468 Ceterumquam
443 5400 538 5451 exacte
554 5412 584 5452 se
599 5396 633 5451 ad
659 5396 772 5451 beatam
791 5400 914 5451 mortem
972 5395 1145 5449 memorabo.
1174 5397 1298 5450 loannes
1337 5394 1508 5450 tiodeiridus
1531 5393 1567 5448 ab
1591 5393 1751 5450 ascbausen
1776 5389 1820 5444 in·

64 5485 278 5558 pra-paraverit.
294 5490 322 5539 el
338 5501 424 5557 quam
441 5485 487 5555 pie
499 5484 577 5539 illem
592 5485 756 5556 oppetierit.
773 5484 915 5539 Fornerns
971 5483 1163 5537 adolescentia
1178 5501 1239 5547 sua,
1258 5488 1287 5537 nl
1302 5498 1387 5536 nemo
1408 5499 1465 5535 nou
1487 5481 1575 5546 novit,
1599 5477 1820 5535 formosissimus
