3878 6112
96 241 130 293 99
748 233 775 287 S.
798 232 940 288 ttuutttut
961 229 1198 288 tut‘ttuaruttts
1800 235 1849 289 {00

95 363 172 419 inter
197 361 308 416 italicos
336 363 364 414 et
397 357 589 414 Tbeutonicos
628 356 725 412 babitu
753 354 880 421 audivit;
905 357 943 423 et,
958 356 982 410 Α
1002 355 1138 410 talionem
1156 355 1185 410 in
1197 355 1293 409 totrrra
1307 370 1495 420 reservabas
1509 353 1573 410 sinu
1588 354 1671 428 regni
1696 355 1742 410 sui
1757 355 1849 412 insitae

96 450 174 523 quod
199 448 336 520 sapientis
360 453 413 515 est,
430 446 634 518 equanimiter
662 445 750 500 tulit:
776 445 867 499 sciens
893 460 947 498 nec
1001 444 1087 514 pestis
1102 444 1226 498 radicem
1243 444 1369 515 primum
1393 443 1550 515 exstirpare
1572 443 1709 513 decrerit,
1726 449 1758 499 ut
1772 443 1849 500 inte-

95 539 197 593 ccelum
211 552 326 607 semper
342 551 427 606 posse
441 533 579 603 serenari,
594 548 646 587 nec
662 548 707 587 res
727 532 869 586 humanas
884 529 946 584 sine
999 532 1124 588 rioribus
1153 532 1244 604 quieti
1269 537 1298 587 et
1319 531 1381 603 paci
1403 532 1549 601 restitutis,
1562 533 1719 588 exteriores
1733 532 1849 606 inquie-

96 625 308 681 internrissione
327 623 500 695 prosperari.
1000 621 1124 676 tationes
1138 621 1251 676 iacitius
1265 620 1450 693 postmodum
1467 621 1661 693 extingueret;
1690 637 1750 676 uun
1765 621 1849 693 ignu-

130 713 259 769 strnue
287 716 317 768 S.
344 711 485 766 lamberti
510 710 612 764 merita
635 723 693 763 nun
723 707 943 779 parvipendens.
1001 726 1077 779 rans,
1105 710 1244 780 quoniam
1268 708 1432 780 insipientis
1455 714 1498 764 est
1525 710 1556 764 in
1582 711 1700 765 vulnere
1730 714 1848 780 repente

95 801 230 857 leodium
253 800 341 856 venit.
370 800 410 853 tbi
435 798 573 852 cholicam
591 796 802 858 intirmitatem,
830 795 864 849 ab
888 799 944 863 {an-
999 804 1213 852 autemsanare.
1233 802 1261 852 et
1282 798 1481 853 contusionem
1509 797 1603 853 carius
1622 798 1675 853 sub
1698 799 1848 853 sanatione

97 889 287 944 lecessoribus
311 888 369 942 suis
398 887 568 956 ingenitam,
596 884 764 955 gravissime
802 885 913 955 patitur
937 899 944 938 ε
999 887 1240 941 rutisoccultarc.
1261 886 1394 941 Vulneris
1418 887 1495 941 enim
1523 886 1644 956 curatio,
1671 886 1695 942 si
1710 887 1747 941 ab
1776 887 1848 941 inte·

95 983 136 1044 et,
149 977 200 1049 qui
214 993 266 1047 per
281 976 405 1046 regalem
419 973 577 1045 potentiam
595 989 646 1027 usu
672 973 807 1026 humanae
837 972 945 1042 fragili·
998 973 1124 1029 rioribus
1137 975 1171 1029 ad
1196 975 1338 1029 exteriora
1349 974 1513 1042 deducitur,
1528 975 1639 1031 tirmior
1652 975 1683 1031 iu
1697 975 1848 1047 superlicio

95 1066 164 1122 tatis
177 1064 335 1129 extollitur,
353 1079 404 1135 per
432 1063 609 1134 corporalem
637 1061 795 1116 molestiam
826 1069 946 1131 paterna
999 1061 1189 1116 concluditur.

95 1154 280 1224 castigatione
306 1151 485 1222 reprimitur.
522 1148 702 1221 ltquesgrani
729 1150 833 1202 iterum
864 1164 945 1202 reve·
1036 1150 1079 1203 34.
1102 1151 1213 1203 lnterea
1241 1153 1270 1204 et
1291 1150 1409 1204 Ernesto
1434 1151 1487 1222 (27)
1512 1150 1605 1206 eidem
1621 1150 1776 1207 rebellioni
1800 1153 1848 1208 ad-

95 1242 176 1309 titur,
194 1241 429 1296 Purificationcm
444 1239 472 1294 S.
502 1240 554 1295 uei
582 1238 733 1295 Genitricis
759 1236 946 1292 celeberrima
996 1236 1234 1308 juugitur,nulta
1251 1238 1369 1293 laesione
1389 1243 1515 1307 coactus,
1541 1238 1601 1308 sed,
1625 1240 1669 1295 rel
1688 1240 1849 1312 juventutis

95 1329 246 1385 devotione
271 1334 435 1384 veneratur.
468 1325 712 1394 Lethariensibus,
730 1326 797 1381 data
819 1324 944 1391 licentia,
999 1327 1119 1393 terrore,
1147 1327 1192 1381 vet
1216 1343 1269 1399 per
1290 1343 1356 1384 curn
1391 1328 1545 1383 commoda
1582 1343 1634 1382 sua
1673 1328 1849 1401 amplificare

94 1418 163 1473 iude
188 1418 328 1479 discessis.
363 1416 571 1486 Neriomagum
606 1414 697 1468 venit.
730 1414 774 1468 lbi
814 1414 947 1485 pluribus
1000 1414 1192 1486 querentium
1215 1416 1397 1488 suggestione
1428 1416 1722 1472 seductas.uominus
1756 1417 1848 1471 Bruno

97 1504 444 1574 diebusOuadragesimae
459 1511 597 1567 moratur,
615 1504 681 1569 Deo,
712 1518 775 1574 qum
801 1503 849 1557 Dei
867 1508 944 1569 sunt,
999 1503 1086 1559 etiam
1102 1503 1189 1559 irater
1204 1505 1290 1576 Regis
1303 1503 1428 1558 lleiurici
1454 1509 1484 1558 et
1512 1504 1847 1575 episcopusassociatur,

96 1590 981 1685 reddens,ethuminibusquresuusunt,iaciens.lntereaB
1000 1597 1083 1647 etate
1106 1593 1232 1663 juvenis,
1258 1596 1287 1648 et
1315 1609 1367 1664 per
1395 1584 1578 1663 juventutem
1604 1593 1848 1648 adseducendem

96 1681 305 1738 Rladeimerius
327 1679 386 1735 dur
415 1679 579 1734 Roemensis
597 1679 770 1748 moritur,et
803 1679 945 1734 Buliztans
999 1681 1099 1736 tacitis.
1132 1681 1163 1736 Et
1192 1682 1248 1737 hoe
1271 1681 1431 1736 infidelium
1458 1685 1521 1736 erat
1545 1680 1689 1752 gloriatio,
1715 1680 1849 1753 quadiu

95 1769 276 1824 infidelitatis
299 1783 452 1830 venenum,
484 1783 519 1821 cx
541 1766 667 1838 propriae
690 1766 944 1838 iniquitatislunte
998 1772 1127 1843 pertibus
1158 1774 1217 1826 suis
1250 1773 1365 1827 tratrem
1395 1771 1480 1844 Regis
1506 1771 1658 1826 habebant.
1684 1771 1752 1826 llaec
1777 1785 1845 1841 ergo

95 1857 283 1928 potatum,in
300 1855 531 1910 contrarietatem
561 1855 646 1925 Regis
671 1870 803 1910 evomere
831 1855 941 1911 nititur.
998 1860 1183 1932 conspiratio,
1201 1866 1310 1933 quanto
1332 1860 1464 1932 juniores
1489 1865 1519 1917 et
1537 1859 1753 1930 insipientiores
1767 1858 1847 1914 colli·

64 2012 68 2023 ι
96 1946 167 2000 Nam
183 1946 316 2015 Pragam,
333 1959 397 2015 quae
412 1948 498 2014 capnt
516 1948 560 1997 est
586 1942 723 2012 Ruemiae,
737 1959 789 2015 per
815 1943 944 2015 pecuniae
998 1949 1050 2019 git,
1064 1954 1143 2005 teuto
1158 1950 1270 2020 turpius
1283 1953 1312 2004 et
1327 1949 1459 2004 enervius
1478 1948 1591 2005 deiecit.
1613 1947 1722 2004 Dicitur
1745 1948 1845 2003 enim:

95 2033 290 2104 deceptiones,
308 2048 358 2103 per
377 2031 943 2103 talsaspromissiones,perastutissimas
998 2036 1200 2107 lnsipientium
1227 2037 1397 2107 glomeratio
1421 2035 1533 2092 consilii
1567 2035 1847 2109 cstdissipatiuzet

94 2122 209 2176 fraudes
241 2120 358 2176 invadit.
388 2120 544 2174 Milzaviam
584 2136 698 2192 quoque
740 2119 870 2176 Saxonise
916 2126 944 2175 et
997 2126 1110 2180 consilii
1127 2125 1275 2196 dissipatio
1287 2131 1381 2180 actum
1397 2130 1439 2180 est
1451 2125 1604 2180 enervatio.

94 2210 219 2264 Potoniue
244 2208 459 2278 interjacentem
484 2208 653 2273 marchiam,
689 2207 810 2275 insidiis,
838 2208 942 2280 quibus
1033 2216 1077 2269 35.
1106 2213 1165 2268 Rex
1186 2213 1425 2285 igiturquosdum
1465 2212 1664 2268 lotharienses
1690 2215 1718 2266 et
1759 2213 1845 2267 Fran·

94 2298 195 2353 doctus
209 2303 280 2363 erat,
297 2313 356 2351 etia
368 2296 527 2351 infelicitati
540 2296 662 2368 subjicit.
996 2318 1044 2356 cus
1070 2319 1102 2355 ac
1131 2301 1263 2357 Bavarios
1297 2301 1446 2372 colligens,
1485 2303 1609 2356 intrante
1651 2303 1794 2372 Augrrsto,
1816 2300 1846 2355 in

128 2388 172 2441 St.
204 2385 286 2450 Quod
308 2401 373 2440 cum
408 2384 478 2455 Regi
508 2382 671 2438 nuntiatum
700 2389 783 2451 esset,
808 2400 866 2439 non
895 2375 941 2439 in·
998 2389 1145 2443 licenciam
1162 2387 1318 2442 exercitum
1342 2404 1428 2459 super
1454 2388 1623 2442 llezelonem
1649 2387 1745 2453 duxit3
1772 2387 1845 2441 bone

93 2474 303 2542 flammabatur,
315 2489 373 2528 non
393 2471 636 2540 stomachabatur,
654 2488 712 2526 non
736 2471 941 2527 advindictam
997 2476 1236 2547 ejusdcrastavit,
1268 2475 1364 2546 ipsum
1380 2491 1446 2530 cum
1474 2475 1641 2529 deminuet
1671 2475 1805 2529 Brauone
1819 2480 1845 2529 et

34 2576 36 2580 ⁴
92 2562 252 2634 repentinis
275 2561 402 2616 motibus
424 2559 622 2626 animabatur;
640 2559 733 2615 sciens
756 2560 825 2632 quia
844 2559 887 2614 ira
915 2565 943 2614 et
998 2565 1217 2635 Ernestoneper
1240 2563 1324 2619 silvas
1349 2564 1462 2618 latitare
1485 2562 1586 2634 coegit.
1615 2563 1744 2617 Tandem
1767 2563 1844 2617 sead

91 2650 237 2706 festinatio
251 2665 365 2722 semper
380 2648 582 2705 inimicaesunt
593 2647 722 2703 consilio.
739 2649 792 2703 Sed
809 2648 942 2704 notitiam
997 2651 1176 2707 castellorum
1204 2652 1384 2706 munimenta
1411 2651 1542 2718 contulit,
1573 2666 1637 2722 quie
1660 2650 1725 2722 capi
1751 2666 1842 2722 posse,

91 2740 176 2795 dietae
195 2737 352 2795 invasionis
367 2737 562 2805 dissimulans,
584 2737 731 2793 mandavit
755 2737 782 2792 ei
797 2753 850 2808 per
862 2739 940 2809 lega·
997 2756 1048 2796 nec
1083 2741 1184 2796 llezeto
1224 2740 1355 2809 timebat,
1381 2756 1433 2794 uec
1466 2739 1589 2794 aliorum
1612 2739 1767 2810 quisquam
1788 2754 1845 2794 cre·

91 2832 136 2882 tus
158 2828 302 2899 sapientes
323 2831 352 2881 et
378 2827 556 2898 eloquentes,
572 2831 604 2881 ut
622 2830 728 2880 terram
754 2840 847 2895 suam,
876 2842 942 2898 quie
997 2828 1093 2886 debat.
1115 2830 1147 2883 lu
1166 2827 1259 2896 primo
1284 2828 1374 2899 igitur
1394 2827 1504 2898 impetu
1523 2828 1641 2883 ltertula
1659 2827 1796 2895 diruitur,
1818 2831 1844 2881 et

92 2910 223 2987 Principe
237 2916 348 2969 noviter
359 2920 422 2969 erat
436 2913 560 2978 viduata,
576 2929 635 2968 non
656 2912 813 2980 invaderet,
841 2930 940 2984 quam,
961 2900 1146 2971 Cltezelonis
1179 2917 1283 2971 milites
1311 2917 1341 2971 iu
1364 2932 1397 2970 ea
1424 2915 1510 2986 capti,
1531 2931 1584 2986 per
1610 2915 1843 2969 intercessionem

92 3003 116 3058 si
131 3003 226 3070 vellet,
242 3018 307 3057 cum
321 3002 474 3071 gratiasua
485 3004 514 3055 et
531 2999 777 3055 donoroluntario
791 3001 940 3072 acquirere
997 3003 1172 3073 Principum,
1190 3005 1252 3057 sani
1267 3009 1293 3057 et
1310 3004 1380 3057 salvi
1405 3003 1613 3074 permittuntur
1637 3002 1729 3057 abire.
1756 3002 1843 3057 Soteri

94 3095 199 3163 posset.
217 3088 388 3160 llujusmodi
403 3087 578 3159 legationem
592 3088 736 3143 Ruliztaus
762 3088 881 3143 audieus
895 3089 940 3144 in·
997 3097 1092 3146 autem
1104 3090 1142 3162 [a]
1155 3092 1280 3146 Bulizlao
1293 3090 1323 3146 in
1335 3091 1510 3162 adjutorium
1531 3090 1622 3159 missi,
1637 3090 1667 3144 in
1680 3091 1843 3144 servitutem

91 3181 159 3236 felix
182 3179 316 3234 mandata
347 3175 456 3248 sprevit
481 3175 585 3240 dulcia,
626 3190 724 3230 amara
765 3176 940 3248 quandoque
995 3177 1132 3233 exercitui
1144 3177 1365 3232 distribuuntur.

76 3282 226 3340 ‚passurus
237 3266 365 3321 verbera.
384 3265 450 3319 Erat
461 3263 538 3318 enim
564 3264 666 3318 Hezelo
679 3279 743 3318 cum
770 3279 804 3317 eo
819 3269 938 3335 puteum
1031 3265 1291 3320 saeculariter
1315 3265 1465 3320 Crrrriuam
1481 3265 1537 3336 (28)
1567 3265 1687 3332 obsedit,
1710 3265 1761 3320 ubi
1777 3280 1846 3319 uxor

91 3357 201 3412 todiens
228 3352 404 3420 rebellionis,
433 3351 469 3407 de
498 3367 555 3423 quo
582 3351 677 3406 intidae
702 3350 845 3407 bibiturus
879 3357 940 3407 erat
996 3355 1144 3409 liezelouis
1167 3353 1612 3425 acfitiierant,etqurrqueitli
1634 3353 1767 3408 chariora
1785 3369 1845 3407 csse

93 3459 198 3516 aquam
230 3441 420 3509 confusionis;
447 3440 564 3511 laqueos
603 3455 720 3511 quoque
754 3443 937 3507 connectens,
994 3448 1135 3514 poterant.
1152 3443 1183 3496 ln
1195 3458 1252 3513 qua
1269 3443 1434 3497 obsessione
1449 3443 1478 3497 in
1493 3443 1595 3514 primis
1615 3446 1680 3513 post
1698 3457 1843 3496 annonam

91 3547 209 3586 casurus
236 3529 264 3584 in
297 3529 389 3600 ipsos.
421 3527 644 3598 Quadragesima
671 3526 763 3594 linita,
789 3528 857 3594 Rex,
888 3528 939 3598 qui
993 3531 1108 3585 incaute
1127 3529 1843 3601 exeuntes,abllezetune,ceterisquesuiscuad-

90 3617 253 3688 theleborg
262 3617 319 3685 (24)
329 3615 435 3672 Pascha
446 3615 580 3677 celebrat,
590 3620 618 3670 et
630 3614 748 3670 Rulizlai
760 3614 936 3678 violentiam,
994 3618 1136 3691 jutoribus
1149 3618 1386 3686 vulnerabantur,
1410 3616 1607 3688 capiebantur,
1629 3617 1842 3672 occidebantur.

91 3711 122 3760 ut
138 3705 261 3778 sapiens,
291 3705 415 3760 scienter
440 3703 576 3775 ignorat:
595 3704 726 3760 Ottonem
755 3720 881 3776 quoque,
911 3709 939 3759 et
994 3708 1062 3774 Iter,
1088 3705 1141 3761 hoc
1156 3705 1283 3776 cognitu,
1300 3706 1428 3777 quotidie
1461 3704 1683 3777 quadringintos
1709 3705 1841 3761 custodes

89 3793 289 3849 Ernestionem
314 3797 384 3847 tuuc
420 3791 476 3847 sibi
507 3791 620 3847 obuiam
647 3791 683 3845 ab
711 3792 809 3847 ltalico
835 3791 937 3862 prelio
993 3793 1164 3849 exeuntibus
1186 3793 1326 3860 adhibuit,
1342 3799 1371 3848 ut
1386 3793 1438 3848 hos
1452 3794 1641 3859 custodirent,
1671 3799 1699 3848 et
1723 3793 1842 3848 insidias

89 3883 245 3948 venientes,
257 3897 311 3953 pro
328 3881 479 3936 vulnerum
495 3878 685 3951 susceptione,
701 3897 754 3951 pro
769 3881 938 3936 necessarie
993 3882 1201 3938 insidiantibus
1224 3888 1369 3953 pararent.
1402 3883 1459 3937 lloc
1483 3883 1585 3937 llezclo
1601 3899 1667 3937 cum
1686 3881 1770 3937 sociis
1792 3898 1841 3937 au·

88 3972 164 4043 fugae
189 3970 368 4037 confusione,
401 3968 486 4025 donis
512 3968 600 4040 regiis
621 3968 755 4037 honorat,
785 3975 814 4023 et
842 3969 938 4024 debite
993 3971 1084 4036 diens,
1101 3986 1131 4025 se
1148 3969 1841 4042 insultemquamdamrecepit.inquamnulti,

41 4109 48 4120 ,
88 4058 410 4114 consulationerelevat
435 4096 591 4112 ......
607 4054 820 4127 quoque'tunc
847 4072 937 4128 usque
994 4059 1048 4113 nisi
1063 4075 1116 4130 per
1134 4059 1265 4113 scaritum
1282 4075 1370 4114 uuam
1394 4058 1511 4130 patebat
1536 4057 1692 4113 introitus:
1720 4058 1761 4112 ihi
1778 4063 1841 4113 ten·

88 4146 248 4202 Suionibus
264 4146 395 4208 intestus,
412 4145 489 4199 ultro
504 4144 650 4198 uenientes
673 4143 731 4213 (is)
758 4143 889 4214 suscipit,
910 4151 975 4236 et„
994 4145 1067 4201 turia
1081 4146 1143 4201 lixit
1158 4164 1165 4201 :
1183 4147 1222 4201 ilii
1238 4147 1378 4217 noctibus,
1396 4147 1503 4212 nescio,
1527 4163 1564 4202 an
1580 4148 1672 4202 tribus
1692 4152 1741 4201 aut
1771 4147 1841 4201 dua·

89 4235 141 4290 suh
156 4232 341 4303 benignitatis
356 4232 529 4287 discretione
542 4230 597 4284 sibi
612 4230 938 4287 fidelissimosreddidit.
995 4233 1059 4300 bus,
1076 4235 1157 4306 quasi
1173 4236 1410 4306 tutusderapiua
1438 4251 1597 4306 pauperum
1613 4235 1690 4290 vixit.
1720 4235 1779 4290 lloc
1795 4251 1841 4288 eu·

125 4325 169 4377 33.
188 4322 253 4376 Post
268 4320 374 4375 haruin
389 4319 490 4375 diebus
504 4317 694 4388 Rogationem
709 4318 872 4390 bleresberg
883 4322 940 4390 (Pb)
996 4323 1091 4378 studes
1103 4339 1156 4394 per
1166 4324 1302 4378 rusticum
1318 4323 1633 4395 unumcomperientes,
1651 4323 1727 4378 circa
1741 4322 1842 4378 boram

89 4415 230 4475 moratur,
261 4408 359 4480 ibique
393 4407 420 4462 ei
443 4407 478 4463 de
502 4406 621 4461 Rulizlai
647 4412 676 4461 et
699 4407 849 4462 llezelouis
875 4424 942 4463 con·
994 4415 1114 4477 sextam,
1140 4411 1169 4466 in
1193 4428 1250 4484 qua
1275 4412 1319 4467 illi
1341 4428 1382 4480 se,
1401 4428 1455 4483 pro
1489 4415 1559 4466 astu
1601 4411 1669 4476 diei,
1694 4411 1845 4466 remissius

88 4499 213 4554 tumacia
228 4497 424 4553 renunciatur.
439 4496 515 4566 lpse,
533 4493 650 4549 credere
665 4493 858 4563 dissimulans,
875 4495 940 4551 inde
993 4499 1139 4556 habebant
1167 4500 1196 4554 in
1225 4501 1327 4555 vallem
1351 4500 1476 4555 latenter
1516 4499 1734 4566 descenderent,
1781 4500 1844 4554 luca

87 4587 229 4654 discessit,
244 4585 323 4640 etad
339 4583 541 4638 celebrandam
556 4583 744 4637 Pentecosten
765 4583 940 4639 llalberstete
993 4588 1118 4659 plurima
1151 4588 1370 4652 circumeuntes,
1388 4593 1416 4643 et
1432 4588 1586 4658 diligenter
1611 4587 1735 4641 lleinrici
1749 4592 1845 4641 castra

86 4675 177 4730 venit.
195 4675 303 4730 lteiude
327 4674 357 4728 iu
384 4672 532 4727 Rarariam
556 4671 659 4733 tendit,
689 4671 761 4726 scire
780 4671 878 4727 voleus
902 4689 939 4728 an
993 4680 1165 4749 quaerentes.

87 4763 208 4837 quade
229 4762 372 4818 llezelunc
399 4759 568 4815 dicebantur
580 4775 647 4814 rere
669 4765 776 4814 essent.
796 4759 858 4824 Ouo
873 4777 938 4816 cum
1029 4765 1221 4820 artensem
1245 4780 1320 4819 unus
1345 4780 1444 4818 cursim
1473 4761 1597 4819 tentoria
1619 4761 1729 4828 ridens,
1753 4762 1843 4817 nimis

87 4852 272 4925 perreirisset,
287 4855 316 4906 et
330 4846 477 4905 llezelunis
498 4848 625 4902 iurarem
640 4846 714 4900 circe
725 4847 788 4901 loca
802 4846 857 4901 sibi
873 4845 938 4901 lini·
992 4851 1112 4907 festinus
1140 4853 1175 4906 ad
1200 4852 1382 4908 invitandum
1401 4852 1500 4920 socios,
1529 4851 1597 4922 Kyri
1617 4849 1728 4904 eleison
1754 4852 1843 4921 coepit

86 4942 157 4997 tima
194 4937 431 4995 irrationabiliter
479 4950 630 4990 accensum
674 4935 869 5007 comperisset,
906 4950 938 4990 ac
991 4938 1246 5007 clamereethuc,
1276 4944 1309 4995 ut
1333 4940 1418 4995 citius
1445 4939 1571 5006 veniant,
1599 4938 1766 5009 frequenter
1790 4939 1844 4994 ite·

88 5028 207 5084 Butizlai
216 5026 361 5097 adjutorio
372 5023 565 5094 illum2iretum
580 5039 642 5080 esse
653 5024 789 5091 novisset,
803 5023 948 5080 Rultizlao⁸
991 5041 1064 5081 rare.
1084 5028 1149 5083 ltaec
1165 5028 1267 5082 llezeto
1281 5027 1454 5099 percipiens,
1470 5027 1576 5082 relictis
1599 5025 1740 5093 tentoriis,
1753 5027 1844 5083 armis

122 5187 179 5257 (Pi)
195 5186 327 5259 intellige
357 5185 570 5254 eridtiupburp,
583 5185 637 5250 rel,
655 5193 685 5239 nt
701 5187 798 5255 legunt
812 5186 936 5241 Annales
1026 5185 1081 5256 (26)
1098 5185 1171 5256 Lege
1190 5190 1223 5239 ut
1241 5202 1328 5256 supra
1343 5185 1511 5252 Mereeburp.

86 5258 316 5315 Hildesemcnses
327 5257 571 5325 Quidetirrputmrg,
594 5257 653 5310 loco
669 5272 750 5328 reque
780 5273 811 5311 ac
826 5257 937 5311 Putitii
1026 5257 1084 5326 (27)
1098 5258 1221 5322 urescere,
1245 5258 1369 5311 &crestio
1394 5261 1422 5310 et
1436 5257 1567 5310 Ernestus
1582 5269 1634 5325 pro
1646 5252 1749 5308 eodeni
1769 5251 1843 5307 ucci-

88 5346 122 5385 eu
137 5334 267 5398 tempore
278 5327 436 5383 notissimo.
989 5326 1119 5398 piantur.

123 5402 177 5469 (⁴25)
195 5401 244 5456 llic
253 5399 378 5471 aliquem
391 5396 553 5453 Sclarorum
565 5397 705 5468 populum
716 5397 752 5451 ab
777 5395 934 5452 edelboldo
1027 5397 1085 5466 (28)
1112 5396 1206 5452 Monet
1229 5396 1397 5463 Leibuitius,
1427 5394 1582 5467 tegendum
1611 5394 1738 5459 Crucem,
1766 5392 1843 5448 forte

87 5471 244 5526 iudicatum
261 5469 358 5535 titisse,
375 5484 431 5522 uon
448 5468 521 5522 niele
536 5468 667 5523 observet
682 5465 848 5524 leibnitius.
988 5469 1103 5526 ermen
1118 5469 1145 5523 in
1166 5467 1304 5540 superiori
1319 5467 1479 5523 Palatinatu
1494 5465 1631 5523 bavarie.
