3894 6120
111 278 116 283 '
162 275 210 328 tat

653 272 864 330 varunnam
883 275 1103 333 passarana!
1125 273 1424 333 attemptaturus,

1866 279 1914 337 432

164 421 175 448 ι
198 400 278 455 tercii
294 398 406 456 Ottonis
426 398 608 470 imperatoris
623 399 785 454 didascalus
801 398 886 452 simul
902 404 931 453 et
946 398 1047 470 pri·h
1068 421 1081 449 o
1103 399 1200 468 labris,
1225 399 1320 470 palliis
1340 400 1460 472 aliisque
1484 401 1678 456 aecclesiastici
1702 401 1817 456 ordinis
1839 419 1919 457 oma-

163 510 176 539 n
198 489 371 556 miscrinius,
388 489 485 544 diviua
499 493 591 542 tactus
606 489 709 558 gratia,
726 488 896 542 reatus·mei
909 505 1011 559 super·

165 578 255 632 »flua
280 579 510 648 perhorrescens,
541 578 726 648 divinamque
755 578 878 647 gratiam
907 593 1011 631 corren-

162 687 175 714 ι»
197 666 319 736 pisceus,
351 666 468 720 distraxi
496 667 625 719 animum
655 665 685 718 in
715 665 837 730 diversa,
867 666 1011 737 quomodo

162 761 311 809 »acteone
340 754 530 808 satisfacerem
562 753 763 807 misericord:ae
792 755 889 824 sicque
919 771 1010 808 reme-

163 863 176 895 »
196 843 276 898 dirim
289 858 360 895 meae
376 843 534 896 obtinerem
550 843 665 895 animae.
681 842 734 896 Sed
747 843 777 895 in
791 842 930 897 tenuitate
943 847 1012 897 tunc

161 951 175 983 a
198 947 268 986 meae
288 931 444 1002 qualitatis,
461 929 598 1002 quicquid
619 930 717 984 aniano
733 931 940 1000 proponebam,
963 936 1012 984 aut

161 1043 175 1070 a
196 1021 240 1074 vix
256 1020 460 1083 inchoandum,
484 1025 534 1074 aut
549 1035 708 1090 numquam
734 1020 787 1073 hoc
803 1019 1010 1088 perficiendum

161 1129 174 1161 n
195 1110 341 1163 timebam.
365 1108 485 1162 Animus
509 1113 604 1162 lamen
629 1108 773 1177 magisne
796 1108 887 1180 magis
910 1108 1011 1162 ardore

160 1221 173 1247 ν
195 1198 284 1252 sancti
315 1197 454 1269 propositi
484 1197 649 1263 desudabat,
682 1197 748 1250 licet
773 1203 841 1250 trino
871 1198 1010 1267 temporis

160 1287 309 1341 »fortuna
341 1287 410 1358 quid
438 1287 586 1339 inchoasse
614 1285 748 1352 vetabat,
777 1301 841 1340 cum
870 1301 932 1339 ecce
961 1286 1010 1341 llei

160 1395 173 1427 n
194 1376 295 1429 electio
322 1381 532 1445 senatuumque
566 1374 735 1427 declamatio
766 1391 812 1428 me
839 1375 1010 1445 pontificalis

160 1486 173 1514 o
194 1463 293 1534 gloriae
307 1463 377 1515 solio
390 1461 639 1515 inthronizandum
654 1461 839 1531 pr·a.·rligunt;
853 1466 881 1514 et
894 1477 930 1514 ne
941 1478 1010 1532 grex

160 1573 172 1602 o
195 1552 310 1605 Domini
327 1552 494 1605 turbaretur
509 1550 571 1603 sinc
586 1557 711 1621 pastore,
728 1567 764 1603 ne
779 1549 904 1603 aecclesia
920 1555 1011 1605 mater

160 1660 173 1690 n
195 1646 290 1693 nostra
307 1645 382 1692 esset
404 1638 485 1709 qnasi
512 1639 607 1699 vidua,
624 1639 653 1691 in
671 1638 810 1692 electione
834 1638 897 1691 novi
913 1638 1009 1709 panli-

159 1751 172 1778 υ
194 1727 255 1781 ficis
279 1743 328 1781 cor
347 1743 437 1781 narina
466 1731 494 1780 el
518 1727 643 1780 animam
672 1742 759 1779 raviam
784 1726 918 1780 omnibus
944 1727 1010 1781 fecit

160 1840 172 1864 ι»
193 1816 298 1870 habere
331 1817 449 1885 spiritus
477 1815 564 1884 pacis.
596 1815 808 1868 luthronizatus
838 1815 1007 1886 lleuuopoli·

162 1927 171 1951 ι
194 1908 268 1957 tanae
284 1904 340 1970 (58)
363 1903 507 1968 eecclesiae,
530 1904 605 1974 quod
623 1904 672 1956 diu
691 1919 876 1972 covrcepcram
900 1904 1008 1969 animo,

159 2013 173 2042 a
193 2008 279 2064 opere
291 1992 437 2061 complere
453 1993 594 2056 volebam,
610 1992 741 2046 videlicet
759 1992 849 2045 beata¹
864 1994 1009 2046 memoriae

158 2101 172 2131 n
192 2082 304 2134 tradere
320 2080 437 2133 titulum
461 2079 588 2132 nominis
611 2080 678 2145 mci,
696 2079 837 2133 aecclesias
862 2081 1009 2148 struxisse,

160 2192 169 2216 ι
192 2185 224 2223 ac
239 2169 332 2222 officia
347 2168 405 2222 Deo
420 2168 605 2221 servientium
621 2169 691 2221 inibi
706 2168 865 2234 ordinasse,
882 2184 1011 2222 onlnem·

159 2278 171 2305 a
193 2274 248 2328 que
264 2256 462 2311 facrrllalulam
481 2272 574 2309 nicam
596 2257 716 2309 llomiuo
733 2258 866 2310 lucrasse.
894 2258 925 2310 at
941 2258 1009 2326 quin

159 2367 171 2396 n
193 2352 259 2400 siant
273 2349 384 2399 occulta
402 2344 451 2398 llei
463 2345 582 2414 judicia,
601 2360 715 2413 semper
732 2351 828 2397 lanren
838 2345 926 2414 justa,
942 2360 1009 2399 con·

158 2457 172 2485 s
192 2451 277 2489 seusu
293 2441 321 2488 et
336 2436 451 2488 hortatu
467 2432 571 2486 Christi
587 2433 714 2486 fidelium
731 2449 834 2486 novam
853 2432 901 2486 llei
914 2433 1010 2486 oecclc·

159 2548 170 2570 »ι
192 2523 263 2576 siam
280 2525 403 2576 condere
428 2521 512 2590 coepi,
528 2521 556 2573 in
581 2537 638 2592 qun
654 2521 688 2575 ad
709 2521 823 2575 lnrldcm
841 2526 870 2575 et
885 2522 1007 2591 gloriam

158 2631 171 2662 o
193 2611 317 2665 nominis
332 2609 456 2674 homiui,
467 2614 495 2663 et
510 2608 570 2662 roti
581 2611 635 2662 mei
652 2610 832 2680 propositum
843 2608 1007 2680 adimplevi,

156 2723 170 2748 n
192 2706 221 2753 et
235 2705 339 2755 sauctae
357 2697 575 2760 christianitati,
593 2697 728 2752 adhibitis
746 2699 802 2752 [len
825 2697 935 2752 dilectis
951 2698 1007 2752 fra-

158 2787 293 2854 ntribus,
317 2786 457 2842 consului.
485 2786 613 2840 Fundato
627 2788 704 2840 eninr
726 2787 840 2840 novello
864 2802 963 2856 opere,
980 2793 1008 2840 et

157 2898 170 2925 s
191 2875 349 2946 designatis
364 2891 397 2928 eo
413 2872 468 2927 loci
484 2872 611 2927 locorum
632 2873 829 2943 qualitalibus,
847 2889 882 2925 ne
897 2873 1007 2927 occasio

1068 510 1082 537 a
1102 489 1206 543 mentis
1226 488 1344 554 contuli,
1366 493 1459 543 totum
1483 489 1581 543 usibus
1604 490 1728 545 fratrum
1745 507 1799 560 per
1821 507 1919 547 manns

1070 599 1081 626 ι
1102 577 1231 631 advocali
1252 579 1308 631 mei
1323 578 1437 644 tradidi,
1454 579 1510 632 heo
1527 584 1556 632 et
1571 579 1678 633 sanclis
1699 579 1776 650 ejus,
1790 595 1843 649 pro
1859 580 1917 633 ani·

1067 688 1080 716 o
1103 667 1205 721 mabus
1220 667 1422 737 praedictorum
1440 667 1586 721 seniorum
1611 683 1747 722 meorum
1764 668 1918 737 imperato·

1069 776 1080 803 ι
1102 771 1167 809 rum
1183 759 1212 809 et
1230 771 1294 808 mea
1310 755 1498 826 omniumque
1525 772 1723 810 successorum
1748 772 1880 809 meorum
1895 762 1919 812 et

1069 859 1203 896 seorsim
1232 860 1354 913 quorum
1388 844 1561 914 patrimonia
1596 844 1747 915 acquisivi,
1781 850 1919 915 quatenus

1068 950 1081 981 o
1103 932 1254 985 servitores
1269 931 1372 985 Christi
1391 932 1427 987 ab
1448 934 1526 986 omiti
1552 938 1668 987 terreno
1691 933 1813 987 servitio
1831 933 1917 993 liberi,

1067 1042 1080 1071 n
1099 1020 1152 1073 sub
1167 1020 1331 1074 defensione
1345 1026 1374 1075 et
1386 1021 1551 1090 patrociniis
1568 1038 1768 1075 successorum
1792 1037 1916 1076 meorum

1067 1128 1080 1160 n
1102 1109 1280 1179 premuniti,
1295 1109 1323 1163 in
1339 1126 1408 1180 pace
1422 1117 1451 1164 et
1465 1110 1659 1165 misericordia
1675 1111 1777 1181 quieta
1792 1115 1916 1181 ternpore

1067 1217 1080 1248 o
1101 1199 1208 1252 ducant
1223 1203 1251 1250 et
1266 1199 1292 1250 in
1309 1200 1429 1251 salutern
1453 1199 1610 1252 viventium
1627 1198 1721 1252 beatae
1745 1198 1914 1268 contempla·

1066 1307 1079 1334 o
1102 1285 1173 1339 tioui
1196 1285 1364 1339 inhaereant.
1390 1285 1418 1339 Si
1442 1286 1507 1356 quis
1525 1291 1620 1339 autem
1638 1286 1696 1340 mei
1721 1286 1836 1340 ordrnis
1856 1303 1914 1340 suc-

1067 1395 1080 1424 »
1101 1390 1197 1428 cessar
1210 1379 1260 1427 aut
1280 1373 1376 1445 aliqua
1397 1374 1541 1427 saecularis
1556 1391 1677 1445 persona
1694 1374 1752 1428 hoc
1768 1373 1915 1446 effringere

1066 1483 1079 1512 n
1101 1463 1224 1516 voluerit
1238 1467 1267 1515 ct
1290 1463 1350 1516 baec
1372 1463 1528 1533 tyrannicae
1551 1463 1605 1517 sibi
1621 1479 1765 1533 usurpare
1782 1480 1914 1534 praesum·

1066 1571 1079 1601 o
1101 1551 1199 1621 pserit,
1216 1551 1311 1622 gladio
1327 1551 1404 1604 verbi
1420 1551 1468 1605 Dei
1483 1567 1499 1604 a
1516 1552 1573 1606 Deo
1588 1558 1616 1606 el
1631 1553 1738 1605 sanctis
1762 1552 1827 1620 ejus
1840 1552 1913 1605 illum

1066 1661 1079 1688 »
1101 1640 1267 1706 submoveo,
1295 1645 1326 1693 ul
1341 1639 1523 1694 incumbente
1539 1657 1626 1710 super
1646 1641 1732 1694 illum
1754 1640 1837 1693 omni
1857 1655 1914 1694 ma-

1066 1747 1078 1778 n
1101 1728 1252 1782 ledictione
1268 1736 1362 1782 careat
1376 1728 1587 1795 benedictione,
1602 1729 1701 1800 sicque
1713 1727 1913 1783 exterminatus

1067 1838 1077 1859 ·
1099 1816 1202 1870 acoelo
1219 1821 1247 1870 et
1269 1822 1354 1882 terra,
1379 1821 1491 1886 partem
1507 1815 1611 1870 habeat
1634 1833 1699 1870 cum
1717 1817 1794 1870 larda
1814 1821 1840 1870 et
1854 1832 1911 1870 curn

1065 1925 1078 1954 n
1099 1904 1143 1957 his
1168 1904 1264 1975 quiin
1288 1903 1456 1958 hereditate
1471 1905 1617 1976 possident
1641 1906 1842 1959 sanctuarium
1859 1904 1910 1958 uei.

1065 2012 1078 2044 o
1099 1994 1220 2062 lnsuper
1243 1993 1382 2055 haeredes,
1402 1993 1452 2047 llei
1475 1998 1504 2047 et
1525 1998 1621 2048 nostra
1645 1993 1775 2059 licentia,
1801 1993 1831 2046 iu
1854 2009 1911 2046 snos

1065 2100 1078 2131 a
1100 2096 1168 2133 usus
1182 2096 1233 2133 sua
1257 2079 1392 2134 studeant
1413 2087 1552 2151 repetere,
1577 2082 1646 2135 dnm
1663 2081 1767 2134 videut
1792 2081 1908 2135 alienon

1064 2189 1078 2219 a
1100 2168 1260 2222 invasorem
1274 2168 1303 2222 iu
1317 2168 1376 2221 suis
1391 2169 1572 2238 patrimoniis
1587 2169 1750 2223 debachare
1764 2169 1814 2223 ¹⁸³.
1834 2189 1847 2218 s

1099 2259 1141 2311 aa.
1159 2259 1224 2313 llaec
1249 2257 1325 2311 beati
1346 2257 1401 2310 viri
1416 2256 1490 2310 dicta
1513 2256 1706 2311 consideranti
1731 2257 1818 2312 facilc
1838 2263 1906 2328 patc-

1063 2344 1114 2414 hit,
1131 2352 1240 2417 quanta
1261 2346 1304 2399 rel
1329 2345 1436 2416 ipsein
1458 2347 1546 2400 heum
1572 2346 1727 2400 devotione
1752 2346 1905 2416 profecerit,

1063 2432 1106 2484 rel
1122 2438 1227 2502 quanta
1253 2432 1370 2502 superui
1394 2441 1540 2503 respectus
1560 2434 1690 2504 dignatio
1709 2450 1780 2488 eum
1805 2449 1904 2488 assam-

1064 2526 1159 2590 pscrrt.
1177 2520 1232 2584 Oiai
1253 2521 1330 2574 enim
1345 2521 1395 2574 tali
1411 2521 1544 2575 insistens
1563 2521 1653 2591 operi,
1671 2522 1784 2576 coelesti
1799 2523 1904 2576 verbera

1063 2609 1228 2664 merebatur
1253 2609 1385 2680 eliquari,
1416 2611 1574 2665 manifestis
1596 2610 1712 2665 indiciis
1735 2611 1904 2683 probatura

1065 2697 1185 2751 Domino
1202 2697 1294 2768 diligi.

1098 2789 1141 2841 53.
1157 2787 1205 2841 llis
1220 2786 1317 2857 itaque
1339 2787 1394 2857 piae
1409 2786 1566 2842 devotionis
1589 2787 1693 2841 studiis,
1707 2787 1767 2842 Dee
1784 2788 1868 2860 digne
1882 2795 1904 2842 el
1946 2851 1947 2860 ἵ

1063 2874 1229 2929 homiuibus
1245 2875 1430 2929 laudabiliter
1450 2877 1528 2930 umeri
1548 2877 1610 2930 vitae
1625 2892 1683 2930 suae
1700 2882 1833 2948 tempure
1847 2893 1903 2931 eon·
1946 2868 1947 2875 ¹

158 2983 171 3015 s
191 2967 314 3017 terrenae
338 2959 496 3033 vagationis
520 2965 594 3012 esset
617 2961 715 3014 dilatio
740 2958 846 3030 incepti
863 2961 1006 3030 operis-
1023 2968 1042 3022 c
1062 2969 1200 3031 rersatus,
1217 2979 1292 3017 anun
1317 2965 1508 3018 ordinationis
1522 2966 1635 3031 suaedl,
1660 2981 1729 3018 cum
1748 2966 1809 3037 jam
1825 2971 1903 3020 trans·

160 3072 172 3103 ι
194 3052 287 3121 gloria
310 3051 372 3113 tibi,
396 3046 522 3104 Christel
539 3078 573 3089 -
594 3056 683 3102 lactus
706 3049 793 3102 febris
815 3050 1005 3117 incommodo,

159 3161 170 3188 ι
192 3146 333 3208 aegrotare
358 3138 430 3206 coepi
446 3135 655 3207 quinquennio.
680 3137 713 3190 Et
737 3137 805 3191 dum
826 3136 912 3190 nichil
929 3140 961 3191 tit
977 3139 1006 3192 in

157 3228 277 3281 »terris
301 3228 362 3281 sine
386 3242 481 3288 carisa,
506 3225 646 3293 castigans
668 3225 816 3297 castigavit
840 3242 884 3279 me
910 3227 1006 3280 Domi·

158 3336 172 3366 a
192 3331 257 3379 nus,
273 3322 301 3369 et
319 3314 405 3369 morti
421 3330 477 3366 nou
495 3314 611 3366 tradidit
625 3329 681 3379 me,
704 3319 736 3367 nt
750 3314 836 3366 credo
852 3320 879 3366 et
894 3315 1005 3368 coirfldo

159 3404 222 3458 »in
251 3404 384 3468 Domino,
412 3419 448 3456 ue
477 3401 606 3456 absentia
634 3417 705 3455 meae
735 3402 895 3472 presentiae
925 3402 1005 3456 lieret

157 3514 171 3544 n
192 3494 322 3564 quaedam
339 3491 514 3545 intermissio
535 3490 595 3560 spei
612 3505 692 3544 meae.
711 3490 761 3545 Cui
778 3490 849 3553 loco,
867 3491 924 3545 llco
939 3507 1003 3544 san-

157 3603 169 3632 »
190 3589 300 3653 ctaeque
315 3582 392 3636 cruci
408 3585 611 3650 perpetuasque
624 3578 733 3649 Virgini
745 3578 839 3633 Mariae
849 3584 1004 3650 sanctoque

155 3692 169 3723 a
193 3670 343 3727 hliclrabeli
369 3668 540 3737 archangelo
567 3667 690 3730 titulato,
721 3668 869 3729 monastici
896 3668 1004 3721 ordinis

154 3781 169 3811 n
190 3758 281 3814 indidi
306 3774 457 3831 personas,
485 3774 556 3828 quas
580 3772 613 3809 ea
641 3755 753 3810 ratione
778 3755 948 3822 coadunavi,
973 3762 1005 3811 ul

155 3869 169 3898 »
190 3849 263 3902 sicul
285 3847 367 3917 juata
396 3845 591 3899 monachicam
622 3860 752 3898 normam
782 3850 849 3899 sunl
872 3860 888 3898 a
908 3846 1002 3899 saeculi

156 3937 299 3991 ‚actibus
323 3934 420 4000 alieni,
447 3934 486 3987 ita
513 3939 608 3987 assent
630 3933 665 3986 ab
688 3933 766 3987 omui
794 3932 1002 4004 impedimento

154 4024 332 4078 »saecularis
355 4022 462 4076 servilii
488 4022 580 4077 liberi.
608 4021 734 4076 Consilio
756 4021 854 4091 itaque
884 4021 1002 4075 senioris

156 4136 166 4162 s
189 4112 246 4167 mel
265 4112 447 4182 imperatoris
472 4110 605 4177 llcinrici,
630 4114 658 4163 et
678 4108 809 4179 magistri
833 4109 889 4164 mei
911 4110 1002 4164 archi-

153 4201 315 4271 aepiscopi
333 4198 514 4265 Erheubaldi,
536 4214 622 4270 quem
646 4197 707 4267 ipse
722 4213 775 4266 ego
799 4213 862 4251 cum
886 4199 998 4253 confra-

153 4310 166 4342 n
187 4297 264 4344 trum
281 4303 409 4342 rncomm
427 4294 566 4342 conventu
586 4287 616 4340 in
632 4285 880 4357 archiepiscopum
897 4302 997 4341 couce-

153 4377 274 4444 ncravi,
299 4377 433 4448 quicquid
458 4383 638 4431 terrenarum
662 4372 828 4427 facultatum
851 4374 881 4427 iu
901 4373 997 4440 curtis,

154 4467 345 4533 ‚curtilibus
376 4466 469 4532 terris,
502 4462 624 4534 pascuis,
656 4462 749 4531 aquis,
777 4462 864 4527 silvis,
898 4461 987 4532 pratis

152 4577 163 4604 ι
186 4554 329 4619 aecclesiis,
346 4569 509 4607 sanctorum
525 4549 702 4623 pigneribus,
727 4550 816 4615 libris,
832 4555 951 4620 argente
971 4556 999 4605 et

151 4660 265 4712 carrio,
289 4649 318 4697 et
340 4642 475 4713 quicquid
503 4641 530 4694 id
558 4644 600 4693 est
623 4639 700 4708 quod
727 4638 908 4693 haereditario
932 4640 998 4708 jure

150 4753 164 4783 o
185 4733 298 4805 prissedi
318 4737 367 4786 aut
382 4728 511 4783 seculari
534 4726 715 4796 coemptione
734 4727 882 4797 acquirere
904 4726 996 4797 potai,

151 4843 162 4870 ι
183 4821 305 4892 exceptis
320 4817 463 4889 plurimis,
479 4833 542 4886 quea
557 4815 640 4870 altari
656 4825 760 4870 sanctoe
774 4815 867 4871 ldariae
878 4815 908 4869 in
920 4816 996 4886 prin·

147 4930 162 4964 a
181 4910 266 4983 cipali
280 4905 407 4962 aecclesia
423 4906 451 4959 in
466 4903 579 4959 coronis
594 4904 699 4972 aureis,
723 4903 868 4972 calicibus,
891 4905 993 4959 naude-

1061 3051 1117 3104 itus
1139 3050 1184 3104 sui
1209 3051 1296 3117 diem,
1326 3069 1411 3122 quem
1440 3069 1553 3123 semper
1574 3059 1733 3121 optaverat,
1761 3055 1903 3109 imminere

1062 3139 1240 3209 praevideret,
1265 3140 1401 3211 capellam
1428 3145 1503 3195 inter
1526 3142 1662 3195 sacellum
1684 3149 1793 3196 serretur
1816 3142 1903 3197 Crucis

1061 3233 1089 3282 ct
1112 3228 1316 3282 monasterinm
1340 3246 1424 3283 sunm
1450 3235 1639 3283 constructam
1656 3229 1814 3286 inhonore
1836 3230 1903 3284 beati

1060 3316 1164 3370 Christi
1188 3316 1357 3370 confessoris
1383 3317 1494 3371 hlartiui
1513 3334 1529 3370 a
1549 3315 1704 3370 venerabili
1732 3316 1797 3371 riro
1821 3317 1902 3389 Egge·

1060 3404 1147 3458 bardo
1173 3404 1354 3459 sleswicense
1374 3405 1509 3476 episcopo
1537 3403 1659 3459 dedicari
1682 3404 1763 3474 fecit,
1787 3406 1902 3460 ibidem·

1059 3509 1115 3563 que
1130 3509 1182 3563 pro
1198 3498 1354 3563 augmento
1369 3494 1516 3564 religionis
1535 3493 1595 3565 ipso
1618 3493 1665 3547 die
1683 3494 1819 3548 habitum
1835 3495 1902 3567 prio·

1059 3597 1119 3635 rem
1145 3586 1271 3650 mittans,
1296 3582 1470 3636 monachicae
1491 3580 1677 3652 professionis
1690 3582 1799 3652 iugum
1821 3598 1902 3637 susce

1058 3670 1110 3742 pit.

1093 3759 1136 3812 54.
1152 3760 1254 3813 Tactus
1269 3758 1373 3813 deinde
1398 3758 1566 3812 infirmitate
1582 3757 1695 3825 ultima,
1721 3775 1789 3814 curn
1813 3761 1901 3816 adessa

1057 3847 1111 3901 sibi
1126 3848 1218 3902 exitus
1233 3847 1277 3902 sui
1297 3849 1397 3901 horam
1417 3848 1561 3912 sensisset,
1577 3845 1606 3900 in
1622 3847 1757 3901 eamdem
1771 3850 1900 3920 capellan

1057 3953 1085 3990 sa
1101 3936 1174 3991 ferre
1189 3936 1336 4007 praecepit,
1349 3937 1458 4006 justum
1483 3951 1543 3990 esse
1565 3951 1692 3988 asserens
1712 3935 1825 3992 ibidem
1846 3940 1899 3991 rite

1056 4027 1211 4080 terminum
1227 4026 1333 4091 sortiri,
1350 4024 1397 4078 ubi
1414 4023 1558 4077 saecularis
1574 4024 1842 4080 abrenunciationis
1856 4027 1899 4080 ha·

1056 4113 1116 4167 bitu
1132 4131 1161 4168 se
1176 4114 1342 4183 contigisset
1358 4111 1499 4183 insigniri.
1520 4112 1563 4165 Sic
1578 4111 1614 4147 ²³⁶
1630 4112 1730 4183 itaque
1745 4115 1790 4167 vir
1805 4115 1898 4169 beatis·

1056 4200 1146 4256 simus
1166 4202 1278 4256 diutina
1301 4202 1457 4272 corporalis
1473 4199 1610 4254 molestiae
1625 4198 1797 4256 infirmitate
1813 4204 1898 4267 tritus,

1055 4289 1164 4344 bonnm
1177 4295 1320 4344 certamen
1332 4294 1453 4355 certans,
1465 4304 1579 4341 cursum
1590 4304 1809 4356 consummans,
1821 4291 1898 4346 lidan

1054 4394 1178 4445 servans,
1203 4377 1277 4430 viam
1294 4375 1330 4411 ²³⁸
1352 4378 1492 4431 universae
1510 4376 1603 4430 carnis
1618 4376 1779 4446 ingressus,
1796 4384 1828 4432 ut
1846 4393 1899 4433 cra·

1053 4465 1148 4521 dimus
1178 4466 1281 4520 divinis
1306 4465 1433 4518 admixtu
1465 4464 1621 4535 spiritibus,
1651 4464 1724 4519 duce
1750 4467 1898 4522 llichabele

1053 4556 1237 4625 archangelo,
1266 4554 1356 4608 bealae
1386 4551 1595 4608 immortalitati
1626 4559 1668 4606 est
1702 4564 1897 4624 presentatus.

1053 4641 1107 4705 Qui
1132 4639 1170 4675 ²³⁶
1200 4639 1386 4710 quoadusque
1415 4639 1493 4706 vixit,
1520 4638 1640 4692 Dorrriuo
1670 4655 1699 4693 se
1732 4643 1898 4697 sacrificium

1048 4726 1169 4795 justiciae
1184 4727 1365 4793 sacrificavit3
1388 4727 1484 4797 sicque
1507 4727 1640 4797 plurimis
1664 4728 1839 4785 mirificatus
1860 4731 1898 4785 in-

1051 4815 1151 4885 signiis
1183 4813 1231 4880 ²²⁷,
1257 4816 1362 4869 caelesti
1392 4831 1460 4887 paca
1487 4815 1620 4886 quiescit.
1650 4817 1730 4872 Obiit
1748 4824 1849 4875 aulem
1871 4820 1898 4873 lt

1051 4903 1191 4959 Kalendas
1215 4903 1378 4959 Decembris
1406 4906 1480 4972 (Nou.
1505 4906 1561 4970 aa).
1588 4903 1667 4959 Sedit
1694 4911 1798 4961 autem
1816 4904 1854 4942 ²⁸⁸
1872 4906 1898 4960 in

855 5064 971 5119 VARIAE
990 5063 1186 5120 haeraeses.

180 5169 371 5242 requiesset
397 5185 464 5239 pars
479 5173 507 5223 et
529 5167 681 5223 haereditas
709 5183 772 5222 mea
800 5167 907 5221 addunt
926 5170 952 5230 3,
973 5168 1000 5229 4,
1017 5169 1042 5220 5.
1081 5167 1120 5201 ²³¹
1146 5169 1187 5220 hic
1210 5169 1308 5220 llerom
1325 5168 1438 5235 inn'pr't3
1454 5170 1470 5219 ἓ
1488 5182 1494 5218 :
1511 5167 1622 5220 luterea
1640 5165 1769 5222 domnus
1794 5171 1896 5242 episco

144 5260 197 5315 pus
215 5243 243 5296 lt.
261 5240 374 5295 diutina
387 5240 554 5296 infirmitate
569 5241 661 5294 tritus.
679 5239 716 5275 ²⁸⁸
732 5238 789 5292 vias
804 5241 830 5291 2.
849 5237 886 5273 '³⁶
902 5237 975 5293 deest
989 5241 1016 5292 f.
1035 5234 1072 5271 '³⁷
1087 5237 1208 5307 insignis
1222 5240 1247 5291 t.
1264 5234 1302 5270 ²³¹¹
1316 5237 1366 5309 qni
1383 5237 1500 5291 sedebat
1514 5239 1541 5291 2.

965 5391 1077 5449 ΝΟΜ.

181 5496 238 5564 (58)
257 5494 279 5548 1.
294 5508 308 5546 e
324 5491 562 5548 hildesheimensi
580 5507 627 5547 zv.
644 5491 767 5546 Annales
781 5490 906 5547 llildesh.
924 5489 1031 5555 esau,
1050 5505 1114 5560 pag.
1133 5493 1175 5543 tt.
