3878 6112
90 265 146 317 705

580 259 820 318 DECRETORUM
839 261 935 317 LIBRI
953 261 1008 319 XX.
1028 289 1063 301 -
1084 259 1189 318 stetu
1208 261 1366 319 rannus.
1795 272 1847 326 706

92 388 206 442 utlione
221 387 318 440 anima
333 382 542 452 ejusdamnala
555 383 601 448 sit,
617 382 699 452 cujiss
718 387 747 436 et
770 397 836 436 cero
852 386 895 435 est
909 381 982 436 aba
1002 379 1067 434 Cae.
1090 380 1191 436 etxtt.
1220 381 1338 447 Quorum
1369 396 1443 436 meos
1479 398 1536 436 unc
1569 385 1672 452 fuerat,
1706 388 1849 456 sepulture

90 476 214 530 ecclesia
230 476 344 543 rejecta.
365 469 439 534 Quid
459 470 547 540 igitur
562 486 642 524 saera
663 471 724 524 loca
744 469 864 540 sepultis
879 485 945 540 pro·

90 566 172 623 sunt,
195 560 311 631 quando
332 558 379 612 bic
394 560 444 628 qui
462 558 574 629 indigui
599 564 665 612 sunt
679 558 715 612 ab
729 558 836 613 eisdem
858 557 945 612 sacris

91 649 164 704 locis
177 647 316 704 divinitus
331 645 534 718 projiciuntur.

91 738 160 794 Cae.
178 736 284 793 cuvu.
312 766 347 776 -
375 737 409 790 Ut
429 751 543 804 corporo
568 735 758 800 defunctorum
783 735 814 787 tn
833 735 945 789 ccclesia

394 822 447 860 non
466 808 642 874 sepeliuntur.

130 896 298 968 (Excrucil.
322 897 452 962 bracca,
477 911 538 964 cop.
560 893 599 964 4.)
619 894 690 948 Item
711 892 817 964 placuit
836 897 868 946 ut
882 909 943 946 cor·

90 1001 165 1056 pora
181 984 381 1039 defunctorum
395 983 475 1037 nullo
498 982 583 1037 modo
605 982 678 1036 intra
698 980 844 1036 basilicam
860 997 944 1051 sepe·

91 1073 212 1137 liantur,
240 1072 289 1126 sed
318 1071 341 1125 si
366 1086 480 1125 necesse
506 1076 549 1125 est
572 1070 607 1124 de
630 1069 701 1124 loris
725 1069 800 1123 circa
829 1084 945 1123 murum

90 1160 230 1215 basiliere.
273 1161 343 1214 llam
372 1160 395 1213 si
430 1159 627 1212 firmissimum
666 1158 720 1212 hoc
760 1157 944 1228 privilegium

91 1266 187 1321 usque
201 1266 278 1304 nunc
294 1249 415 1302 retinent
440 1248 538 1303 Galliae
558 1247 698 1316 civitates,
717 1252 749 1300 ut
764 1247 843 1302 nullo
859 1246 944 1301 modo

91 1339 170 1392 intra
194 1338 334 1392 ambitum
359 1353 507 1390 murorum
528 1335 687 1398 civitatum,
719 1335 873 1406 cujuslibet
895 1334 944 1389 de·

90 1427 302 1497 iuncticorpns
326 1426 362 1479 sit
385 1425 547 1489 humatum,
575 1429 684 1494 quanto
711 1423 803 1494 magis
825 1439 944 1478 venera·

91 1512 195 1569 bilium
211 1520 368 1584 martyrum
381 1513 466 1567 debet
480 1512 640 1566 reverentia
655 1511 803 1566 obtineri?

326 1602 390 1654 Can.
411 1601 514 1655 CLVII.
530 1603 566 1654 De
580 1600 672 1654 eodem
684 1615 723 1654 re.

130 1691 193 1759 (Ea
207 1691 303 1745 concil.
320 1689 463 1757 tieldeosi,
485 1705 545 1758 cop.
565 1689 620 1758 to.)
637 1689 671 1743 Ut
686 1703 770 1742 nemo
787 1686 945 1758 quemlibet

91 1784 242 1834 mortuum
267 1778 296 1831 in
321 1777 438 1831 ecclesia
467 1778 548 1846 quasi
583 1774 764 1830 haereditario
786 1775 862 1846 jure,
888 1774 944 1828 nisi

88 1883 183 1939 quem
200 1867 350 1937 episcopus
365 1872 415 1920 aut
434 1866 582 1936 presbyter
601 1881 653 1934 pro
668 1864 807 1935 qualitate
824 1879 944 1917 conver-

88 1954 214 2010 sationis
229 1961 257 2008 et
280 1954 343 2008 ritae
360 1954 478 2025 dignum
495 1953 618 2018 duxerit,
635 1946 756 2023 sepelire
775 1954 943 2022 praesumat,

92 2060 152 2099 nec
167 2043 320 2115 quisquam
346 2060 408 2097 ossa
443 2041 595 2112 cujuslibet
620 2041 726 2096 mortni
754 2041 789 2095 de
813 2040 944 2110 sepulcro

88 2149 145 2186 suo
171 2132 285 2202 ejicere,
310 2135 359 2184 aut
389 2130 566 2201 sepulturam
589 2129 760 2201 cujusquam
790 2127 945 2183 temerario

86 2235 166 2273 ausu
188 2233 305 2290 quoquo
327 2217 413 2271 modo
436 2217 553 2279 violare,
584 2217 631 2271 sed
656 2232 892 2288 unumquemque
915 2216 945 2269 iu

87 2306 190 2361 loculo
214 2305 296 2358 sibia
318 2307 374 2358 Deo
394 2311 492 2376 parato
517 2310 603 2376 atque
624 2321 769 2371 concesso,
791 2305 945 2360 adventum

88 2396 137 2449 sui
151 2394 256 2465 judicis
272 2394 433 2464 praestolari
449 2394 597 2447 concedat.

88 2486 159 2540 Car.
196 2483 278 2537 calx,
309 2511 345 2523 —
371 2485 404 2536 [ἵε
417 2498 493 2536 nemo
516 2497 565 2550 pro
593 2481 754 2551 sepeliendis
779 2486 946 2536 mortuorum

255 2553 412 2621 corporibus
425 2553 535 2622 aliquid
550 2557 668 2607 muneris
683 2557 784 2618 exipot.

129 2641 185 2708 (Er
217 2642 309 2695 concil.
347 2643 497 2695 Narnneten.
535 2656 595 2710 cop.
634 2644 689 2703 ll.)
717 2640 946 2710 Pracipiendum

91 2730 252 2783 secundum
268 2745 409 2782 canonum
432 2729 643 2795 alletoritatem,
661 2737 692 2782 ut
710 2729 745 2783 de
764 2730 902 2799 sepulcris
918 2734 947 2783 et

91 2818 262 2874 bominibus
287 2817 457 2887 sepeliendis
485 2817 557 2872 nihil
586 2818 714 2872 muneris
741 2818 866 2887 erigant,
892 2816 947 2871 nisi

1327 467 1381 507 non
1404 459 1521 522 separet.

1036 540 1119 607 (Item
1139 540 1271 611 depost.)
1288 540 1374 596 Soror
1402 542 1492 596 sancti
1518 542 1659 598 Benedicti
1674 544 1787 616 sepulta
1807 551 1849 602 est

1000 628 1030 682 in
1054 630 1185 699 sepulcro
1213 630 1290 700 quod
1315 630 1376 700 ipse
1406 630 1459 685 sibi
1484 639 1694 701 preparaverat
1718 639 1748 688 ut
1777 651 1847 705 quo·

999 733 1063 772 rum
1080 732 1161 771 mens
1175 733 1233 771 una
1246 733 1360 788 semper
1381 718 1437 773 tuit
1457 720 1486 773 iu
1512 718 1643 786 Domino,
1660 737 1760 776 eorum
1776 739 1848 793 qno-

1000 821 1056 877 qne
1080 821 1203 877 corpora
1224 807 1372 875 sepultura
1390 822 1447 860 non
1463 814 1617 878 separaret.
1641 809 1683 863 lta
1697 809 1727 863 in
1754 811 1848 881 primo

999 893 1143 948 connubio
1157 893 1312 965 conjuncti,
1336 893 1404 965 quia
1426 910 1485 948 une
1498 901 1526 949 et
1546 897 1647 951 eadem
1662 913 1728 952 caro
1750 903 1803 965 est,
1819 899 1851 954 iu

999 1000 1058 1038 uno
1074 984 1204 1054 sepulcro
1214 983 1402 1053 sepeliantur.

1065 1089 1130 1144 Car.
1143 1091 1253 1145 ChlllV.
1265 1119 1300 1130 —
1315 1090 1357 1144 De
1369 1090 1448 1145 rebus
1463 1091 1646 1146 immobilibus
1659 1093 1793 1148 Ecclesia.

1031 1177 1085 1247 (Ea
1116 1180 1211 1233 emoti.
1240 1177 1316 1248 opud
1340 1179 1520 1246 sylvanectim
1552 1184 1684 1248 praesente
1713 1181 1848 1238 ludovico

999 1280 1071 1332 repe,
1082 1280 1142 1333 cop.
1154 1266 1193 1332 5.)
1207 1265 1283 1318 Nulli
1293 1264 1378 1318 liceat
1390 1264 1515 1319 alienare
1525 1281 1586 1319 rem
1602 1266 1781 1322 immobilem
1798 1270 1848 1324 Ec-

999 1351 1103 1416 clesiae,
1120 1352 1178 1406 sive
1193 1351 1324 1421 domum,
1350 1352 1409 1406 sive
1431 1368 1543 1423 agrum,
1569 1354 1627 1409 sire
1644 1356 1772 1421 hortum,
1789 1357 1848 1413 sive

999 1439 1136 1493 rusticum
1165 1438 1352 1510 mancipium,
1383 1455 1475 1510 neque
1503 1440 1691 1496 creditoribus
1717 1443 1848 1514 specialis

998 1527 1166 1599 hypotheca
1197 1528 1280 1581 titulo
1302 1527 1440 1597 obligare.
1464 1528 1651 1582 alienationis
1674 1534 1768 1583 autem
1788 1547 1849 1584 rer·

998 1616 1068 1672 bum
1091 1615 1237 1670 contineat
1256 1615 1463 1683 conditionem,
1485 1616 1681 1681 donationem,
1701 1624 1848 1688 permute-

998 1704 1106 1758 tioncm
1118 1707 1146 1758 et
1165 1702 1382 1773 emphyteoseos
1397 1708 1569 1774 perpetuum
1585 1709 1772 1760 contractum.
1793 1705 1849 1760 Sed

998 1808 1097 1846 omnes
1122 1791 1242 1845 omnino
1277 1790 1439 1846 sacerdotes
1473 1791 1508 1845 ab
1543 1792 1709 1861 hujusmodi
1742 1792 1849 1847 aliene·

998 1881 1076 1934 tione
1102 1880 1275 1945 abstineant,
1308 1894 1408 1949 poenes
1431 1878 1577 1949 timentes,
1611 1896 1682 1951 quas
1707 1881 1851 1936 leoniana

998 1968 1164 2023 constitutio
1179 1967 1314 2022 minatur.

1195 2056 1259 2111 Car.
1280 2056 1378 2111 CLllV.
1399 2086 1433 2097 -
1453 2059 1489 2111 De
1508 2056 1601 2110 eodem
1619 2073 1657 2112 re.

1035 2145 1091 2213 (Ec
1115 2143 1215 2210 eodem,
1232 2158 1292 2212 cup.
1323 2142 1361 2214 6.)
1387 2173 1421 2185 -
1445 2144 1473 2197 Si
1497 2144 1630 2215 princeps
1650 2146 1772 2202 voluerit
1789 2161 1850 2200 rem

999 2232 1177 2286 immobilem
1194 2231 1299 2286 sanclis
1313 2231 1384 2286 locis
1407 2236 1543 2303 praestare
1559 2237 1587 2286 et
1613 2232 1742 2303 accipere
1764 2233 1849 2288 abeo

1000 2321 1085 2375 eliam
1108 2320 1287 2374 immobilem
1302 2336 1373 2387 rem,
1400 2324 1428 2375 et
1447 2336 1481 2375 eo
1504 2321 1590 2376 modo
1606 2321 1849 2391 permutationem

999 2410 1180 2475 contrahere,
1203 2410 1286 2463 liceat
1310 2409 1364 2463 hoc
1389 2409 1480 2463 lacere
1498 2409 1524 2463 ei
1547 2408 1648 2463 devina
1672 2410 1850 2481 pragmatica

999 2499 1146 2553 sanctione
1156 2498 1192 2552 ab
1207 2513 1241 2552 co
1253 2498 1446 2569 promulgata.

1000 2604 1064 2659 Car.
1081 2603 1193 2659 CLXVI.
1216 2632 1251 2642 -
1274 2604 1311 2655 ue
1335 2604 1489 2670 praestariis
1512 2601 1689 2655 viduatorum
1713 2603 1849 2658 Ecclesia·
1893 2597 1898 2605 ’

1278 2687 1339 2726 rum
1354 2677 1384 2726 ut
1398 2688 1451 2726 noo
1465 2673 1582 2726 ualeant.

1036 2764 1090 2831 (Ec
1103 2776 1173 2815 coac.
1191 2759 1267 2828 opud
1291 2760 1444 2826 Heluorum,
1459 2761 1504 2813 cui
1522 2759 1673 2814 Ludouicus
1701 2763 1851 2829 imperator

1001 2853 1142 2915 intererat,
1155 2865 1216 2918 cop.
1234 2849 1288 2916 to.)
1318 2849 1352 2904 Ut
1381 2847 1518 2919 precarios
1543 2853 1571 2902 et
1598 2850 1849 2916 concremationes,

92 2907 170 2961 forte
185 2905 235 2977 qni
251 2906 398 2976 sepelitur,
419 2907 517 2959 vivens
531 2905 649 2977 jusserit
661 2905 799 2971 ecclesiae,
816 2906 846 2958 in
865 2905 947 2975 cujus
963 2926 984 2982 C
1002 2944 1080 3009 temp
1083 2954 1132 2992 ore
1162 2938 1344 2992 viduatarum
1371 2937 1558 2992 &desimam
1583 2937 1852 3009 factae'abhisqui

91 2995 171 3049 atrio
186 2995 334 3065 sepelitur,

94 3083 185 3138 etiam
216 3086 279 3153 post
310 3086 433 3136 mortem
466 3081 544 3136 illius
572 3082 674 3152 quibus
694 3081 877 3136 commissum
903 3086 948 3136 est

94 3173 159 3243 eius
188 3173 397 3243 eleemosynam
424 3170 528 3236 iacere,
556 3171 591 3225 de
623 3171 709 3224 rebus
737 3171 814 3224 illius
838 3170 946 3241 aliquid

95 3261 166 3315 dare
193 3265 295 3331 sponte
319 3259 480 3313 voluerint:
503 3265 599 3313 tamen
623 3259 946 3330 nullatenusapresby·

95 3349 166 3403 teris
181 3348 237 3403 illis
250 3348 368 3419 >aliquid
389 3347 531 3418 exigatur,
554 3347 612 3401 sive
631 3347 667 3401 ab
690 3347 814 3417 illisqui
834 3347 903 3401 locis
918 3353 947 3401 et

94 3436 167 3490 vicis
181 3440 319 3506 praesunt.
336 3436 550 3490 Prohibendam
574 3436 660 3490 etiam
682 3435 838 3489 secundum
856 3436 945 3504 majo-

95 3540 164 3579 rum
178 3524 319 3590 instituta,
339 3530 370 3578 ut
394 3523 424 3577 iu
438 3524 556 3578 ecclesia
574 3525 735 3578 nullatenus
760 3522 945 3593 sepeliantur,

96 3612 147 3667 sed
163 3612 194 3667 iu
208 3612 291 3680 atrio,
312 3617 361 3665 aut
378 3611 409 3665 in
422 3612 546 3682 porticu,
568 3612 663 3666 autin
679 3611 791 3665 exedris
810 3610 945 3665 ecclesiae.

96 3700 176 3755 lutra
200 3699 347 3754 ecclesiam
378 3716 456 3766 vero,
484 3704 534 3753 aut
560 3715 651 3770 prope
666 3701 754 3753 altare
778 3698 827 3753 ubi
845 3714 948 3768 corpus

98 3788 216 3843 Domini
238 3795 266 3842 et
291 3788 408 3859 sanguis
440 3789 600 3854 coniicitur,
632 3789 796 3842 nullalenus
823 3786 949 3841 habeant

99 3877 244 3931 licentiam
256 3876 421 3947 sepeliendi.

100 3966 163 4021 Cae.
181 3965 255 4022 CLX.
287 3969 324 4020 De
359 3967 501 4034 sepultura
536 3965 743 4035 conjupctorum
783 3967 812 4018 in
848 3965 947 4034 primis

136 4107 266 4178 (Hieron.
292 4106 381 4176 dicit.)
407 4036 631 4161 quqqaaqqzeqim
644 4121 705 4161 esse
728 4105 827 4160 civitas
857 4106 947 4159 trium

361 2996 395 3048 de
425 2995 484 3048 suis
508 2996 593 3049 rebus
612 2993 719 3065 aliquid
736 2994 871 3057 tribuere,
898 2998 948 3048 aut

1001 3029 1063 3082 loca
1092 3027 1293 3097 episcoporum
1330 3031 1546 3097 occupaverant,
1583 3027 1795 3094 rescindantur,
1823 3031 1851 3082 et

1001 3132 1066 3171 cum
1082 3115 1235 3170 autoritate
1260 3113 1463 3181 Ecclesiastico,
1487 3113 1532 3168 rel
1551 3114 1638 3180 cirili,
1663 3115 1687 3168 si
1714 3114 1851 3170 faciendae

1002 3210 1069 3259 sunt
1082 3204 1162 3259 fient.

1205 3292 1270 3347 Cae.
1282 3290 1407 3347 ctxvu.
1419 3320 1454 3330 -
1464 3293 1501 3345 Dc
1513 3290 1605 3344 codem
1615 3305 1653 3344 re.

1038 3381 1093 3448 (Ec
1107 3380 1207 3442 eodem,
1227 3395 1287 3450 cop.
1311 3379 1367 3449 ll.)
1389 3378 1526 3433 Precariae
1542 3378 1686 3433 anemius
1709 3379 1742 3434 de
1766 3379 1852 3435 rebus

1003 3469 1204 3524 Ecclesiasticis
1228 3467 1290 3522 lieri
1315 3472 1535 3539 praesumantur,
1570 3466 1626 3519 nisi
1648 3472 1787 3537 quantum
1816 3468 1852 3523 de

1002 3557 1140 3628 qualitate
1167 3555 1350 3610 convenienti
1387 3555 1472 3609 datur
1499 3571 1532 3608 ex
1561 3555 1690 3625 proprio,
1730 3556 1852 3626 duplum

1001 3645 1157 3716 accipiatur
1181 3660 1217 3698 ex
1245 3643 1331 3697 rebus
1360 3643 1503 3710 Ecclesiae,
1524 3642 1555 3696 in
1582 3658 1634 3695 sno
1664 3648 1776 3697 tentum
1802 3643 1853 3714 qni

1002 3733 1114 3788 dederit
1136 3731 1274 3796 nomine,
1309 3730 1333 3784 si
1360 3746 1405 3784 res
1431 3730 1564 3801 proprias
1590 3735 1618 3784 et
1645 3730 1854 3786 Ecclesiasticas

1004 3837 1056 3874 usu
1072 3818 1228 3874 fructuario
1249 3822 1346 3873 tenere
1362 3817 1493 3872 voluerit.
1508 3819 1535 3872 si
1550 3823 1646 3872 autem
1662 3834 1708 3872 res
1721 3819 1852 3890 proprias

1003 3910 1038 3964 ad
1053 3924 1180 3980 praeseus
1194 3906 1347 3969 dimiserit,
1364 3921 1397 3960 ex
1412 3905 1497 3960 rebus
1522 3906 1718 3961 ecclesiasticis
1732 3907 1851 3979 triplum

1003 3997 1160 4054 fructuario
1173 4012 1238 4062 usu,
1264 3995 1294 4049 in
1311 4011 1363 4049 suo
1377 3999 1489 4049 tantum
1518 3995 1583 4066 quis
1603 3996 1721 4069 nomine
1745 4003 1851 4064 sumat,

1004 4086 1073 4158 quia
1086 4085 1125 4140 sic
1139 4101 1187 4138 eas
1202 4099 1347 4155 quemque
1372 4088 1505 4151 uectore,
1529 4089 1558 4137 nt
1574 4083 1735 4139 alienarum
1754 4100 1852 4139 rerum

99 4196 240 4264 virorum,
256 4197 322 4267 quia
338 4195 369 4249 iu
390 4212 424 4249 ea
447 4195 550 4265 sepulti
574 4200 641 4248 sunt
654 4199 712 4248 tres
732 4193 902 4264 patriarchae
916 4193 945 4248 in
960 4210 984 4264 Β
1004 4176 1230 4246 dl⁸P⁰¹¹⁵⁸²⁰¹⁸⁰m
1243 4172 1384 4239 ⁰⁰¹1l⁰ssib
1400 4187 1460 4226 ¹¹⁰⁰
1475 4188 1509 4243 pr
1511 4187 1564 4243 ⁰llr
1565 4171 1659 4226 illum
1681 4188 1779 4228 mum
1794 4174 1852 4227 las·

99 4287 237 4357 spelunra
259 4285 367 4355 duplici
391 4301 456 4339 cum
474 4284 566 4338 tribus
593 4283 727 4338 acroribus
748 4282 817 4350 suis,
840 4283 869 4337 id
894 4288 946 4349 est,

99 4373 245 4428 Abraham
270 4380 298 4428 et
321 4373 400 4439 Sara,
430 4373 507 4427 lsaac
532 4375 561 4426 et
585 4371 721 4434 Rebecca,
746 4371 877 4439 lacob1et
888 4369 945 4437 Lia,

71 4506 78 4515 .
98 4468 204 4532 praeter
215 4462 311 4533 ipsum
333 4462 425 4517 Adam
450 4464 478 4514 et
501 4461 586 4514 Evam
602 4476 719 4514 uxorem
739 4474 830 4513 suam.
846 4458 948 4513 Tobiae

98 4549 167 4605 dicit
180 4551 216 4606 ad
238 4550 329 4605 tilium
349 4566 454 4604 suum:
478 4549 548 4602 Cum
568 4547 710 4618 acceperit
731 4549 806 4602 Deus
821 4546 947 4601 animam

99 4653 204 4706 meam,
219 4655 323 4710 corpus
342 4654 439 4692 meum
466 4638 597 4708 sepelies,
615 4640 643 4690 ct
666 4637 807 4691 honorem
829 4634 948 4690 habebis

99 4727 185 4781 matri
214 4732 272 4781 tuae
296 4726 430 4781 omnibus
449 4726 561 4794 diebus,
596 4729 624 4780 et
652 4725 801 4796 cumipse
825 4723 949 4794 comple-

99 4815 172 4870 serit
188 4820 312 4886 tempus,
336 4815 458 4885 sepelies
482 4831 546 4869 eam
571 4815 649 4885 juxte
665 4829 710 4867 me
730 4813 761 4868 iu
785 4829 842 4867 uno
857 4811 949 4883 sepul-

99 4920 157 4958 cro·
313 4974 376 5030 Car.
390 4974 476 5030 CLXI.
493 5003 527 5015 -
539 4974 579 5027 De
593 4973 685 5027 eadem
696 4987 734 5026 re.

134 5064 211 5129 (item
238 5062 339 5132 ejusd.)
361 5062 437 5127 Quos
473 5061 621 5133 conjunxit
645 5075 737 5115 arnum
770 5058 947 5130 conjugium,

100 5153 257 5222 conjungat
277 5168 364 5205 unum
388 5151 571 5222 sepulcrum:
595 5149 663 5220 qnia
686 5165 745 5203 una
763 5164 829 5203 caro
853 5152 904 5216 est,
921 5152 949 5203 et

100 5241 176 5313 quod
192 5242 264 5295 Deus
284 5241 441 5311 conjunxit,
457 5240 544 5294 bomo
562 5253 620 5291 nou
635 5242 757 5307 separet.

312 5327 376 5383 Car.
390 5328 489 5383 Ctlllt.
501 5329 583 5381 -lte
592 5325 685 5380 eodem
697 5341 735 5379 re.

136 5418 264 5488 (Amase
289 5419 378 5485 dicit.)
413 5418 596 5488 Unaquaeque
620 5414 725 5469 mulier
748 5417 885 5486 sequatur
906 5411 949 5467 vi·

99 5524 166 5564 rum
181 5525 277 5577 sunm,
292 5507 350 5564 sive
359 5509 388 5563 in
402 5508 470 5577 vita,
482 5507 541 5564 sire
556 5506 587 5562 in
598 5509 701 5561 morte.

1002 4265 1136 4336 gitorem.

1186 4352 1249 4405 Car.
1267 4349 1402 4406 canunt.
1425 4379 1458 4389 -
1474 4350 1515 4404 De
1529 4349 1622 4404 eadem
1635 4365 1676 4404 re.

1038 4440 1092 4512 (lic
1119 4440 1210 4495 eodem
1246 4440 1352 4506 concil,
1384 4454 1443 4510 cop.
1480 4439 1535 4510 m.)
1562 4440 1687 4494 Anulla
1712 4442 1854 4509 potestate

1003 4530 1067 4600 quis
1102 4533 1222 4599 cogatur
1253 4528 1346 4583 iacere
1380 4527 1540 4596 precariam
1568 4527 1604 4582 de
1631 4527 1718 4583 rebus
1744 4528 1803 4582 Deo
1826 4531 1855 4582 et

1003 4617 1106 4673 sanctis
1133 4617 1196 4687 ejus
1224 4616 1337 4684 dicatis,
1367 4631 1434 4670 cum
1462 4616 1535 4670 ratio
1564 4620 1594 4669 et
1621 4632 1690 4671 usus
1714 4614 1853 4681 obtineat,

1003 4706 1149 4761 neminem
1172 4704 1219 4759 cui
1245 4718 1306 4758 non
1321 4704 1392 4765 vult,
1415 4709 1513 4757 contre
1535 4703 1690 4759 utilitatem
1711 4710 1742 4758 et
1763 4704 1853 4760 retio-

1003 4811 1081 4862 nem,
1097 4791 1257 4865 praestitum
1272 4790 1307 4846 de
1326 4789 1443 4861 proprio
1457 4790 1552 4845 lacere
1564 4790 1746 4846 beneficium.

1202 4881 1266 4935 Car.
1283 4879 1393 4934 Chlllll.
1408 4906 1445 4920 -
1457 4880 1494 4933 lle
1508 4878 1601 4932 eodem
1613 4894 1651 4933 re.

1039 4971 1099 5041 (Ec
1113 4969 1212 5037 eodem,
1229 4983 1290 5038 cop.
1306 4967 1360 5034 ts.)
1376 4968 1410 5023 ut
1431 4966 1578 5038 precariae,
1601 4966 1636 5022 de
1653 4966 1855 5039 quinquennio

1003 5059 1033 5113 in
1045 5056 1276 5129 quinquennium
1288 5056 1447 5111 secundum
1455 5055 1603 5127 antiquam
1615 5054 1854 5112 consuetudinem

1004 5154 1032 5203 et
1046 5150 1244 5203 auctoritatem
1258 5152 1444 5202 renoventur.

1005 5255 1069 5310 Car.
1099 5255 1195 5310 ctxx.
1218 5282 1255 5294 -
1290 5255 1325 5307 lie
1358 5252 1511 5313 deuotione,
1550 5251 1592 5304 eet
1622 5227 1786 5320 conditione,
1813 5255 1858 5310 oet

1200 5326 1402 5379 commutatione
1410 5323 1596 5376 ecclesiastice
1607 5325 1657 5377 rei.

1040 5414 1094 5485 (Er
1120 5414 1214 5469 concil.
1242 5413 1334 5468 batim
1362 5409 1438 5481 opud
1473 5411 1624 5477 Valentior,
1655 5426 1716 5481 cap.
1736 5410 1792 5483 50.)
1813 5413 1855 5467 lr-

1003 5503 1060 5560 rite
1087 5501 1144 5558 erit
1171 5501 1373 5574 episcoporum
1406 5498 1536 5567 donatio,
1560 5499 1607 5555 rel
1640 5499 1779 5568 venditio,
1811 5500 1856 5555 rel
