3878 6112
904 266 1002 327 ACTA.

186 381 393 439 tutaminetum
412 381 565 454 spiritum<

185 471 363 543 Aconjugeli
377 471 491 526 viuculo

188 560 383 632 Corruptionis
398 559 536 615 nescium.

224 649 297 704 ltero
311 647 398 702 fidem
419 647 572 702 miresculo

187 737 326 807 Suprema
340 751 392 790 vox
407 735 479 806 aegri
492 733 561 790 iecit
576 751 583 789 :

190 825 296 882 Habete
308 824 388 879 vobis
402 824 558 896 Virginem,

188 914 279 979 Ouum
296 912 335 967 mi
346 912 464 967 dedistis
478 913 644 985 conjugem.

225 1000 345 1055 Virtutis
360 1000 496 1071 exempli,
509 1001 592 1069 Deus,

191 1091 288 1144 Teutas
304 1088 380 1142 trehi
393 1088 547 1159 fragrantis

189 1177 342 1248 iungique,
360 1181 472 1248 praesta,
492 1176 559 1231 liliis

192 1266 224 1320 ln
240 1265 416 1336 sempiterne
439 1264 541 1336 glorie.

118 1354 236 1424 Antiplr.
253 1353 303 1408 liic
321 1355 375 1422 est,
404 1352 454 1424 qui
472 1351 591 1409 nescivit
618 1353 737 1410 thorum
763 1354 794 1410 in
816 1354 929 1422 delicto,

77 1442 201 1497 hebebit
220 1441 342 1495 tractum
375 1440 401 1494 in
427 1440 607 1511 respectione
631 1441 793 1497 enimerum
823 1446 932 1498 sancte·

78 1546 158 1584 rum.
173 1531 241 1600 Sap.
259 1546 299 1584 ιιι.

119 1617 138 1682 i
159 1618 256 1672 tustus
276 1616 459 1688 germinabit,
476 1616 548 1672 sicul
562 1617 666 1674 lilium.

116 1705 141 1771 rt
162 1706 195 1759 Et
208 1704 320 1759 florebit
334 1704 365 1759 in
379 1710 519 1761 eternum
532 1711 599 1760 ente
615 1707 779 1764 [luminum.

118 1809 228 1862 οιιιιτιο,
245 1799 275 1849 et
289 1809 387 1863 snpra.

379 1882 640 1941 condemnante.

185 1947 201 1973 ⁹
231 1973 289 2025 lit.
307 1970 447 2042 Suprema
462 1987 617 2043 regnorum
639 1974 754 2040 Pareus,

196 2059 248 2113 Per
262 2074 348 2131 quem
365 2064 495 2130 potentes
513 2060 669 2131 imperent,

197 2147 247 2212 lle,
263 2146 341 2218 quod
356 2163 509 2219 precamur
523 2148 631 2203 subditi

196 2234 245 2288 Sui
259 2251 311 2306 per
325 2247 387 2303 ecta
400 2236 549 2308 Principis.

232 2324 267 2377 Ut
281 2339 352 2395 quas
366 2324 397 2378 iu
412 2325 463 2380 illo
477 2324 582 2380 coelicae

196 2411 312 2464 Virtutis
331 2413 512 2468 excellentias

197 2498 345 2564 Verentur,
362 2500 468 2554 addant
484 2508 612 2573 tangere.

198 2586 247 2640 Vel
262 2588 426 2643 aemulando
441 2590 579 2646 llrubries.

234 2674 304 2729 Cum
319 2676 435 2731 llamma
448 2693 499 2731 uos
510 2679 655 2750 cupidinis

196 2762 265 2816 Telo
280 2764 396 2834 sagittet
411 2765 511 2835 igne03

196 2937 310 2992 Videbis
324 2944 408 2993 metro
424 2940 564 3011 percitos,

234 3025 286 3080 Ubi
301 3027 396 3097 pudici
412 3028 553 3099 Principis

197 3111 303 3167 Sonare
319 3130 426 3170 nomeu
440 3117 541 3171 audies

198 3200 246 3254 Pie
260 3208 403 3270 vocatum,
416 3205 562 3260 mentibus

199 3289 300 3345 Exesse
309 3293 440 3346 llammes
453 3292 587 3363 imperes.

234 3376 278 3431 Sit
289 3363 460 3435 saeculorum
475 3381 567 3452 glorie

197 3463 260 3518 Tibi
271 3466 353 3521 Pater
368 3484 432 3524 cum
448 3469 528 3532 Filio,

198 3552 232 3605 El
246 3553 365 3624 Spiritu,
382 3556 432 3626 qui
445 3556 590 3628 virgiuum

199 3640 245 3695 est
259 3646 354 3697 emtus
368 3643 472 3716 hospes
485 3645 636 3701 mentium.

942 388 966 440 A

948 1665 967 1718 il

1126 381 1224 439 Oratio
1240 386 1394 438 tmncetet

1088 471 1188 526 Sextus
1202 486 1294 526 auaris
1309 472 1445 540 volvitur,

1089 561 1122 615 Et
1136 560 1286 631 problema
1299 560 1422 615 solvitur

1125 648 1238 703 Corona
1252 648 1405 720 duplicata.

1090 735 1389 806 Prrrgetrrracrimiuis

1092 826 1204 892 Nolam,
1222 823 1307 894 Virgo
1325 824 1448 895 Virginis

1127 913 1260 967 vendicet
1274 913 1415 984 pudorem
1431 930 1438 981 ;

1092 1003 1197 1071 Purgat
1210 1001 1396 1071 adulterium,

1092 1089 1253 1160 ignitorum
1269 1104 1419 1145 vomerum

1127 1178 1189 1232 Nou
1203 1177 1328 1231 sentiens
1342 1178 1476 1234 calorem.

1092 1266 1123 1320 lu
1139 1264 1254 1320 Cassino
1270 1270 1367 1320 moute
1381 1281 1480 1320 curem

1093 1352 1244 1416 Benedicti,
1259 1357 1324 1423 post
1337 1368 1500 1423 pressuram

1129 1442 1255 1512 Longam
1271 1440 1358 1495 sentit
1372 1440 1483 1506 calculi,

1092 1534 1193 1596 Quem,
1209 1529 1278 1584 dum
1294 1544 1434 1600 nusquam
1452 1529 1488 1584 sit
1506 1534 1669 1584 contectum

1093 1619 1213 1689 Corpus,
1229 1624 1326 1673 temen
1348 1617 1549 1673 indetrectum

1130 1705 1440 1777 Admirantursinguli.

1095 1794 1223 1866 Angelus
1237 1793 1321 1848 tortis
1330 1794 1435 1849 militat
1449 1793 1479 1847 in
1494 1793 1593 1848 cestris

1011 1954 1016 1963 ·
1096 1883 1190 1939 Victor
1207 1882 1344 1937 victorem
1359 1881 1453 1953 gloria
1467 1897 1617 1949 coronans,

1133 1972 1218 2027 Hoste
1231 1970 1338 2042 lugeto.

1098 2059 1231 2114 Precibus
1243 2058 1350 2114 crebris
1366 2058 1454 2113 instat
1468 2058 1570 2114 alienis

1097 2148 1177 2203 Cirris
1193 2162 1309 2214 vacuus,
1327 2148 1383 2202 Deo
1397 2163 1499 2201 recens
1519 2147 1624 2219 sapius

1132 2235 1207 2291 Orbe
1220 2240 1332 2306 pacato,

1098 2314 1171 2378 fium
1185 2323 1324 2394 migraret
1337 2338 1371 2377 ex
1382 2322 1436 2376 hac
1451 2321 1524 2388 rita;

1099 2412 1197 2468 Finem
1209 2411 1249 2466 rei
1265 2410 1385 2466 eremita

1135 2499 1237 2556 Didicit
1251 2516 1286 2554 ex
1302 2501 1453 2555 daemone:

1099 2589 1143 2644 llil
1158 2590 1307 2643 inventum
1320 2592 1412 2643 morte
1427 2588 1559 2658 dignum,

1100 2679 1197 2748 Neque
1212 2679 1331 2743 imnum,
1343 2692 1437 2747 neque
1452 2676 1563 2746 lignum

1135 2765 1200 2821 Nhil
1216 2764 1340 2820 hominis
1354 2766 1385 2818 in
1400 2763 1532 2819 homine.

1098 2853 1173 2910 Telis
1186 2854 1297 2908 Christo
1309 2852 1470 2919 descernit,

1096 2944 1171 2998 Talis
1181 2941 1292 2998 Christo
1304 2941 1400 2996 vivens
1411 2940 1489 3006 vivit,

1134 3031 1166 3086 In
1181 3036 1289 3086 aeterne
1304 3029 1405 3102 patrie.

1098 3120 1201 3174 Servus
1217 3123 1317 3174 tuuset
1329 3117 1446 3172 Amicus

1097 3209 1166 3276 Tua,
1183 3208 1267 3276 Dens,
1282 3222 1334 3262 nos
1349 3206 1489 3263 Henricns

1135 3296 1303 3351 Consoletur
1316 3296 1419 3366 gratie.

1031 3381 1048 3452 i
1071 3384 1127 3440 Ore
1140 3399 1193 3455 pro
1208 3383 1301 3449 nobis,
1311 3389 1408 3437 sancte
1423 3380 1554 3447 ilenrico,

1027 3473 1050 3539 tt
1069 3473 1105 3528 Ut
1119 3471 1199 3543 digni
1209 3471 1368 3527 elliciemnr
1382 3467 1619 3540 promissionibus
1634 3466 1750 3523 Christi.

1338 3557 1490 3614 OillithS.

1240 3651 1283 3704 aa
1298 3650 1436 3703 Breuiurto
1457 3649 1586 3703 Romano.

125 3728 176 3781 llic
189 3730 289 3784 notulae
315 3733 475 3787 humantur
492 3733 530 3787 ad
548 3734 715 3803 eapttraaata
736 3737 941 3806 nauseamque
995 3740 1069 3795 [leus
1085 3737 1135 3810 qui
1150 3737 1290 3792 hodierna
1303 3735 1349 3790 die
1363 3735 1480 3789 beatum
1495 3732 1656 3795 lisnricum.
1678 3737 1732 3787 etc.

92 3816 120 3867 iu
133 3817 347 3884 precedentibus
361 3820 519 3876 obscuriore
532 3822 623 3876 uidua·
643 3828 774 3893 possent:
790 3829 820 3878 ut
834 3840 882 3879 nos
896 3841 941 3880 aas

90 3906 314 3969 pretermisimus
323 3923 384 3962 eam
399 3912 489 3964 omnio
498 3912 623 3979 seperius
633 3914 702 3966 ratas
711 3914 862 3982 suptaaota
873 3916 939 3968 sint.

1349 3821 1488 3878 ORATIO.

1224 3913 1392 3981 Euproprs'o
1400 3908 1607 3976 Bamoeroamt.

92 3990 250 4060 sequeretur
260 3995 348 4051 libelli
361 3997 469 4067 reliqua
484 3999 521 4050 art
536 3998 563 4053 S.
596 3998 749 4054 ilenricum
777 4005 929 4070 spectantia
1032 4005 1091 4058 ¹23.
1120 4003 1194 4057 Deus
1208 4000 1259 4073 qui
1277 4000 1393 4054 beatam
1423 3996 1577 4054 flenricum
1602 3997 1667 4065 post
1689 3997 1835 4046 terrenum

352 4085 492 4141 illthUS
510 4086 686 4151 ANTlOUUS

403 4189 437 4227 os
457 4188 480 4228 s.
502 4191 629 4230 usnasco.

324 4262 369 4315 es
382 4262 490 4316 trusae
506 4263 706 4331 bambergensi.

205 4349 263 4400 lit.
280 4346 388 4404 Lendet
403 4349 499 4405 omnis
513 4350 631 4421 spiritus

200 4435 355 4503 Christum,
369 4439 420 4508 qui
440 4437 578 4494 divinitus

237 4525 390 4580 Coronerit
403 4524 497 4597 gloria

201 4613 364 4693 litoriosum
382 4613 580 4670 Conlessorem

200 4701 291 4764 Quem
306 4702 464 4758 Patronem
480 4709 509 4758 et
521 4705 673 4761 Auctorem

238 4789 302 4844 llaec
311 4791 379 4845 colit
394 4792 527 4848 Ecclesia.

203 4877 292 4932 llomo
302 4884 383 4934 vetus
394 4879 424 4934 iu
437 4880 558 4953 peccatis

200 4966 326 5031 Primam
341 4970 443 5024 stolam
460 4969 593 5025 novitatis

238 5054 351 5127 Recipit
364 5073 430 5112 cum
446 5059 565 5119 ennnlo,

202 5142 337 5215 Quisquis
352 5153 448 5201 mente
462 5147 577 5219 puriore
591 5181 592 5184 =

204 5233 317 5289 Plaudit
329 5251 427 5302 manu,
448 5235 545 5306 psallit
561 5252 610 5292 orc

239 5321 333 5391 Digne
352 5323 403 5377 Dei
417 5323 535 5379 famulo.

204 5410 273 5465 Post
286 5411 351 5478 Sex)
368 5413 464 5482 legens
477 5413 591 5468 dubitet

204 5499 272 5564 ilex,
289 5515 375 5564 auem
390 5515 506 5557 sensnm
515 5507 612 5557 teneat

956 4209 976 4262 lt

993 4091 1148 4164 imperium
1174 4088 1344 4160 insignitum
1371 4085 1503 4142 aethereis
1523 4082 1639 4139 sedibus
1663 4080 1838 4135 collocasti:

995 4178 1099 4245 tribue,
1114 4192 1290 4248 quaesumus,
1306 4179 1339 4229 ut
1352 4189 1437 4245 quem
1453 4171 1543 4242 signis
1563 4169 1770 4224 miraculorum
1780 4168 1841 4222 cle·

980 4264 1225 4330 ·rerecernimus,
1251 4262 1376 4317 eumden
1402 4259 1622 4314 intercessorem
1648 4256 1679 4310 iu
1702 4255 1843 4326 angustiis

994 4352 1159 4408 sentiemus.
1177 4353 1231 4407 Per
1249 4349 1415 4414 bominum,
1431 4352 1484 4401 etc.

1225 4439 1268 4493 DE
1288 4436 1421 4492 sencio
1442 4433 1610 4489 lliiNlllGO.

1047 4530 1091 4583 Ec
1112 4526 1267 4582 Aarrotibus
1280 4521 1524 4594 Bamberpenstbus
1537 4519 1614 4589 apud
1629 4519 1793 4586 linteorum,

1342 4626 1410 4682 pen.
1430 4612 1493 4664 426.

1033 4705 1093 4760 iti.
1120 4702 1170 4759 Eie
1184 4716 1306 4774 germen
1327 4699 1489 4765 Saxonum,
1511 4697 1627 4758 culmen
1656 4694 1843 4762 bavarorum,

995 4792 1191 4849 Palatinorum
1204 4788 1298 4846 ilbeni
1310 4789 1416 4855 honor;
1433 4788 1519 4841 decus
1529 4783 1706 4850 Germaniam
1727 4780 1845 4852 imperii

996 4880 1102 4953 glorie;
1132 4878 1264 4935 Ecclesiae
1291 4878 1436 4948 singulare
1459 4877 1682 4936 ornamentum
1702 4874 1733 4924 et
1756 4867 1845 4924 totius

997 4971 1076 5026 orbis
1090 4968 1264 5039 stupendum
1281 4965 1466 5021 miraculum:
1496 4959 1690 5017 Sacratissime
1716 4957 1846 5028 Impera·

997 5060 1043 5111 tor
1057 5056 1204 5121 Heinrice;
1229 5060 1258 5108 te
1283 5052 1434 5123 diligentes
1447 5050 1574 5113 intuere;
1590 5050 1616 5098 et
1630 5043 1674 5097 lec
1688 5042 1745 5098 tuis
1759 5043 1844 5098 meri·

996 5144 1034 5202 tis
1049 5149 1077 5198 et
1091 5142 1237 5215 precibus;
1269 5145 1301 5195 ut
1315 5140 1358 5194 tui
1372 5140 1495 5193 cultores
1517 5133 1580 5188 lieri
1596 5136 1761 5188 mereantur
1787 5131 1844 5186 vir-

997 5236 1093 5287 tutum
1116 5237 1232 5286 tuarum
1249 5245 1300 5301 pro
1315 5244 1398 5300 posse
1409 5226 1567 5280 imitatores
1583 5237 1590 5276 :
1606 5225 1749 5293 quatenus
1763 5220 1846 5277 vesti·

998 5322 1053 5393 giis
1067 5320 1123 5376 tuis
1142 5320 1329 5386 inherentes,
1343 5315 1520 5387 gaudeamus
1534 5311 1582 5366 bic
1593 5317 1643 5366 tuo
1663 5325 1779 5382 semper
1793 5326 1844 5382 pe·

998 5410 1130 5472 trocinio.
1148 5415 1178 5464 et
1191 5406 1306 5464 taudem
1329 5405 1413 5459 beato
1429 5401 1459 5456 iu
1487 5399 1648 5456 celestibus
1661 5403 1711 5455 tuo
1727 5411 1845 5454 consor·

1000 5500 1050 5555 tio.
1064 5502 1165 5555 Amen.
