3878 6112
143 244 197 299 759

682 239 884 298 educatum
903 236 1176 296 wonirscreusrs·
1190 233 1358 294 uersuum.

1846 241 1899 293 760

144 368 209 423 Gar.
226 364 338 422 XXXIV.
361 393 395 407 -
425 366 460 421 Ut
487 365 579 420 nullus
605 365 684 432 infra
708 365 896 435 presbyterum
920 364 995 419 ordi·
1010 363 1034 417 Α
1052 361 1197 433 pollutum
1235 359 1313 427 dicit,
1353 359 1409 415 nisi
1448 359 1539 414 lotum
1577 374 1653 430 aqna
1680 358 1706 414 ei
1740 375 1833 431 usque
1862 361 1898 414 ad

179 442 272 562 ηοεοῗ,
302 452 357 491 rem
384 453 404 491 o
426 437 584 507 presbytero
614 440 795 491 consecratam
823 437 904 491 alteri
927 451 993 506 por·

180 523 264 576 rapo.

181 594 236 666 (lia
263 596 335 651 decr.
365 595 490 664 Silpestr.
517 610 605 664 popa,
629 609 689 664 cop.
714 593 752 663 7.)
780 594 880 648 Nullus
903 593 995 664 acoly-

144 684 272 747 thorum,
288 684 331 737 rel
350 682 590 737 subdiaconorum
610 698 671 737 reru
691 686 885 737 consecratam
902 697 995 751 apre-

144 773 258 846 sbytero
272 773 333 842 jam
346 770 409 825 aliis
434 771 583 842 porrIgat:
601 771 669 842 quin
681 771 759 826 aliud
783 774 826 825 est
852 769 993 836 minister,

145 862 224 917 aliod
239 860 389 927 adsistens,
410 859 466 914 nisi
491 864 603 915 tautum
626 863 785 930 supportet,
801 859 879 930 quod
895 857 922 912 ei
950 873 992 911 sa·

147 950 248 1005 cerdos
260 948 439 1020 imposuerit,
460 963 509 1002 ore
524 962 575 1001 suo
590 946 781 1002 benedictum.

148 1058 213 1114 Car.
230 1055 326 1111 XXXV.
340 1085 374 1094 -
401 1055 440 1108 De
466 1053 523 1108 illis
553 1055 602 1122 qui
625 1057 689 1124 post
713 1054 836 1123 aliquam
868 1053 995 1120 monsta-

343 1129 441 1180 tionem
458 1127 622 1193 sacrificium
636 1127 796 1194 occeperint.

182 1216 237 1286 (Ea
251 1215 324 1270 decr.
349 1215 478 1282 Eutpcbii
502 1228 591 1282 papa,
608 1215 696 1282 capite
719 1213 756 1282 2.)
772 1212 827 1277 Qui
856 1211 998 1282 acceperit

147 1302 317 1358 sacrificium
343 1307 407 1373 post
431 1301 536 1366 cibum,
567 1306 617 1356 aut
632 1301 838 1372 poetaliqoam
866 1300 996 1372 parvissi-

147 1407 224 1446 mam
245 1389 442 1456 relectionem,
467 1388 522 1442 nisi
536 1404 588 1459 pro
616 1388 731 1456 viatico,
748 1388 830 1458 pueri
843 1392 901 1443 tres
924 1387 995 1455 dies,

147 1480 271 1550 majores
286 1484 406 1549 septem,
421 1476 516 1531 clerici
527 1475 631 1547 viginti
645 1477 706 1531 dies
716 1477 874 1548 poenitaant

149 1587 214 1643 Cur.
232 1584 339 1639 XXXVI.
360 1612 395 1624 -
415 1585 449 1639 Ut
465 1583 607 1652 presbyter
630 1584 776 1638 illiteratus
796 1586 908 1639 Missam
928 1584 998 1638 cele-

434 1657 513 1709 brare
526 1669 580 1708 non
601 1654 706 1712 debeat.

183 1745 238 1814 (Ita
268 1743 340 1798 decr.
370 1743 493 1797 Fabiani
504 1757 594 1811 popa,
624 1744 712 1813 capite
741 1744 795 1811 lb.)
822 1742 999 1798 Sacrificium

151 1835 269 1887 nonest
298 1830 500 1901 accipiendum
523 1831 558 1885 de
574 1846 660 1884 manu
684 1831 851 1900 sacerdotis,
866 1831 916 1902 qui
938 1847 1001 1886 ora-

150 1921 253 1987 tiones,
282 1920 327 1973 rel
353 1918 500 1987 lectiones,
529 1923 558 1973 et
584 1918 710 1989 reliquas
738 1919 948 1974 ohservationes
969 1919 1000 1973 in

150 2009 242 2075 ldissa,
259 2007 416 2062 seeundum
435 2006 523 2061 ritum
538 2006 659 2077 implere
677 2022 734 2060 uon
750 2012 856 2076 posset.

152 2098 217 2152 Ceo.
245 2096 365 2151 XXXVII.
395 2126 429 2134 —
456 2097 509 2150 Pro
534 2099 616 2149 unius
648 2095 783 2151 oblatione
810 2097 923 2151 alterius
948 2111 1002 2151 nou

481 2165 670 2236 spnnendcm.

188 2257 315 2325 (Eapenrt'
326 2270 416 2325 papa,
438 2257 527 2323 capite
552 2254 767 2325 lt.)Preshyter
781 2270 833 2325 pro
850 2254 936 2309 unios
951 2255 1002 2310 oh-

151 2345 268 2410 latione,
285 2342 400 2398 alterius
412 2359 470 2397 non
484 2346 610 2413 spernat.

154 2435 219 2491 Cir.
235 2432 425 2489 XXXVIII.·-
451 2432 484 2485 Ut
503 2430 693 2485 dissidentium
710 2432 830 2497 fratrum
857 2431 1003 2488 oblationes

454 2517 508 2555 non
521 2503 700 2570 recipiantur.

188 2593 244 2660 (lin
263 2591 374 2646 concilio
389 2590 534 2655 Africano,
557 2593 645 2658 capite
660 2589 716 2661 93.)
737 2589 902 2646 Oblationes
919 2591 1002 2646 dissi-

154 2681 284 2737 dentium
300 2680 432 2747 tratrem,
448 2678 585 2749 usquein
605 2678 740 2747 sacrario,
761 2694 856 2750 neque
875 2679 906 2734 in
921 2696 1002 2751 gazo-

153 2768 285 2842 phylecio
299 2766 486 2837 recipiantur.

156 2859 219 2914 Car.
237 2856 345 2911 XXXIX.
359 2882 396 2895 -
425 2855 459 2909 Ut
481 2853 631 2919 refutando
654 2855 710 2908 sint
737 2869 828 2908 eorum
850 2855 932 2922 dono,
955 2857 1004 2925 qui

420 2938 554 2993 pauperes
568 2926 736 2993 opprimunt.

190 3015 248 3086 (Er
262 3013 361 3080 eodem,
378 3013 467 3081 capite
477 3012 531 3074 bl.)
546 3013 662 3077 Eorum,
684 3013 734 3083 qui
754 3011 896 3085 pauperes
907 3013 1004 3086 oppri-

158 3109 252 3169 munt,
268 3102 344 3157 done
357 3100 579 3155 asacerdotihus
594 3100 755 3155 refutanda.

264 3190 327 3246 Car.
341 3189 392 3244 XL.
407 3217 442 3230 -
457 3191 493 3244 Ile
507 3190 672 3258 praeponis
685 3189 898 3245 immolantibus.

194 3280 248 3350 (Eo
263 3279 374 3333 concitio
387 3277 544 3346 Anagrana,
569 3277 719 3347 capital.)
745 3278 928 3351 Presbyteros
953 3278 1006 3334 im·

159 3369 309 3433 molentes,
325 3371 353 3421 et
377 3366 483 3421 iterum
507 3366 650 3420 luctamen
670 3365 818 3433 adeuntes,
834 3366 858 3420 si
879 3367 932 3422 hoc
946 3383 1007 3422 non

96 3475 103 3490 ’
159 3473 211 3528 par
224 3455 387 3510 illusionem
403 3454 528 3525 aliquam
549 3454 597 3508 sed
613 3470 647 3508 ex
663 3453 782 3509 veritate
798 3454 937 3524 iecerunt,
954 3471 1006 3510 nec

159 3551 226 3600 ante
253 3549 385 3616 parentas
409 3547 437 3598 et
463 3542 640 3609 affectantes,
666 3547 753 3613 atque
786 3543 947 3609 suadentes,
974 3549 1008 3599 ut

160 3634 335 3689 aestimarent
369 3631 486 3702 quidem
515 3630 664 3685 tormentis
680 3630 783 3701 aptari,
807 3631 857 3687 sed
876 3631 920 3686 his
944 3632 1006 3687 risu

159 3726 270 3778 tantum
285 3725 314 3776 at
332 3719 431 3775 hahitu
446 3718 557 3791 subjici,
580 3719 635 3773 hoc
659 3719 766 3790 placuit
788 3720 928 3775 honorem
941 3721 1007 3792 qui·

1048 464 1200 522 vesperum
1224 447 1332 503 intrare
1353 447 1507 502 Ecclesiam
1531 462 1590 501 non
1613 446 1791 502 conceditur.
1818 447 1900 512 Quod

1048 544 1146 594 temen
1160 537 1244 593 aliter
1254 536 1380 608 populus
1394 534 1529 606 spititalis
1540 535 1716 606 intelligens,
1731 535 1784 589 suh
1798 536 1899 591 eodem

1048 624 1196 682 intellectu
1225 624 1355 695 accipiet,
1385 639 1443 694 quo
1464 622 1575 695 praelati
1602 638 1702 677 sumus
1726 623 1796 695 quia
1820 624 1901 696 quasi

1049 732 1101 786 per
1114 714 1260 769 somnium
1272 714 1415 781 illuditur,
1429 713 1479 784 qui
1490 717 1615 767 tentatus
1624 711 1816 767 immundicia
1828 713 1902 766 reris

1050 803 1223 875 imaginibus
1232 803 1262 856 iu
1272 802 1632 874 cogitatiooeinquinatur.
1643 800 1698 856 Sed
1710 801 1848 856 lavandus
1861 807 1904 855 est

1049 907 1134 963 aque,
1153 896 1184 945 ut
1196 891 1294 961 culpas
1306 890 1487 960 cogitationis
1504 887 1636 961 lacrymis
1663 889 1773 954 abluat,
1796 894 1825 943 et
1847 890 1903 944 nisi

1048 979 1130 1052 prius
1144 979 1220 1050 ignis
1233 978 1402 1034 tentetiouIs
1414 976 1572 1040 recesserit,
1585 992 1666 1031 reum
1677 991 1707 1031 se
1718 975 1804 1048 quasi
1812 993 1904 1048 usque

1050 1068 1087 1122 ad
1102 1081 1255 1138 vesperum
1270 1072 1432 1136 cognoscat.
1445 1065 1499 1120 Sed
1511 1070 1554 1119 est
1563 1065 1592 1118 in
1604 1064 1847 1119 eademillnsione
1859 1082 1905 1118 ue·

1050 1154 1172 1209 cessaria
1186 1154 1268 1208 valde
1288 1153 1434 1220 discretio,
1457 1169 1523 1224 quae
1544 1153 1688 1207 subtiliter
1710 1153 1829 1223 pensari
1853 1155 1904 1206 de-

1050 1243 1127 1311 beat,
1162 1258 1197 1297 ex
1227 1259 1284 1315 qua
1310 1258 1340 1296 re
1369 1241 1476 1297 accidat
1502 1241 1592 1296 menti
1620 1241 1802 1296 dormientis.
1832 1242 1905 1296 Nam

1051 1331 1208 1403 aliquando
1224 1347 1258 1386 ex
1280 1331 1407 1402 crapula,
1437 1331 1592 1402 aliquando
1618 1347 1651 1385 er
1667 1338 1781 1386 naturae
1805 1347 1907 1402 soper-

1052 1419 1171 1488 lluilate,
1201 1418 1246 1474 rel
1282 1418 1462 1486 infirmitate,
1491 1418 1647 1490 aliquando
1674 1435 1707 1473 er
1731 1419 1908 1489 cogitatione

1051 1507 1202 1578 contingit.
1220 1509 1253 1563 Et
1278 1507 1394 1579 quidem
1410 1523 1499 1578 quum
1519 1523 1552 1561 ex
1568 1513 1678 1562 naturae
1695 1506 1906 1577 superfluitate,

1053 1597 1097 1650 rel
1115 1595 1283 1650 infirmitate
1296 1595 1432 1661 evenerit,
1460 1595 1627 1650 omnimodo
1648 1595 1710 1649 haec
1733 1595 1831 1649 illusio
1850 1612 1906 1650 non

1053 1690 1097 1741 est
1110 1683 1263 1738 timenda:
1290 1684 1340 1756 qui
1362 1684 1436 1739 hanc
1458 1685 1573 1738 animus
1597 1683 1727 1738 nesciens
1755 1683 1906 1755 pertulisse

1054 1772 1147 1843 magis
1162 1771 1303 1826 dolendus
1325 1774 1368 1825 est
1395 1787 1481 1844 quam
1506 1771 1616 1826 fecisse.
1634 1772 1727 1837 Quum
1751 1788 1819 1826 vero
1833 1771 1906 1828 ultra

1053 1861 1174 1915 modom
1196 1860 1341 1931 appetitus
1368 1861 1443 1931 gulos
1465 1860 1496 1915 in
1518 1861 1665 1915 sumendis
1688 1860 1835 1915 alimentis
1861 1877 1906 1914 ra·

1054 1949 1143 2021 pitur,
1160 1954 1245 2020 atque
1267 1948 1372 2003 idcirco
1398 1949 1553 2003 humorum
1578 1948 1760 2019 receptacula
1785 1964 1905 2019 graran-

1055 2041 1112 2106 lur,
1141 2037 1228 2092 hahet
1253 2036 1355 2092 exinde
1385 2036 1498 2090 enimus
1525 2036 1654 2107 aliquem
1687 2039 1814 2100 reatum,
1847 2052 1904 2090 non

1056 2131 1152 2180 tamen
1170 2141 1261 2196 usque
1281 2126 1315 2180 ad
1338 2124 1561 2196 prohibitionem
1580 2123 1761 2195 percipiendi
1781 2125 1903 2194 eorporis

1057 2214 1161 2270 Christi
1184 2213 1228 2268 vei
1264 2213 1417 2268 missarum
1445 2212 1584 2267 solemnia
1612 2213 1791 2282 celebrandi,
1818 2229 1902 2284 quum

1055 2303 1183 2370 tortasse,
1197 2309 1247 2356 aut
1262 2302 1351 2356 festus
1366 2302 1426 2356 dies
1447 2301 1545 2370 erigit,
1569 2307 1619 2356 aut
1643 2301 1775 2356 exhiberi
1802 2306 1901 2371 myste-

1056 2394 1131 2448 rium
1148 2410 1198 2463 pro
1228 2410 1261 2448 eo
1278 2393 1355 2464 quod
1370 2393 1502 2448 sacerdos
1524 2393 1598 2448 alius
1616 2393 1648 2448 in
1662 2394 1726 2447 loeo
1742 2392 1832 2460 deest,
1847 2393 1901 2463 ipse

1056 2482 1210 2537 necessitas
1237 2481 1394 2552 compellit,
1409 2481 1528 2536 mutatis
1553 2481 1680 2535 vestibus
1703 2485 1807 2535 cantet.
1838 2482 1899 2534 Nem

1056 2570 1081 2625 si
1092 2571 1194 2625 adsunt
1208 2569 1269 2638 alii,
1286 2569 1335 2641 qui
1349 2569 1470 2640 implere
1490 2568 1660 2640 mysterium
1674 2569 1799 2636 valeant,
1813 2569 1896 2624 illusio

1056 2675 1108 2731 per
1133 2659 1281 2728 crapulam
1307 2657 1382 2712 iacta
1421 2657 1641 2728 opereeptione
1679 2658 1752 2712 sacri
1779 2657 1894 2729 mysterii

1056 2748 1211 2818 prohibere
1238 2763 1298 2802 non
1327 2747 1423 2816 debet,
1448 2747 1497 2802 sed
1526 2747 1561 2802 ab
1598 2747 1799 2802 immolatione
1833 2747 1892 2801 mori

1058 2836 1186 2907 mysterii
1208 2835 1364 2902 ahstiuere,
1384 2846 1417 2889 ut
1435 2834 1568 2903 arbitror,
1593 2835 1743 2889 humiliter
1770 2835 1857 2902 debet,
1875 2835 1890 2887 si

1019 2913 1155 2978 Ciamen
1171 2923 1339 2979 dormientis
1367 2929 1492 2977 mentem
1516 2923 1594 2994 turpi
1619 2923 1824 2994 imaginatione
1847 2939 1889 2976 nou

1059 3010 1243 3067 concusserit.
1263 3012 1334 3066 Nam
1356 3017 1425 3066 sunt
1438 3012 1544 3083 quihus
1559 3012 1599 3066 ita
1618 3011 1790 3084 plerumque
1813 3011 1888 3066 illusio

1060 3100 1196 3165 nascitur,
1214 3104 1246 3154 ut
1265 3114 1366 3154 eornm
1392 3098 1516 3167 enimus,
1546 3099 1630 3154 etiam
1661 3099 1692 3153 iu
1716 3116 1815 3155 somno
1840 3114 1886 3153 cor·

1060 3188 1139 3257 poris
1151 3188 1270 3259 positus,
1286 3187 1419 3258 turpibus
1433 3187 1687 3259 imaginationibus
1702 3205 1761 3243 uon
1777 3188 1885 3243 foedetur.

1060 3276 1121 3341 Qua
1134 3276 1165 3330 in
1180 3292 1211 3332 ra
1236 3291 1327 3331 unum
1352 3275 1393 3331 ibi
1415 3276 1585 3345 ostenditur,
1609 3276 1672 3348 ipsa
1687 3293 1769 3331 mens
1786 3293 1830 3330 ree
1843 3290 1885 3329 non

1060 3368 1157 3419 tanim
1174 3365 1220 3430 sit,
1242 3364 1286 3419 rel
1305 3379 1357 3418 suo
1369 3363 1478 3434 judicio
1502 3363 1612 3419 libera:
1638 3380 1728 3434 quum
1749 3381 1779 3421 se
1793 3370 1819 3419 et
1835 3363 1884 3417 dor·

1060 3453 1162 3508 mieuti
1188 3468 1308 3523 corpore
1337 3451 1409 3507 nihil
1439 3452 1574 3507 meminit
1600 3451 1716 3520 vidisse,
1752 3451 1883 3508 mmenio

1060 3541 1165 3613 vigiliis
1186 3540 1332 3612 corporeis
1360 3541 1494 3596 meminit
1517 3541 1547 3595 in
1571 3541 1733 3612 ingluviem
1765 3540 1883 3596 cecidisse.

1062 3629 1111 3685 Sin
1126 3646 1192 3685 vero
1209 3646 1244 3684 ex
1253 3629 1331 3701 turpi
1346 3629 1519 3707 cogitatione
1534 3629 1678 3701 vigilantis
1702 3630 1795 3685 oritur
1813 3628 1885 3684 illusio

1062 3718 1240 3787 dormientis,
1255 3723 1335 3790 patet
1354 3718 1451 3773 animo
1476 3724 1573 3773 reatus
1593 3734 1672 3772 snus.
1693 3719 1775 3774 Videt
1796 3717 1884 3773 enims

1062 3823 1118 3878 qua
1133 3807 1227 3862 radice
1254 3805 1416 3879 inquinatio
1439 3806 1488 3862 illa
1516 3806 1704 3878 processerit:
1733 3807 1799 3878 quia
1828 3801 1884 3876 quod

1062 3896 1198 3968 cogitavit
1231 3895 1334 3964 scians,
1369 3896 1423 3950 hoc
1448 3896 1568 3966 pertulit
1606 3898 1746 3951 uescIens.
1773 3898 1883 3966 Propter

158 3811 224 3867 dem
239 3809 364 3882 proprias
379 3807 453 3863 sedis
474 3808 623 3862 retinere:
647 3807 749 3862 olierre
767 3813 875 3876 autem,
898 3813 948 3864 aut
969 3810 1008 3865 al·

159 3899 238 3971 loqui
263 3898 414 3970 populum,
442 3902 492 3951 aut
520 3897 640 3950 omnino
669 3896 893 3966 sacerdotalibus
923 3896 1005 3969 fungi

158 3986 260 4043 officiis
274 4001 333 4040 non
349 3986 445 4039 licere.
1061 3987 1148 4040 talem
1162 3984 1364 4056 pollutionem,
1381 3999 1487 4038 asacro
1500 3984 1637 4055 mysterio
1651 4001 1686 4039 οο
1701 3985 1748 4039 die
1766 3984 1883 4040 absonus

381 4073 445 4128 Car.
462 4072 527 4127 XLI.
543 4101 577 4110 -
594 4070 634 4125 De
647 4071 783 4126 eodemne.
1062 4078 1183 4144 oportet.
1212 4072 1265 4127 Sed
1290 4072 1470 4143 pensandum
1495 4077 1547 4141 est,
1574 4072 1637 4143 ipsa
1652 4073 1789 4144 cogitatio
1810 4078 1884 4128 utrun

196 4167 250 4231 (Ec
263 4161 363 4227 coelem,
383 4175 444 4229 cop.
469 4163 520 4227 tt.)
542 4159 660 4212 iiiacoui
674 4158 817 4226 similiter,
836 4159 887 4231 qui
901 4158 1042 4250 immo-D
1062 4163 1091 4217 in
1106 4161 1300 4232 suggestione,
1316 4161 1370 4215 hac
1384 4161 1415 4215 in
1435 4160 1633 4228 delectatione,
1650 4163 1705 4227 rel,
1722 4163 1800 4234 qood
1817 4160 1886 4230 majos
1930 4212 1933 4217 .

159 4253 301 4316 laverunt,
315 4249 456 4303 honorem
470 4244 587 4318 quidem
602 4246 737 4313 habeant,
753 4252 864 4302 cessent
885 4264 950 4302 vero
971 4248 1007 4303 ab
1061 4255 1112 4317 est,
1126 4249 1157 4304 in
1168 4248 1276 4321 peccati
1291 4264 1429 4303 consensu
1455 4248 1598 4304 ceciderit.
1614 4249 1718 4304 Tribus
1747 4250 1823 4305 euim
1842 4261 1907 4302 mo.

160 4340 240 4396 omni
255 4353 335 4392 sacro
351 4335 496 4407 mysterio,
520 4334 579 4389 sive
604 4352 619 4389 a
636 4351 721 4406 pane,
748 4336 840 4391 eirea
868 4337 954 4391 calice
968 4337 1007 4392 oi·
1061 4337 1103 4392 dis
1116 4337 1254 4408 impletor
1267 4353 1352 4391 omne
1376 4341 1536 4408 peccatum,
1553 4336 1696 4406 videlicet,
1715 4337 1892 4409 suggestione.

158 4427 290 4494 terendo,
307 4426 350 4480 rel
365 4423 557 4496 predicando.
575 4424 654 4489 Quod
680 4425 704 4478 si
725 4424 845 4496 quidam
860 4425 1006 4497 episcopo·
1061 4425 1261 4494 delectatione,
1276 4440 1428 4480 consensu.
1447 4424 1599 4497 Suggestio
1614 4424 1723 4496 quippe
1739 4427 1774 4481 lit
1786 4424 1900 4496 perdia

159 4531 225 4572 rum
236 4512 342 4569 conscii
369 4516 437 4566 sunt
455 4510 561 4566 laboris
585 4528 696 4578 eorum,
720 4517 749 4567 et
774 4513 955 4581 humilitatis,
979 4517 1006 4568 et
1059 4512 1912 4584 bolum,deleclatiopercaruem,conseususperspiritum·-

160 4600 397 4666 mansuetudinis,
423 4604 451 4654 et
472 4600 615 4655 volueriut
629 4600 670 4655 eis
691 4601 798 4672 aliquid
815 4601 940 4672 amplius
954 4602 1005 4657 tri·
1061 4602 1129 4673 quia
1139 4608 1167 4655 et
1182 4601 1306 4672 primam
1320 4603 1436 4671 culpam
1446 4617 1565 4672 serpens
1577 4602 1729 4673 suggessit,
1738 4604 1810 4668 Ἐνο,
1833 4588 1926 4656 retra*

158 4693 259 4759 buere,
276 4689 318 4745 rel
331 4688 467 4754 adimere,
480 4704 568 4758 penes
578 4688 654 4761 ipsos
664 4689 719 4745 erit
729 4693 861 4761 potestas.
1060 4707 1137 4757 caro,
1153 4690 1290 4744 delectata
1301 4695 1354 4756 est,
1370 4690 1471 4758 Adam,
1486 4706 1555 4745 vero
1571 4691 1649 4744 velut
1660 4689 1778 4762 spiritus
1790 4692 1935 4744 consen‘

159 4782 224 4838 Cur.
240 4778 317 4834 XLII.
342 4807 378 4818 —
399 4780 437 4832 De
454 4777 629 4846 presbyteris,
655 4777 753 4847 quibus
769 4780 836 4834 solet
849 4779 1006 4837 dormiendo
1060 4779 1106 4835 sit.
1124 4779 1157 4833 Et
1171 4777 1332 4832 necessaria
1351 4781 1393 4832 est
1415 4793 1520 4848 magne
1543 4776 1678 4832 discretio
1702 4777 1780 4833 inter
1793 4781 1935 4848 suggest

427 4863 496 4918 wile
510 4863 598 4903 illm
612 4849 731 4917 ellium·
1058 4867 1168 4922 tionem
1203 4871 1288 4937 atqua
1323 4865 1551 4933 delectationem,
1575 4864 1651 4920 inter
1691 4856 1935 4921 delectatione&

193 4939 383 5011 (interrogatio
410 4936 528 5005 AVVVV·
559 4938 711 5035 Anthium
738 4940 878 5009 ⁰P⁰³l⁰li·i
897 4939 927 4995 Si
942 4944 1007 5010 I¹⁰⁵i
1060 4959 1146 5025 atque
1160 4969 1340 5020 consensum,
1363 4953 1489 5024 judicem
1513 4955 1557 5007 sui
1585 4953 1740 5025 presidere
1769 4948 1935 5009 animun!

156 5029 330 5095 iliu⁵i0¹¹efflr
350 5041 425 5125 .quoe
449 5040 506 5125 ’Ple‘
534 5040 681 5124 ³⁰¹¹ln¹um
705 5026 931 5094 ⁵⁰10t³00id⁰fer
960 5029 1005 5084 'el
1059 5043 1242 5110 Quumenim
1257 5043 1400 5114 malignus
1415 5042 1532 5114 spiritns
1555 5047 1705 5113 peecatum
1729 5044 1859 5114 suggerit
1879 5043 1935 5097 i}

157 5133 260 5188 ⁰⁰II>¹¹⁸
275 5117 390 5171 D⁰¹¹¹¹¹¹¹
406 5114 527 5212 VV¹¹¹bf³i
542 5129 669 5184 ³⁰0¹l³0I⁰
686 5116 787 5185 V³¹⁰⁸ir
803 5118 846 5172 Iti
860 5117 885 5172 ⁵5
912 5133 1005 5173 ⁸⁸⁰0*
1059 5137 1166 5200 mente,
1183 5133 1206 5186 si
1220 5134 1298 5186 uullo
1308 5132 1418 5209 peccati
1431 5130 1581 5187 delectatio
1591 5137 1740 5203 sequatur,
1761 5130 1935 5204 peccator!

157 5205 207 5260 d⁰⁵
223 5205 271 5273 bii,
288 5219 367 5258 Sacra
382 5207 516 5275 mliiffli
531 5202 685 5257 ⁰⁰¹⁰hfffl·
1060 5221 1178 5276 omnino
1192 5225 1390 5293 perpetratum
1405 5223 1529 5276 nonest.
1556 5220 1651 5286 Quum
1676 5236 1745 5276 vero
1775 5219 1935 5277 delectsr‘

361 5309 531 5366 maxtin.
547 5339 581 5348 -
602 5309 643 5363 De
657 5307 750 5364 eodem
761 5325 800 5364 re.
1059 5324 1125 5364 caro
1138 5309 1266 5380 conperit,
1281 5313 1350 5364 tunc
1370 5315 1518 5381 peccatum
1534 5309 1636 5380 Incipit
1657 5310 1748 5379 nasei,
1763 5310 1789 5365 si
1815 5312 1935 5366 autera

194 5396 350 5467 (Responsio
370 5395 490 5465 Gregor.)
511 5396 545 5450 er
558 5395 675 5467 quidem
695 5395 773 5450 hunc
788 5396 1004 5453 Testamentum
1059 5397 1145 5452 stiam
1171 5397 1207 5452 ad
1235 5413 1408 5453 consensum
1444 5413 1477 5452 ex
1520 5397 1727 5454 deliberatione
1756 5399 1935 5464 consentit,

156 5483 357 5555 reterislegis,
370 5484 444 5539 sicut
458 5484 487 5539 iu
502 5483 642 5555 superiori
656 5483 782 5555 capitulo
803 5485 863 5556 jam
879 5485 1004 5541 diximus
1059 5491 1127 5542 tunc
1148 5492 1298 5558 peccatum
1330 5486 1513 5558 cognoscitur
1532 5485 1642 5558 perlici.
1667 5486 1701 5542 in
1725 5487 1935 5560 suggessisset
