3878 6112
455 299 696 362 undeuuanda
716 302 809 362 unul
828 304 881 363 xit
904 331 938 344 -
958 303 1063 361 LIBER
1082 301 1221 360 Pulsus.
1660 308 1723 381 set„

70 439 120 498 epe
134 423 255 497 quaestio
270 424 305 479 de
318 423 394 479 male
409 430 525 495 accepto
544 425 653 482 bonore
666 431 809 493 nascatur,
824 427 848 480 A
937 424 1001 481 Car.
1015 424 1097 481 111111.
1112 454 1147 465 -
1162 424 1203 480 De
1217 425 1295 480 laicis
1309 440 1362 481 non
1377 429 1474 481 tentem
1485 427 1643 495 faciendum

69 512 170 585 abigat
194 527 378 584 nequaquam
404 518 433 567 et
453 513 489 568 ab
513 513 574 569 istis
599 530 661 570 esse
680 513 814 570 tribuen·
1216 497 1362 566 epitimii&-

70 602 128 659 uod
146 617 203 656 nou
218 594 355 656 doceatur
370 599 457 655 inisse
476 601 613 657 collatum
625 602 640 658 1
654 602 682 658 Si
697 603 747 674 qui
762 618 814 657 au·
903 603 960 669 (Ea
979 602 1073 658 macti.
1099 599 1269 669 Sardianui,
1293 617 1354 673 cap.
1378 602 1436 671 13.)
1460 603 1542 659 Osius
1566 604 1715 678 episcopus

72 689 142 745 erici
168 688 285 744 abistis
309 688 544 762 pseudepiscopis
565 689 595 745 iu
616 690 658 745 eis
683 690 814 746 Ecclesiis
867 689 961 746 dixit:
989 690 1022 746 lit
1041 690 1096 745 hoc
1116 691 1311 746 necessarium
1337 691 1471 759 arbitror,
1498 696 1530 747 ut
1551 692 1715 765 diligentis-

70 778 88 833 ti
102 782 178 847 sunt,
190 794 255 849 qur
265 777 299 832 ad
312 777 446 849 proprios
461 778 608 851 episcopos
618 779 812 850 pertinebant,
866 779 937 834 sime
952 778 1089 846 hactetis,
1110 778 1134 832 si
1147 778 1219 834 forle
1238 784 1287 835 aut
1311 779 1399 848 dives,
1423 786 1474 835 aut
1494 781 1657 837 scolasticus
1680 784 1715 839 de

71 866 150 922 natio
165 881 266 921 eorum
289 881 354 920 cum
370 881 511 921 consensu
530 871 559 921 et
577 866 698 921 consilio
713 867 813 937 presi·
866 867 939 936 loro,
962 875 1013 923 aut
1035 883 1070 922 ex
1089 865 1322 923 administratore
1349 868 1499 940 episcopus
1514 868 1599 925 fuerit
1620 875 1738 942 postu·-

70 969 96 1009 m
113 954 187 1009 facte
201 958 254 1019 est,
267 957 361 1025 potest
374 957 436 1007 ruta
451 952 563 1020 haberi,
587 955 627 1009 ite
648 958 680 1009 ut
699 955 729 1010 in
743 955 813 1026 ipsis
865 956 951 1021 latus,
967 958 1001 1011 ut
1018 970 1078 1010 nou
1101 956 1182 1026 prius
1205 956 1366 1024 ordinetur,
1383 955 1439 1011 nisi
1461 962 1529 1013 ante
1552 962 1582 1013 et
1601 958 1716 1015 lectoris

70 1045 91 1099 is
100 1047 294 1117 perseverent.
311 1042 403 1098 Aliter
417 1046 513 1097 autem
525 1059 598 1099 rana
623 1043 754 1099 habenda
770 1047 814 1099 est
865 1059 998 1112 munere,
1015 1047 1044 1099 et
1057 1035 1153 1099 ollicio
1168 1043 1279 1100 diaconi
1294 1049 1345 1100 aut
1359 1044 1520 1116 presbyteri
1532 1045 1629 1114 fuerit,
1650 1064 1716 1119 pcr-

70 1132 149 1201 retio,
165 1131 235 1205 quia
249 1145 302 1186 nec
324 1132 386 1187 loco
408 1130 525 1186 fundata
542 1137 594 1199 cst,
621 1148 673 1187 uec
687 1132 811 1188 aucmri·
864 1131 980 1188 iunctus
996 1147 1004 1188 ε
1019 1132 1102 1187 etita
1116 1131 1439 1204 persingulosgrudns,
1455 1133 1479 1189 si
1498 1133 1602 1206 diguus
1616 1135 1713 1203 tuerit,

70 1221 155 1278 uuita.
864 1220 1001 1275 ascendat
1019 1219 1055 1274 ad
1081 1218 1197 1274 culmen
1218 1219 1409 1292 episcopatus.
1436 1222 1532 1277 Potest
1554 1222 1632 1278 euim
1662 1240 1715 1294 per

71 1329 156 1385 11„
178 1327 256 1394 Quod
281 1328 373 1382 ,mim
394 1326 520 1382 minan·
540 1330 682 1401 episcopm
705 1327 810 1396 morat,
865 1308 917 1363 has
943 1307 1151 1378 promotiones,
1182 1325 1248 1381 quse
1271 1308 1419 1365 habebunt
1446 1309 1546 1381 utique
1569 1310 1715 1381 prolixum

238 1400 296 1453 nisi
307 1413 342 1453 eu
355 1399 536 1453 conuentione.
864 1401 989 1469 tempus,
1004 1396 1122 1468 probari
1143 1412 1201 1468 qua
1215 1397 1271 1452 lide
1285 1396 1332 1464 sit,
1348 1412 1405 1468 qua
1420 1396 1569 1465 modestia,
1586 1414 1643 1470 qua
1652 1415 1715 1471 gra·

70 1502 140 1544 runc.
155 1487 312 1555 Aurelian,
323 1502 384 1556 cop.
404 1490 443 1553 1.)
460 1487 563 1541 Nullus
577 1490 619 1542 est
634 1486 811 1542 ordinandus
863 1483 951 1540 vitate
966 1488 996 1539 et
1013 1483 1204 1551 verecundia;
1226 1488 1255 1539 et
1275 1484 1300 1539 si
1324 1483 1430 1556 dignus
1455 1484 1542 1540 fuerit
1565 1486 1714 1556 probatus,

70 1591 125 1648 pus,
142 1575 198 1631 uisi
222 1575 383 1631 conuocatis
397 1574 509 1631 clericis
522 1581 552 1630 et
573 1575 766 1647 parochianis,
783 1581 812 1632 et
863 1573 961 1629 divino
987 1573 1147 1629 sacerdotio
1170 1572 1353 1629 illustretur:
1376 1572 1444 1645 quia
1462 1573 1634 1629 couveniens
1655 1592 1715 1631 uon

72 1680 101 1720 m
115 1663 371 1721 consentientibus.
826 1665 916 1756 Best,
947 1677 1001 1717 nec
1024 1660 1099 1716 ratio
1120 1661 1164 1716 vel
1180 1660 1332 1731 disciplina
1354 1661 1475 1732 patitur,
1500 1666 1533 1717 ut
1555 1665 1663 1718 temere
1687 1667 1717 1717 et

69 1771 116 1826 [η.
130 1799 167 1813 ,
181 1774 218 1827 D,
232 1771 288 1826 pp„
312 1773 361 1840 qm·
375 1772 514 1840 accipiunt
534 1772 670 1837 ,mmm
683 1771 811 1826 acaria·
865 1748 965 1805 leviter
983 1748 1133 1805 ordinetur
1152 1751 1203 1804 aut
1226 1748 1387 1820 episcopus,
1412 1752 1463 1803 aut
1486 1748 1645 1821 presbyter,
1665 1756 1716 1805 aut

70 1858 103 1898 tn
117 1848 143 1897 et
160 1845 268 1897 cunctos
281 1843 359 1908 fastu
373 1840 504 1912 superbire
516 1841 729 1911 parvipendunt.
864 1836 1012 1904 diaconus,
1033 1836 1083 1908 qui
1097 1835 1258 1908 neophytus
1273 1842 1340 1907 est;
1357 1836 1481 1893 maxime
1495 1852 1561 1892 cum
1577 1842 1605 1892 et
1625 1839 1716 1911 magi·

70 1945 146 2001 penes
170 1930 238 1984 dicit
254 1933 282 1998 z)
310 1929 431 1995 Quidam
459 1935 606 2001 assumpte
630 1929 755 1985 Ecclesia
782 1933 812 1985 et
864 1929 924 1979 ster
938 1923 1069 1996 gentium
1085 1923 1186 1979 beatus
1202 1924 1350 1994 apostolus
1370 1925 1485 1992 Paulus,
1506 1941 1542 1980 nc
1565 1926 1619 1981 hoc
1634 1925 1715 1982 lieret

72 2018 178 2075 divinis
201 2018 358 2085 elevantur,
384 2023 413 2073 et
434 2023 552 2073 cunctos
572 2018 647 2074 fastu
668 2017 811 2090 superbiae
865 2012 1050 2069 denuntiasse
1075 2016 1104 2068 et
1117 2011 1298 2084 prohibuisse
1312 2012 1455 2082 videatur,
1478 2014 1526 2068 sed
1542 2013 1572 2069 bi
1590 2030 1715 2085 quorum
1830 2056 1835 2068 .

70 2108 199 2164 endunt:
224 2106 254 2161 hi
278 2122 361 2163 canes
377 2108 468 2178 magis
484 2122 572 2178 quam
589 2107 734 2179 principes
755 2123 811 2163 no·
864 2114 917 2170 per
944 2099 1065 2173 longum
1087 2103 1202 2170 tempus
1224 2099 1387 2154 examinata
1407 2099 1444 2155 sit
1466 2099 1533 2168 vite,
1558 2104 1587 2156 et
1613 2101 1715 2157 merita

70 2201 122 2252 tur.
864 2187 974 2243 fuerint
988 2188 1185 2259 comprobata.

70 2297 110 2352 11.
128 2325 163 2336 -
178 2295 287 2350 Deillis
301 2296 494 2366 episcopisqui
508 2294 648 2364 superbire
661 2295 809 2366 incipiunt.
884 2294 1119 2351 01111111.-
1143 2293 1222 2358 Quod
1242 2307 1294 2364 per
1322 2292 1426 2360 aradus
1448 2294 1640 2351 eminiosticos
1660 2295 1698 2351 ad

71 2366 152 2423 dictis
173 2367 301 2433 Greaorii
312 2381 392 2436 popa
415 2371 440 2421 et
460 2367 577 2435 apostoli
595 2365 697 2437 Pauli.)
712 2366 811 2421 llumi·
999 2367 1170 2436 episcopatus
1184 2365 1280 2420 debeat
1296 2366 1418 2434 cinnum
1429 2367 1577 2435 perueniri.

70 2457 97 2510 et
119 2468 180 2509 esse
204 2452 359 2526 episcopus.
376 2453 502 2510 Gradum
518 2453 594 2509 enirn
611 2454 811 2509 mansuetudi·
900 2453 958 2521 (aa
980 2453 1052 2509 decr.
1068 2454 1171 2511 catast.
1195 2468 1277 2524 papa
1291 2452 1445 2509 Galliarum
1457 2455 1592 2524 episcopis
1610 2455 1712 2521 missis,

70 2539 133 2613 ipit,
158 2556 218 2596 non
242 2541 394 2612 superbie.
420 2543 525 2597 Paulus
540 2542 631 2598 dicit:
659 2544 744 2598 Decet
756 2543 811 2598 hu·
864 2556 925 2598 can.
943 2540 997 2614 16.)
1010 2541 1162 2598 ordinatos
1177 2556 1243 2597 acro
1258 2541 1407 2613 quosdam,
1424 2540 1526 2597 iratres
1542 2541 1714 2612 charissimi,

69 2629 246 2686 lihomiuem
259 2636 440 2686 mansuetum
456 2647 527 2699 esse,
549 2647 606 2686 non
625 2630 743 2699 elatum,
759 2647 812 2686 nec
865 2629 1023 2701 episcopos,
1038 2629 1090 2700 qni
1104 2628 1192 2685 nuliis
1211 2628 1405 2685 ecclesiasticis
1417 2629 1567 2686 ordinibus
1582 2630 1616 2686 ad
1629 2633 1715 2686 tantae

71 2733 130 2772 um.
865 2716 1014 2789 dignitatis
1027 2717 1175 2789 fastigium
1190 2716 1297 2772 luerint
1323 2717 1459 2785 instituti,
1477 2724 1577 2774 contra
1596 2721 1714 2775 Petrum

70 2824 106 2879 gv,
130 2854 164 2864 -
187 2824 269 2890 Quod
291 2823 475 2881 ordinatione,
497 2827 684 2895 episcopm-„m
706 2831 812 2895 apost,
866 2805 989 2872 decreta,
1009 2805 1096 2876 buJus
1107 2805 1294 2877 usurpatione
1306 2805 1356 2878 qui
1367 2821 1396 2861 se
1409 2806 1464 2861 hoc
1479 2807 1658 2878 recognoscit
1672 2809 1714 2864 io·

74 2897 236 2951 auctoritate
265 2898 406 2951 crunctis
428 2896 648 2967 provincialibus
675 2898 737 2966 lteri
764 2898 812 2953 de-
865 2892 1715 2967 cissedidicimns;cumadcpiscopatumhisgradibusqui·

69 2972 90 3020 t·
826 2975 919 3037 Gbus
933 2981 1167 3054 frequentissime
1189 2986 1306 3038 cautum
1326 2986 1370 3038 est
1384 2982 1488 3039 debeat
1506 2984 1660 3056 perveniri,
1682 2991 1715 3040 ut

70 3073 182 3144 epistota
194 3074 318 3130 Anactet.
338 3088 420 3145 popa
433 3076 536 3143 scripta
557 3076 690 3145 episcopis
711 3076 808 3145 ltaliae,
864 3069 1026 3126 minoribus
1036 3069 1144 3126 initiati
1156 3069 1268 3137 ciliciis,
1282 3071 1316 3127 ad
1328 3071 1610 3143 majoraflrmeutur.
1626 3073 1715 3130 Debet

70 3162 143 3234 ano.)
173 3161 374 3218 Ordinationes
406 3162 607 3234 episcoporum
643 3165 809 3220 auctoritate
864 3159 943 3215 enim
955 3161 1041 3215 autea
1055 3174 1117 3215 esse
1132 3159 1289 3232 discipulus
1305 3160 1437 3232 quisquis
1452 3160 1552 3216 doctor
1567 3177 1628 3218 msc
1642 3163 1715 3219 desi·

70 3249 118 3305 [ica
140 3249 176 3305 ab
199 3250 332 3305 omuibus
355 3250 405 3322 qui
431 3251 462 3305 in
484 3250 584 3306 eadem
607 3251 715 3308 inerint
743 3269 810 3325 pro-
864 3246 953 3312 derat,
967 3245 1207 3320 utpossitdocere
1226 3246 1303 3319 quod
1318 3246 1429 3304 didicit.
1444 3248 1714 3306 Omnisritaeiusti-

80 3341 148 3397 suut
174 3337 361 3405 celebrandae,
402 3337 454 3410 qui
481 3337 568 3393 simul
597 3339 809 3410 couvenientes,
864 3334 937 3392 tutio
952 3334 1006 3391 huc
1021 3335 1057 3391 ad
1076 3335 1104 3391 id
1128 3350 1186 3407 qua
1200 3335 1295 3391 tendit
1310 3352 1340 3390 se
1355 3336 1467 3392 ratione
1482 3337 1643 3393 confirmat.
1660 3339 1714 3404 Oui

71 3423 133 3479 ium
148 3424 302 3496 diligenter
321 3430 416 3496 agant,
433 3425 638 3498 jejuniumque
658 3441 723 3482 cum
738 3444 808 3483 con·
864 3423 985 3481 minime
998 3423 1103 3479 litteris
1118 3439 1236 3494 operam
1247 3423 1369 3494 dederit,
1381 3431 1544 3497 preceptor
1553 3441 1610 3482 nou
1621 3431 1716 3499 potest

70 3512 141 3569 tibus
152 3513 286 3585 precibus
302 3513 456 3580 celebrent,
481 3518 510 3569 et
532 3530 637 3569 manus
658 3530 724 3570 cum
748 3533 810 3572 san·
863 3526 924 3566 esse
937 3512 1107 3567 litterarum.
1122 3511 1177 3576 Qui
1201 3526 1260 3566 nou
1275 3527 1328 3583 per
1356 3511 1469 3584 singula
1487 3513 1629 3585 stipendia
1653 3530 1714 3570 cre·

70 3601 199 3673 rangeliis
221 3617 286 3674 quea
314 3602 499 3674 predicaturi
524 3607 591 3658 sunt
614 3603 807 3675 imponentes,
862 3599 946 3669 verit,
978 3599 1014 3656 ad
1041 3600 1176 3655 morbum
1206 3599 1343 3672 stipendii
1371 3600 1501 3656 ordinem
1534 3617 1594 3657 nou
1620 3607 1715 3674 potest

69 3689 112 3747 ica
131 3691 177 3745 die
198 3692 270 3748 hora
283 3691 368 3747 tertia
382 3697 506 3762 orantes,
522 3707 660 3765 sacraque
675 3692 809 3748 unctione
863 3686 1024 3760 peruenire.
1040 3686 1138 3743 Solum
1152 3687 1343 3743 sacerdotium
1365 3687 1442 3743 inter
1455 3689 1518 3755 ista,
1541 3704 1612 3761 rogo
1627 3689 1712 3747 vilius

70 3777 315 3850 inprophetarum
333 3785 485 3851 stragem,
504 3780 598 3852 capita
613 3795 714 3836 eorum
729 3795 809 3836 more
864 3781 930 3847 est,
958 3776 1035 3849 quod
1063 3775 1176 3831 facilius
1203 3774 1361 3844 tribuitur,
1391 3791 1457 3831 cum
1485 3776 1629 3833 difficilius
1658 3779 1713 3834 im-

70 3881 157 3921 torum
171 3872 200 3921 et
215 3866 284 3922 llosi
299 3875 438 3939 ungentes
455 3883 462 3922 ε
479 3868 546 3940 quia
569 3868 664 3923 omnis
685 3867 808 3924 sanctili·
863 3862 1001 3938 pleaturi

70 3958 162 4009 uastat
186 3953 217 4009 in
239 3954 346 4025 Spiritu
369 3959 478 4023 sancto,
503 3956 584 4027 cujus
604 3956 695 4011 virtus
709 3955 807 4011 inrisi-
864 3971 929 4027 fflp,
944 3970 1009 4025 xlx,
1034 3999 1068 4011 ...
1096 3970 1130 4025 Ur
1149 3969 1248 4025 laicam
1270 3971 1480 4025 mmmmm
1506 3986 1560 4026 720„
1583 3975 1712 4044 accipiat,

70 4044 152 4097 aucto
168 4045 209 4097 est
232 4041 385 4098 chrismate
400 4042 591 4114 promulgata,
605 4044 661 4099 hoc
686 4044 744 4099 ritu
765 4061 808 4099 so
972 4043 1021 4111 qui
1029 4055 1078 4111 per
1092 4040 1265 4095 ambitionem
1274 4042 1459 4112 episcopatum
1468 4045 1609 4112 ameperit.

70 4123 481 4223 ucelebrerptordiuationem.
507 4128 627 4194 Quodsi
652 4146 751 4186 omnes
770 4131 808 4184 si·
899 4130 953 4202 (Ea
978 4130 1072 4185 concil.
1102 4129 1268 4195 sardicensi,
1293 4142 1354 4202 cap.
1378 4128 1423 4202 2.)
1453 4129 1536 4185 Osiris
1563 4131 1713 4202 episcopus

70 4219 202 4276 revenire
226 4218 347 4273 minime
356 4218 514 4289 potuerint,
543 4233 692 4273 assensum
710 4224 844 4316 tamenn
863 4217 956 4273 dixit:
982 4217 1075 4273 Etiam
1095 4217 1119 4271 si
1139 4217 1204 4273 talis
1220 4216 1325 4289 aliquis
1340 4217 1465 4273 extiterit
1486 4220 1666 4287 temerarius,
1682 4225 1714 4275 ut

70 4306 167 4365 raihtis
191 4312 219 4362 et
242 4306 355 4377 scriptis
375 4306 532 4378 praebeant,
549 4310 580 4359 ut
594 4305 630 4360 ab
645 4305 708 4378 ipsa
730 4306 806 4361 ordi·
863 4306 992 4362 lortassis
1028 4306 1117 4361 talem
1157 4305 1370 4362 excissationem
1414 4305 1535 4362 sliereus
1572 4315 1715 4380 assereret

70 4396 191 4452 sauimo
215 4411 274 4451 uon
297 4395 401 4450 desint.
415 4396 503 4450 Porro
529 4399 556 4450 et
578 4393 809 4466 Hierosolymite·
863 4395 940 4467 quod
956 4393 1065 4450 litteras
1080 4394 1181 4466 populi
1206 4395 1357 4467 acceperit,
1383 4411 1448 4450 aum
1473 4395 1657 4453 menifestum
1676 4399 1714 4454 sit

70 4482 171 4539 trimus
195 4481 429 4555 archiepiscopus
456 4481 557 4538 beatus
582 4480 729 4545 Jacobus,
757 4480 808 4553 qui
861 4482 1099 4555 potuisscplures
1114 4482 1235 4553 premio
1248 4488 1277 4538 et
1297 4483 1429 4539 mercede
1448 4485 1597 4556 corrumpi
1611 4502 1711 4541 eorum

70 4571 228 4638 dicebatur,
248 4571 447 4626 etseaundum
462 4585 578 4626 caruem
594 4568 708 4625 Domini
732 4584 808 4624 uuu-
863 4571 913 4643 qui
936 4570 1077 4625 sinceram
1103 4570 1191 4625 lidem
1216 4586 1276 4625 non
1300 4571 1417 4637 habent,
1445 4575 1477 4626 nt
1502 4572 1658 4629 clamarent
1682 4575 1713 4630 in

70 4659 248 4727 sestirater,
265 4675 281 4713 a
298 4657 511 4725 Petro,iacobo
531 4658 808 4728 etioanueaposto·
863 4658 991 4725 ecclesia,
1026 4663 1055 4714 et
1083 4657 1179 4730 ipsum
1206 4662 1304 4729 petere
1332 4658 1501 4714 viderentur
1533 4661 1710 4733 episcopum,

73 4745 234 4813 ordinatus,
249 4746 460 4802 successoribus
475 4745 609 4800 videlicet
624 4745 724 4800 dautes
746 4744 808 4800 ior·
863 4745 981 4801 omniuo
995 4743 1047 4800 has
1070 4745 1185 4800 fraudes
1199 4743 1377 4800 damnandas
1391 4761 1453 4800 esse
1468 4747 1603 4816 arbitror,
1620 4749 1660 4803 ita
1680 4754 1714 4824 pt

70 4849 170 4901 nrum,
185 4837 217 4887 ut
232 4832 328 4887 miuus
347 4848 435 4904 quam
451 4849 469 4888 a
487 4832 580 4888 tribus
601 4830 744 4905 episcopis
762 4848 808 4887 re·
863 4850 915 4889 nec
937 4833 1037 4890 laicam
1052 4833 1082 4889 iu
1106 4832 1164 4888 flue
1188 4831 1423 4889 communionem
1443 4834 1507 4889 talis
1530 4835 1658 4907 accipiat.
1683 4836 1712 4892 si

70 4939 104 4979 ue
120 4921 254 4977 omnibus
270 4937 417 4977 assensum
432 4920 630 4994 prebentibus
644 4921 809 4976 nullatenus
863 4922 944 4977 vobis
967 4922 1103 4979 omnibus
1126 4922 1229 4994 placet,
1252 4922 1380 4978 statuite.
1396 4923 1526 4995 synodus
1540 4924 1689 4996 respondit
1705 4941 1713 4980 :

70 5026 118 5081 ur,
146 5016 176 5067 et
203 5025 270 5066 cnm
298 5010 446 5065 communi
473 5012 538 5066 voto
566 5009 707 5066 ordinatio
734 5008 808 5065 cele·
863 5011 967 5067 Placet

862 5117 927 5175 Cer.
941 5117 995 5173 llll.
1015 5146 1045 5157 -
1069 5117 1146 5188 Quod
1161 5118 1302 5188 episcopus
1321 5131 1377 5173 esse
1396 5132 1451 5172 aon
1466 5119 1554 5189 possit
1581 5119 1640 5189 qui,
1664 5135 1712 5176 ne·

70 5206 112 5262 pp·
129 5235 164 5248 ,,
178 5205 219 5262 Ν,
233 5205 320 5260 pascu,
335 5207 385 5274 pap
406 5205 547 5274 episcopm
568 5208 631 5260 am
649 5220 704 5260 m
722 5218 808 5260 (mm,
981 5189 1080 5242 sciente
1092 5189 1297 5258 metropolitano
1311 5193 1480 5244 censeantur
1493 5191 1589 5254 suerit.
1682 5243 1685 5249 ,

168 5279 349 5331 ο1αη1εαηηι·
363 5277 601 5331 mancationem.
897 5277 958 5346 (Ea
981 5277 1075 5332 mncil.
1099 5277 1264 5343 Arelatensi,
1288 5292 1349 5345 cap.
1366 5279 1405 5345 6.)
1428 5275 1622 5333 illudentem
1645 5285 1713 5336 aute

75 5367 171 5424 amati.
198 5365 363 5432 Arelatensi,
389 5379 450 5419 can.
479 5365 519 5435 1.)
540 5363 726 5435 Episcopatus
741 5377 808 5418 vero
840 5363 961 5420 amnia
978 5361 1078 5430 claret,
1095 5362 1172 5434 quod
1195 5379 1261 5418 eum
1283 5363 1334 5434 qui
1351 5362 1412 5418 sine
1427 5365 1591 5421 conscenlia
1604 5373 1714 5442 metro-

70 5452 189 5527 sbyterii
200 5454 340 5509 honorem
356 5453 453 5508 nullus
467 5451 555 5507 laicus
570 5455 636 5507 ante
651 5450 721 5506 anni
739 5466 808 5508 con·
862 5450 985 5524 politani
1003 5450 1174 5507 uoushtutus
1196 5450 1283 5508 fucrit
1297 5450 1459 5524 episcopus,
1480 5452 1563 5524 juxta
1576 5470 1713 5528 maguam

70 5557 162 5613 suem,
176 5543 223 5598 uel
238 5545 305 5598 ante
317 5540 439 5613 triginta
452 5555 542 5596 anuos
556 5538 688 5613 accipiat.
863 5539 1007 5614 synodum
1022 5553 1085 5598 esse
1099 5539 1265 5614 episcopum
1282 5556 1340 5597 nou
1354 5540 1469 5599 dehere.

139 5647 280 5716 Parnon.
306 5647 395 5715 CXL.
729 5715 734 5720 ,
1515 5654 1558 5715 18
