3878 6112
55 223 112 277 353
691 223 889 281 pleioteta
907 224 1183 283 uectustasrlca.
1760 235 1813 290 ³54

56 360 120 399 non
143 343 319 400 dubitamus.
350 343 531 416 Quapropter
564 346 667 400 notum
690 361 750 401 asse
773 347 943 404 volumuslt
994 348 1131 418 madium
1168 347 1318 404 liatmiart
1358 348 1509 405 Hilderodo
1524 349 1619 405 abbati
1643 351 1811 408 Prumieoaia

57 432 197 488 omnibus
220 433 353 489 fidelibus
375 431 491 499 nostris,
516 433 706 503 praesentibus
735 435 841 491 scilicet
862 439 908 489 at·
999 438 1158 493 monasterii
1175 437 1305 492 concedit.

56 537 116 593 que
134 521 250 590 tuturis,
267 521 398 594 qualiter,
414 520 579 576 interventu
592 521 755 577 Tbeuzouis
776 523 909 577 monachi
1283 526 1376 596 (Anno
1403 525 1494 596 lotii.)

55 610 151 664 nostri
167 608 269 677 fidelis,
285 626 338 681 pro
361 609 489 665 remedio
515 609 620 665 animoe
650 615 755 665 nostre
771 611 910 681 largimur
965 613 1106 681 [Marten.,
1158 614 1290 683 ampliss.
1321 614 1625 683 Goteer.,1,380,ex
1668 615 1811 672 chartario

56 701 145 767 atque
161 698 358 767 concedimus,
373 698 547 769 proutjuste
563 697 787 770 atquelegnliter
808 714 909 768 possu-
1296 699 1475 769 Prumicns'il

58 801 137 852 mus,
167 785 344 841 monasterio
358 786 468 841 Sancta
493 785 586 841 llariae
610 791 638 841 et
657 785 754 841 Sancti
784 785 908 840 benedi·
999 788 1033 842 ln
1060 789 1176 844 nomine
1192 794 1297 844 sanctae
1316 798 1346 844 et
1376 789 1532 845 individuos
1568 790 1715 846 Trinitatis
1734 791 1807 848 Han·

56 873 107 941 cti,
121 874 201 944 quod
211 872 312 946 ut[est]
325 874 412 929 situm
422 874 550 945 Alpibus,
560 873 610 945 qui
625 873 760 929 dicuntur
774 873 908 940 Pratalia,
965 891 1051 943 nicus,
1085 875 1183 932 divina
1212 877 1325 932 saviente
1362 878 1524 947 clementia,
1549 878 1708 949 imperator
1744 883 1800 936 Au·

53 960 249 1031 juxtarivum
263 962 380 1016 nomine
409 961 571 1028 Bidentem,
594 959 629 1016 ad
646 961 770 1016 radicem
791 961 908 1028 montis,
964 971 1076 1034 gustos.

56 1049 178 1109 nomina
194 1050 288 1117 Acuti,
306 1049 356 1121 qui
372 1049 474 1105 dividit
499 1048 652 1105 Tbuseiam
682 1057 711 1106 et
727 1049 908 1114 itomauism,
999 1052 1027 1107 Si
1047 1056 1151 1108 nostras
1178 1053 1357 1109 liberalitatis
1387 1071 1507 1110 munera
1538 1055 1608 1110 locis
1629 1056 1686 1110 ileo
1710 1055 1812 1112 dicatis

58 1138 202 1210 quosdam
222 1154 337 1193 mansos
361 1138 474 1210 dejure
494 1138 585 1193 nostri
600 1138 695 1209 regni,
716 1154 849 1193 mansum
867 1137 908 1191 vi·
965 1140 1103 1204 quiddam
1120 1140 1252 1196 beneficii
1276 1143 1459 1205 conferimus,
1477 1148 1506 1198 et
1521 1144 1703 1198 necessitates
1726 1145 1813 1198 eccle·

58 1226 282 1293 delicetnnum,
306 1226 357 1299 qui
377 1227 465 1299 vulgo
489 1226 594 1281 dicitur
621 1226 696 1282 Nibli
722 1227 758 1282 de
779 1226 852 1291 Seci,
882 1230 911 1280 et
964 1228 1089 1282 siastieas
1107 1233 1205 1282 nostro
1218 1228 1377 1298 juvamine,
1394 1231 1566 1299 relevamus,
1585 1229 1753 1285 idnobisct
1776 1231 1813 1286 ad

58 1315 147 1370 aliam
164 1331 250 1388 quem
264 1313 433 1371 tenetfilius
453 1313 611 1386 presbyteri
626 1315 763 1386 lltpraudi
779 1314 814 1369 de
833 1313 908 1381 Soci,
966 1317 1117 1370 mortalem
1141 1316 1228 1370 vitam
1256 1318 1452 1385 temporaliter
1475 1318 1689 1389 transigendam
1718 1324 1746 1372 et
1777 1318 1813 1373 ad

59 1407 87 1458 et
101 1402 160 1458 Leo
174 1404 210 1459 de
234 1403 307 1470 Soci,
332 1407 360 1459 et
379 1403 531 1475 piscariam
556 1408 584 1458 et
612 1403 756 1458 Barricule
778 1403 814 1458 de
833 1402 907 1467 Spei,
965 1409 1104 1458 aternam
1133 1403 1221 1457 vitam
1253 1404 1376 1458 feliciter
1411 1404 1599 1458 obtinendam
1629 1406 1813 1476 profuturum

62 1506 151 1562 quem
166 1494 248 1565 lingo
262 1492 388 1548 marchio
405 1508 457 1564 per
473 1492 604 1548 libellum
627 1492 746 1547 dederat
772 1491 910 1563 praedicto
965 1491 1076 1562 liquido
1090 1491 1244 1546 credimus.
1257 1492 1557 1561 Undepateatnotitioe
1568 1494 1699 1547 omnium
1709 1492 1815 1548 Christi

64 1581 252 1649 monasterio;
293 1581 416 1634 alterum
453 1595 520 1635 veru
554 1595 697 1640 mansum,
722 1580 772 1652 qui
804 1579 910 1635 dicitur
966 1578 1106 1643 lldelium,
1123 1578 1309 1649 praesentium
1329 1579 1718 1650 scilicetatqueiuturorum‚
1739 1596 1814 1651 qua·

63 1667 223 1725 tiemonis
245 1667 381 1732 Brussati,
411 1683 498 1741 quem
525 1667 603 1722 idem
632 1667 760 1722 marchio
780 1667 912 1722 similiter
967 1666 1316 1739 liternos,proremedio
1332 1667 1556 1723 nnimaenostrae
1572 1684 1605 1722 ac
1622 1668 1815 1723 dilectaecon·

64 1755 155 1824 dedit;
173 1771 307 1811 mansum
324 1772 440 1829 quoque
454 1758 490 1812 de
504 1760 593 1822 serta,
620 1756 697 1811 unde
721 1757 850 1812 marchio
874 1756 909 1811 li·
962 1755 1042 1827 jugis
1058 1761 1163 1810 nostra
1178 1755 1375 1826 Cunegundae,
1387 1760 1416 1810 et
1437 1770 1490 1826 per
1504 1756 1700 1811 interventum
1719 1755 1815 1811 llilde·

64 1843 412 1900 bellumiecitWinizoni
438 1845 585 1900 Castaldo:
615 1843 685 1899 item
712 1861 845 1900 mausum
874 1846 910 1900 de
965 1843 1029 1898 radi
1057 1843 1133 1915 (177)
1162 1844 1272 1898 abbatis
1286 1843 1378 1898 nostri
1392 1844 1499 1914 dilecti,
1528 1844 1670 1915 praedium
1698 1843 1815 1899 nomine

66 1933 212 2000 ventrina,
225 1949 313 2006 quem
327 1932 415 1989 Leoni
429 1933 557 1988 marchio
579 1948 631 2004 per
645 1933 772 1989 libellum
794 1933 913 1989 dederat
965 1931 1131 1998 Batenlrort,
1156 1932 1187 1985 in
1221 1948 1296 2003 pago
1319 1932 1448 2004 ,liulpiae,
1472 1932 1502 1987 in
1529 1933 1667 1988 comitutu
1690 1931 1816 1989 liezelinl

67 2036 127 2075 eum
144 2020 237 2076 tribus
260 2021 367 2077 mansis
388 2021 423 2076 de
450 2021 588 2091 Caprena,
619 2036 753 2076 mansum
769 2020 857 2076 etiam
877 2020 913 2075 de
966 2019 1079 2074 comitis
1093 2020 1191 2086 situm,
1212 2019 1291 2090 quod
1316 2024 1381 2091 post
1404 2019 1516 2075 obitum
1546 2020 1671 2092 Epponis
1697 2020 1761 2088 viri,
1786 2025 1816 2076 et

67 2107 178 2172 tiuare,
211 2124 302 2163 unum
335 2109 465 2164 libellum
500 2108 600 2162 babuit
623 2108 746 2175 Bouizo;
778 2124 913 2163 mansum
966 2106 1038 2175 legis
1059 2106 1259 2176 jureetlege,
1285 2105 1321 2161 ad
1344 2111 1457 2161 nostras
1471 2109 1582 2177 regales
1605 2113 1633 2162 et
1648 2107 1814 2179 imperiales

67 2195 912 2268 quoquedeTejano,qusmWinizobabet,perlibellum,
966 2209 1069 2249 manus
1084 2194 1208 2261 devenit,
1237 2210 1303 2249 cum
1334 2195 1484 2265 utriusque
1507 2211 1589 2248 sexus
1613 2196 1763 2266 mancipiis
1787 2199 1816 2251 at

10 2318 13 2357 ἰ
67 2300 128 2339 cum
142 2284 421 2356 parteilliusvineae
451 2284 487 2339 de
516 2283 783 2355 regninestrijure
803 2300 836 2339 ac
860 2284 912 2339 do·
966 2280 1100 2336 omnibus
1123 2281 1306 2349 utensilibus,
1323 2282 1416 2350 terris,
1437 2282 1521 2337 cultis
1535 2288 1563 2337 et
1575 2282 1700 2351 incultis,
1726 2284 1814 2354 agris.

10 2368 12 2435 J
68 2372 155 2428 minio
169 2374 312 2429 donamus
335 2378 423 2445 atque
450 2373 680 2428 transfundimus
701 2372 801 2444 injus
826 2378 913 2444 atque
966 2369 1066 2442 pratis,
1095 2370 1216 2441 campis,
1248 2370 1372 2443 pascuis,
1404 2370 1492 2436 silvis,
1523 2371 1605 2442 aquis
1639 2386 1816 2443 aquarumve

69 2459 229 2516 dominium
252 2461 381 2532 praedicti
400 2461 568 2516 monasterii
600 2461 636 2516 de
662 2460 786 2516 Pratalia
808 2467 912 2516 sanctae
966 2458 1144 2520 decursibus,
1164 2458 1389 2528 piscationibus,
1405 2458 1589 2527 molendinis,
1608 2460 1703 2513 viiset
1719 2457 1815 2526 inviis,

68 2549 294 2604 iariaeetsancti
307 2549 673 2616 Benedicti,aeBidentem,
686 2548 912 2619 inperpetuum,
967 2546 1089 2601 exitibus
1114 2552 1143 2601 et
1174 2547 1323 2612 reditibus,
1368 2553 1396 2601 et
1418 2547 1552 2601 omnibus
1584 2547 1814 2618 appertinentiis,

68 2653 127 2692 cum
161 2638 299 2693 omnibus
328 2654 430 2692 eorum
454 2637 645 2708 pertiuentiis,
676 2653 740 2709 quae
781 2638 825 2691 vel
859 2655 913 2692 no·
967 2633 1095 2704 quoesitis
1110 2638 1138 2687 et
1152 2633 1340 2705 inquirendis,
1358 2650 1421 2705 quae
1433 2633 1489 2687 dici
1504 2639 1639 2704 poterunt
1652 2639 1702 2689 aut
1718 2635 1816 2690 nomi-

69 2725 168 2780 minari
193 2731 324 2797 possunt,
349 2741 415 2779 cum
440 2725 533 2787 terris,
554 2724 673 2796 campis,
708 2724 790 2792 casis,
806 2724 908 2792 vineis,
967 2721 1301 2787 nari,admonasterium
1317 2722 1343 2777 S.
1373 2722 1529 2777 salvatoris
1555 2723 1666 2789 mundi,
1682 2722 1818 2777 situmin

69 2813 165 2884 pratis,
185 2813 310 2884 pascuis,
340 2813 428 2881 silvis,
454 2813 536 2884 aquis
563 2828 763 2884 aquarumque
787 2813 913 2868 decursi·
968 2810 1029 2863 loco
1045 2810 1095 2881 qui
1111 2810 1213 2865 dicitur
1229 2811 1362 2879 Prumea,
1377 2809 1408 2864 in
1427 2826 1510 2864 osum
1526 2809 1646 2865 iratrum
1672 2812 1730 2865 ileo
1745 2809 1818 2865 inibi

68 2898 126 2963 bus,
144 2906 174 2955 et
186 2901 321 2955 omnibus
334 2900 421 2955 rebus
432 2899 588 2955 mobilibus
597 2904 626 2954 et
637 2898 848 2966 immobilibos;
864 2899 914 2954 tali
931 2904 951 2960 c
970 2897 1024 2951 sub
1051 2900 1150 2968 regula
1164 2897 1191 2952 S.
1227 2897 1371 2952 Bnuedieti
1397 2897 1596 2963 servientium,
1622 2898 1817 2953 concessimus

68 2992 163 3044 terame
180 2994 213 3043 ot
240 2989 396 3059 pradictus
414 2989 509 3044 Teuzo
526 2993 620 3043 rector
639 2986 728 3059 ipsius
748 2987 915 3043 monasterii
969 2990 999 3039 et
1015 2985 1043 3039 in
1060 2986 1266 3057 proprietatem
1282 2985 1464 3053 donavimus,
1483 2992 1514 3041 ut
1530 3002 1582 3057 per
1597 2986 1695 3041 omnia
1719 3002 1816 3041 sacce-

67 3076 165 3148 suique
181 3092 358 3131 successores
382 3077 500 3133 abbates
522 3076 590 3132 inde
605 3080 775 3147 potestatem
791 3075 916 3131 habeant
970 3074 1099 3128 dentium
1134 3079 1299 3146 temporum
1340 3075 1483 3130 curricula
1517 3076 1609 3131 eidem
1638 3075 1815 3131 monasterio

67 3165 98 3220 ad
113 3165 270 3220 utilitatem
284 3165 376 3235 ipsius
394 3165 562 3219 monasterii
576 3163 701 3219 faciendi
715 3164 855 3236 quidquid
871 3165 915 3219 lex
970 3162 1078 3233 absque
1094 3164 1223 3218 omnium
1257 3164 1423 3219 mortalium
1452 3164 1678 3219 contradictione
1699 3164 1817 3219 firmum

65 3253 223 3325 praecipiat.
253 3253 454 3324 Pracipientes
483 3253 580 3325 itaquo
603 3252 740 3325 jubemus
759 3258 791 3309 ut
818 3253 914 3307 nullus
970 3257 1056 3322 atque
1081 3252 1181 3307 stabile
1195 3253 1226 3306 in
1258 3256 1400 3307 aeternum
1426 3258 1603 3325 permoneat.
1633 3254 1665 3307 Et
1700 3258 1731 3306 ut
1756 3252 1817 3307 baec

65 3342 130 3409 dux,
156 3340 296 3409 marchio,
312 3357 419 3410 comes,
434 3341 601 3408 vicecomes,
629 3342 789 3413 episcopus,
813 3342 914 3396 castal-
972 3344 1076 3394 nostrae
1092 3340 1284 3394 concessionis
1313 3341 1430 3396 traditio
1440 3341 1520 3395 omni
1553 3346 1682 3412 tempore
1706 3340 1816 3395 stabilis

62 3430 127 3499 dvis,
139 3431 186 3485 rel
199 3430 299 3501 aliqua
309 3430 400 3486 nostri
409 3431 491 3500 regni
502 3447 607 3502 magna
619 3433 662 3486 vel
674 3446 763 3502 parva
776 3446 913 3501 persona,
970 3433 998 3483 et
1017 3429 1183 3485 inconvulsa
1197 3436 1374 3502 permaneat,
1397 3433 1470 3485 banc
1498 3430 1657 3502 imperialis
1678 3428 1817 3502 precepti

61 3518 196 3590 predicti
224 3519 389 3573 monasterii
410 3524 552 3574 rectorem
582 3520 628 3574 vel
647 3535 714 3574 suos
741 3534 915 3573 successores
970 3517 1105 3588 paginam
1131 3518 1199 3573 inde
1214 3519 1365 3583 conscribi,
1382 3524 1420 3585 et,
1449 3535 1536 3574 manu
1566 3518 1684 3590 propria
1711 3518 1816 3573 contir-

60 3607 193 3674 abbates,
224 3605 259 3662 de
275 3606 410 3663 omnibus
434 3623 500 3678 quae
516 3607 724 3679 suprascripta
740 3611 808 3661 sunt
826 3605 916 3661 diver·
970 3611 1092 3674 mantes,
1109 3609 1225 3677 propria
1246 3607 1334 3678 sigilli
1348 3607 1441 3661 nostm
1464 3606 1655 3678 impressione
1679 3607 1818 3677 jussimus

60 3695 116 3750 lira
133 3712 188 3751 seu
202 3695 364 3766 inquietare
389 3695 452 3751 sine
478 3696 564 3766 legali
581 3696 688 3766 judicio
702 3699 867 3767 praesumat.
885 3694 915 3749 Si
971 3693 1115 3763 insigniri.

58 3785 129 3858 quis
144 3784 235 3855 igitur
261 3784 349 3856 bujus
366 3784 458 3840 nostri
472 3785 607 3856 praecepti
622 3785 743 3840 violator
763 3783 914 3851 exstiterit,
1005 3781 1124 3851 Signum
1152 3779 1250 3835 domni
1274 3781 1391 3838 lleurici
1414 3783 1612 3836 Romanorum
1638 3780 1819 3836 invictissimi

59 3873 136 3929 sciat
151 3890 182 3928 se
205 3873 434 3944 compositurum
461 3873 525 3929 auri
557 3873 659 3944 optimi
682 3874 770 3929 libras
785 3879 913 3939 centum,
969 3870 1150 3940 imperatoris
1169 3871 1299 3940 Augusti.

60 3962 252 4017 medietatem
268 3977 387 4017 camerae
402 3967 518 4031 nostra,
542 3967 571 4016 et
585 3962 769 4017 medietatem
796 3961 914 4034 proelato
1006 3958 1158 4012 Witbarius
1187 3956 1374 4013 cancellarius
1410 3957 1470 4013 viee
1505 3958 1694 4013 Erchaubuldi
1721 3956 1817 4013 archi-

61 4032 260 4105 monasterio(
281 4050 363 4114 Quod
384 4055 415 4104 ut
444 4051 537 4105 verius
569 4049 712 4115 credatur,
737 4054 765 4103 et
790 4049 913 4119 diligen·
969 4047 1096 4118 episcopi
1110 4046 1273 4117 recognovi.

60 4137 121 4192 tius
136 4137 172 4191 ab
188 4136 321 4191 omnibus
331 4136 362 4190 iu
377 4142 516 4192 aeternum
533 4139 710 4204 observetur,
725 4136 913 4193 baucnostrae
1005 4136 1104 4189 llatae
1120 4135 1261 4190 Kalendas
1276 4133 1416 4200 Octobris,
1434 4133 1590 4188 indictione
1606 4151 1645 4201 m,
1674 4149 1750 4188 anno
1765 4133 1820 4188 Do·

63 4225 230 4281 donationis
242 4226 377 4296 paginam
394 4242 482 4280 manu
510 4226 628 4297 propria
652 4226 854 4281 confirmantes
874 4192 949 4280 sin
970 4223 1083 4278 minicae
1106 4222 1311 4277 incarnationis
1327 4224 1489 4291 l020,anno
1507 4227 1603 4276 autem
1624 4222 1724 4277 domni
1739 4222 1819 4278 Hen-

64 4313 128 4385 guli
143 4313 236 4368 nostri
249 4313 440 4385 impressione
451 4315 589 4386 jussimus
601 4314 744 4385 insigniri.
971 4311 1023 4366 rici
1037 4310 1155 4365 secundi
1170 4311 1317 4382 regnantis
1336 4327 1415 4377 xvm,
1433 4311 1547 4381 imperii
1564 4328 1631 4365 vero
1645 4311 1708 4382 ejus
1733 4327 1781 4366 vn.

68 4492 241 4560 inperatoris
256 4493 388 4558 Aspasti.
1345 4506 1445 4560 cxvp,

103 4579 259 4650 Piligrinus
277 4578 464 4635 cancellarius
479 4578 539 4635 vice
566 4578 703 4651 Egerardi
730 4577 858 4651 episcopi
888 4582 917 4633 et
1125 4593 1286 4648 pmmunpa,
1306 4596 1428 4649 peimi
1442 4596 1660 4664 pppmperamm,

71 4665 311 4721 archicancellarii
329 4666 507 4737 recognovit.
1238 4686 1328 4750 (Anno
1346 4683 1423 4751 1020,
1436 4685 1451 4737 3
1466 4683 1550 4750 pap)

105 4756 174 4809 Data
185 4754 270 4808 tertio
286 4754 347 4808 lial.
365 4753 533 4808 Novembris
547 4752 706 4808 indictione
730 4753 824 4820 tertia,
839 4768 916 4807 anno
1112 4765 1248 4840 [pronpq
1260 4770 1324 4827 pop,
1339 4771 1452 4840 dpppm
1464 4771 1542 4826 pupi,
1555 4788 1584 4825 n,
1601 4773 1673 4840 3474

75 4841 226 4898 dominicae
245 4841 451 4897 iucarnationis
476 4845 553 4912 1021,
589 4859 665 4897 anno
693 4847 790 4897 autem

75 4929 181 4987 Heurici
194 4931 317 4986 secundi
331 4932 478 5003 regnantis
496 4947 574 4999 xvrn,
589 4931 705 5002 imperii
719 4931 782 5003 ejus
797 4947 844 4986 vn.

103 5024 205 5076 letum
219 5024 379 5076 amersten.

816 4841 915 4898 d⁰m¹¹i
1006 4874 1037 4928 ln
1053 4874 1169 4929 nomine
1185 4881 1289 4931 sanctas
1310 4881 1337 4931 el
1365 4876 1521 4932 individuus
1549 4877 1706 4945 Trinitatis,
1734 4877 1817 4933 Haru-

970 4978 1047 5017 nicus
1062 4962 1157 5017 divina
1187 4964 1300 5018 favente
1330 4964 1482 5020 clementia
1506 4966 1704 5020 Romanorum
1727 4964 1818 5035 impe·

970 5056 1049 5106 rator
1063 5056 1218 5122 Augustus.

443 5126 530 5183 CXVl·
1005 5139 1121 5193 Constat
1151 5155 1213 5208 nos,
1243 5140 1341 5195 divina
1357 5143 1541 5212 dispensante
1567 5140 1668 5212 gratia,
1707 5141 1818 5197 caeteris

75 5231 235 5305 Praeeptum
262 5231 355 5287 domm
375 5234 672 5302 ilenriciimperntoris
706 5232 837 5300 Augusti,
863 5245 915 5301 qno
970 5227 1187 5296 supereminere
1215 5229 1413 5285 mortalibus:
1447 5230 1521 5284 uude
1540 5234 1653 5300 oportet
1676 5234 1717 5298 ut,
1738 5231 1819 5302 cujus

101 5413 175 5478 (lii)
185 5409 373 5464 Hilderadum
387 5424 419 5463 ex
430 5407 602 5490 Bunrgundise
611 5407 762 5463 comitibus
773 5407 915 5490 originem
970 5409 1057 5465 ratori
1068 5409 1099 5465 iu
1113 5410 1215 5482 primis
1234 5410 1363 5479 charum,
1382 5410 1486 5465 obiisse
1505 5414 1571 5482 post
1593 5426 1684 5465 annos
1698 5408 1817 5482 regimi-

71 5484 182 5537 traxisse
210 5481 328 5536 tradunt
358 5481 540 5536 Prumienses
564 5483 661 5551 atque,
684 5479 805 5535 ilenrico
820 5495 915 5550 impe·
970 5481 1098 5544 nisocto,
1114 5482 1277 5537 annoloid.
