3894 6120
88 235 141 288 955
637 224 845 283 nonensem
863 224 1130 284 wotenclutlsm
1148 223 1313 282 crisconi
1802 228 1854 280 056

88 356 232 430 poenitens
244 353 296 426 qni
318 352 432 424 publice
460 354 623 426 poeniteret,
639 356 669 407 et
690 349 722 403 in
749 350 813 420 ipso
839 352 982 407 restitnit
1000 352 1087 408 debet
1103 368 1167 408 esse
1190 351 1253 408 sine
1266 351 1445 424 paenitentia.
1465 354 1585 421 Tamen,
1597 353 1762 408 secundnm
1778 355 1857 408 wor-

91 445 135 501 vel
160 444 260 500 habitu
282 446 358 497 esset
384 457 444 512 quo
474 444 569 498 solent
582 442 625 496 illi
652 439 789 509 assequi
816 441 943 495 carinam
999 440 1144 495 maciense
1158 440 1325 506 consilium,
1341 441 1380 494 ita
1392 441 1479 496 debes
1493 441 1658 512 paenitere:
1674 441 1706 496 Si
1724 442 1855 497 sacerdo·

87 531 242 605 jejunanti
256 530 280 585 si
289 529 383 585 fecisti
397 530 536 601 idipsum,
556 530 641 585 debes
648 528 782 599 jejunare
796 529 873 599 quod
883 530 944 599 ipse
998 534 1058 584 tem
1072 529 1234 583 voluntarie
1247 528 1393 595 occideris,
1414 545 1530 585 carnem
1545 546 1603 584 non
1630 528 1803 596 manduces,
1828 535 1857 585 et

90 622 249 692 inceperat,
264 623 294 673 st
321 618 481 674 bectotum
496 620 647 674 observare
662 616 739 687 qnod
767 623 845 672 retro
869 633 944 688 prae·
998 617 1098 672 mnum
1122 633 1181 672 non
1197 617 1280 672 bibas
1306 618 1526 674 cunctisdiebus
1551 619 1618 673 rite
1641 622 1710 672 ture.
1738 618 1857 690 lejunas

91 708 312 779 ceptnmestde
339 707 384 761 his
400 708 452 778 qni
478 706 617 762 homicidi
645 710 748 775 sponte
769 710 798 760 et
818 722 871 777 per
893 722 943 761 cn·
998 706 1128 777 quotidie
1143 722 1237 777 nsque
1253 706 1288 761 ad
1308 722 1467 778 vesperam,
1486 707 1613 778 exceptis
1628 706 1733 761 diebus
1761 706 1852 775 festis,

90 798 242 869 piditatem
258 795 477 849 commiserunt.
796 822 800 827 ·
998 799 1085 866 atque
1096 795 1262 865 Dominicis,
1278 811 1426 850 armenon
1441 797 1525 862 feras,
1542 811 1651 866 equum
1666 810 1731 849 non
1754 811 1856 850 ascen

128 884 230 941 Fecisti
250 883 462 937 truncationem
493 898 643 948 manuum,
672 886 723 936 ent
752 883 869 954 pedum,
894 888 945 938 ant
999 882 1059 949 das,
1083 882 1232 937 ecclesiam
1251 898 1304 954 per
1325 883 1556 955 quinquennium
1583 899 1643 938 non
1667 882 1856 954 ingrediaris,

92 975 190 1029 ocules
216 971 312 1026 fratris
335 973 378 1041 tui
399 971 512 1039 eruisti,
539 976 590 1025 aut
614 971 771 1025 vulnerasti
798 972 944 1043 aliquem?
998 971 1049 1026 sed
1075 976 1142 1025 ante
1170 971 1247 1025 fores
1274 971 1489 1027 ecclesiastes.
1519 973 1586 1027 Post
1615 972 1855 1043 quinquennium

92 1078 146 1134 pro
170 1061 361 1127 truncatione,
391 1061 459 1131 qnia
484 1060 649 1130 proximum
674 1065 703 1113 et
728 1060 846 1114 fratrem
861 1065 944 1115 tuum
998 1060 1147 1116 ecclesiam
1167 1060 1330 1129 ingredere,
1351 1061 1479 1116 nondum
1495 1061 1787 1126 verocommnnices,
1808 1061 1855 1116 aad

94 1149 219 1204 debilem
234 1152 262 1202 et
283 1148 340 1202 sibi
362 1148 495 1202 inutilem
524 1147 625 1212 fecisti,
651 1147 707 1201 nisi
721 1163 774 1218 pro
788 1147 875 1215 furto,
895 1152 946 1202 aut
998 1147 1029 1202 in
1043 1148 1150 1218 angulo
1165 1149 1362 1204 ecclesiastes
1382 1149 1426 1203 rel
1440 1149 1547 1204 sedeas.
1564 1149 1636 1205 Cum
1651 1152 1755 1202 autem
1770 1149 1857 1204 fuerit

91 1253 145 1310 pro
176 1236 337 1305 latrocinio,
373 1237 432 1292 sive
462 1253 515 1307 pro
544 1252 614 1308 pace
643 1236 792 1291 commoni
819 1236 942 1305 fecisses,
999 1236 1160 1292 duodecimi
1175 1237 1244 1291 anni
1264 1237 1387 1293 circulus
1401 1237 1513 1305 finitus,
1537 1237 1780 1292 communicandi
1806 1238 1856 1293 tibi

93 1340 185 1380 unum
209 1340 319 1379 anniam
332 1325 459 1397 graviter
476 1325 616 1396 penitere
631 1325 727 1380 debas.
756 1327 811 1380 Pro
827 1327 945 1380 vulnera
999 1325 1114 1380 licentia
1128 1325 1310 1393 concedatur,
1330 1329 1358 1379 et
1373 1325 1523 1396 equitandi
1532 1325 1681 1380 tribuatur
1693 1325 1852 1381 remisssio.

93 1418 199 1483 antem,
215 1414 239 1467 si
262 1430 348 1485 grave
363 1419 417 1480 est,
442 1419 471 1468 et
483 1414 628 1468 cicatrices
641 1414 784 1468 deformes
799 1414 943 1482 habuerit,
1000 1415 1113 1469 Haneas
1126 1419 1223 1468 autem
1248 1414 1278 1467 in
1305 1413 1425 1485 reliquis
1438 1413 1693 1468 observationibus
1721 1419 1783 1467 tres
1796 1414 1854 1468 dies

92 1503 218 1574 eoquod
234 1504 400 1573 proximum
415 1509 497 1557 tunm
518 1507 547 1556 et
561 1502 677 1557 fratrem
700 1503 859 1557 deformem
879 1504 944 1558 red·
999 1517 1052 1574 per
1070 1501 1292 1569 hebdomadam,
1309 1508 1343 1555 ut
1355 1503 1510 1573 perfectius
1523 1501 1676 1572 purificari
1702 1502 1852 1558 merearis.

92 1591 208 1655 dideris,
226 1591 419 1663 qnadraginta
433 1590 494 1645 diss
514 1591 544 1644 in
559 1606 634 1661 pane
660 1595 689 1645 et
713 1606 788 1662 aqua
803 1591 943 1663 poenitere
959 1640 981 1695 Β
1328 1593 1365 1646 fle
1377 1591 1510 1660 parjete-io.

94 1679 192 1734 debes.
1036 1678 1136 1735 Fecisti
1148 1678 1309 1750 perjurium
1323 1694 1377 1748 pro
1392 1678 1569 1750 cupiditate?
1583 1679 1627 1735 xi
1641 1679 1708 1734 dies
1724 1679 1757 1734 in
1784 1695 1856 1749 pane

129 1767 299 1823 Interfecisti
323 1767 416 1822 furem
436 1771 485 1823 aot
499 1768 651 1831 latronem,
669 1767 718 1822 ubi
741 1768 946 1838 comprehendi
999 1772 1029 1823 et
1052 1783 1136 1838 aqua,
1174 1768 1249 1838 quod
1278 1768 1380 1839 vulgus
1407 1769 1534 1823 carinam
1561 1771 1656 1830 vocat,
1685 1772 1716 1822 ct
1745 1774 1855 1839 septem

94 1860 206 1928 poterat
232 1855 342 1926 absque
382 1856 532 1922 occisione,
572 1862 601 1910 et
625 1860 722 1911 tamen
759 1856 946 1912 interfecisti?
1000 1861 1152 1928 sequentes
1178 1872 1270 1910 annos
1284 1856 1325 1910 ita
1338 1856 1470 1910 observes
1493 1859 1526 1909 ut
1540 1856 1725 1910 consuetudo
1739 1861 1795 1911 est
1827 1857 1857 1911 lit

94 1943 213 2016 quinad
233 1944 392 2014 imaginem
422 1944 471 1998 flei
489 1948 610 2012 creatus,
636 1949 665 1998 et
691 1945 858 2000 innomine
882 1946 946 2017 ejus
1000 1945 1130 2017 qnandiu
1144 1946 1230 2011 vires,
1249 1944 1558 1998 omnessextasferias
1583 1944 1614 1997 in
1629 1959 1710 2014 pane
1725 1949 1757 1998 et
1782 1960 1855 2016 aqna

95 2031 265 2103 baptizatus,
281 2037 310 2086 et
326 2033 466 2102 sanguine
481 2033 544 2104 ejus
558 2033 723 2103 redemptus
739 2037 791 2101 est,
820 2033 863 2088 XL
883 2034 945 2089 dies
996 2034 1121 2105 jejunes.
1144 2033 1179 2086 Et
1204 2032 1227 2085 si
1252 2032 1394 2086 redimere
1417 2031 1553 2096 volueris,
1584 2046 1646 2085 uno
1663 2031 1800 2097 denario,
1815 2033 1856 2087 sel

93 2136 151 2175 non
167 2120 255 2174 intres
269 2119 298 2174 in
309 2120 474 2186 Ecclesiam,
490 2121 573 2175 lanea
582 2126 658 2175 veste
672 2120 800 2187 indutus,
820 2121 855 2175 ab
874 2122 945 2176 escis
999 2122 1092 2193 pretio
1114 2120 1200 2175 unius
1222 2120 1345 2188 denarii,
1373 2120 1497 2174 veltres
1523 2134 1671 2189 pauperes
1698 2121 1851 2190 pascendo,

94 2214 122 2264 et
148 2209 262 2280 potibus
278 2210 330 2280 qui
356 2210 501 2265 interdicti
530 2215 606 2276 sunt,
637 2214 666 2264 et
688 2214 793 2276 otono,
819 2211 946 2281 agladio
999 2214 1169 2281 potestatem
1192 2209 1297 2263 habeas
1319 2207 1489 2263 redimendi.
1517 2208 1626 2262 'lamen
1643 2208 1853 2263 Ptenitantialis

93 2298 317 2370 etabeqnitatn
332 2299 397 2352 illos
417 2298 596 2370 supradictos
610 2298 714 2353 dieste
742 2298 895 2353 abstineas.
912 2301 946 2355 In
999 2299 1146 2355 Romanus
1172 2297 1327 2367 praecipit:
1356 2297 1386 2352 Si
1420 2296 1486 2367 quis
1515 2312 1570 2368 per
1594 2297 1792 2367 cupiditatem
1824 2314 1850 2352 se

93 2386 177 2440 tertia
190 2391 286 2440 notem
311 2387 392 2454 feria,
410 2393 438 2440 et
458 2387 488 2441 in
506 2386 607 2458 quinta
628 2386 700 2440 etin
715 2385 944 2457 sabbatoaliqno
999 2385 1181 2459 pejeraverit,
1201 2400 1301 2439 omnes
1324 2399 1370 2438 res
1393 2400 1457 2438 suas
1482 2384 1600 2451 vendat,
1617 2390 1646 2438 et
1677 2386 1850 2456 pauperibus

96 2489 201 2545 genera
229 2474 421 2545 leguminum,
460 2477 504 2529 vel
536 2474 663 2529 oleribus
694 2478 723 2528 et
758 2474 862 2543 pomis,
901 2475 944 2529 vel
998 2475 1161 2542 distribuat,
1182 2473 1428 2529 etmonasterium
1456 2473 1613 2544 ingressus,
1629 2474 1697 2545 jugi
1708 2474 1850 2546 poeniten-

95 2562 191 2633 parvis
214 2562 359 2633 pisciculis
384 2580 450 2618 cum
482 2563 620 2618 mediocri
647 2562 765 2617 cervisia
795 2568 886 2630 utere,
916 2568 944 2618 et
999 2564 1040 2619 tia
1053 2580 1083 2617 se
1098 2564 1208 2628 subdat,

95 2653 264 2721 temperate.
289 2651 318 2707 Si
340 2657 435 2706 nutem
461 2651 522 2706 sine
542 2652 600 2706 odii
622 2651 817 2718 meditatione,
840 2656 945 2706 tetua-
1036 2653 1137 2708 Fecisti
1159 2652 1319 2722 perjurium
1348 2650 1450 2716 sciens,
1481 2654 1514 2705 et
1536 2650 1610 2705 aiios
1637 2650 1670 2705 in
1693 2651 1855 2722 perjurium

95 2754 151 2809 qne
165 2739 325 2806 liberando,
342 2739 449 2795 diaboli
469 2740 820 2807 membruminterfecisti,
842 2756 944 2794 secnn-
1000 2741 1162 2797 adduxisti?
1176 2740 1219 2795 xi
1234 2740 1294 2795 dies
1319 2738 1350 2794 in
1375 2754 1450 2810 pane
1478 2744 1510 2794 et
1535 2754 1624 2809 aqna,
1651 2739 1732 2810 qnod
1757 2739 1855 2810 uulgus

96 2827 164 2882 dnm
181 2828 391 2899 indulgentiam
413 2829 486 2896 dico,
510 2835 629 2901 propter
643 2829 800 2899 imaginem
827 2828 887 2895 liei,
921 2829 946 2882 si
1000 2831 1128 2885 carinam
1147 2833 1238 2894 vocat,
1253 2828 1391 2900 poenitere
1406 2827 1503 2893 debes,
1519 2832 1549 2881 et
1562 2833 1678 2897 septem
1704 2834 1856 2898 sequentes

95 2915 204 2987 aliquid
216 2917 348 2987 jejunare
365 2917 499 2984 volireris,
514 2917 621 2972 bonum
636 2920 679 2971 est
696 2917 758 2984 tibi,
773 2922 802 2972 et
822 2917 945 2971 eleemo·
962 2918 983 2972 C
1001 2935 1104 2984 annos,
1130 2919 1170 2972 ita
1197 2921 1230 2972 ut
1254 2916 1430 2971 consuetudo
1458 2920 1512 2985 est,
1536 2917 1692 2971 observare
1712 2916 1808 2971 debas.
1826 2917 1855 2970 Et

96 3019 180 3075 synas
194 3005 312 3074 largiter
324 3005 377 3060 fac.
392 3006 422 3061 Si
444 3005 595 3076 presbyter
617 3006 718 3061 eadem
744 3005 853 3073 fecerit,
888 3021 946 3060 non
1000 3012 1044 3063 tot
1059 3007 1187 3078 perjuria
1197 3006 1282 3060 debes
1293 3004 1435 3075 jejunare,
1450 3010 1523 3076 quot
1546 3003 1685 3059 homines
1709 3005 1803 3059 sciens
1821 3004 1853 3059 ad

97 3092 281 3163 deponatur:
315 3099 423 3162 temen,
457 3094 586 3165 quandiu
620 3094 704 3161 vivat,
745 3093 945 3165 paenitentiam
999 3096 1160 3168 perjurium
1184 3093 1337 3161 adduxisti,
1357 3093 1460 3162 stipsi
1480 3094 1666 3164 suaperjuria
1690 3094 1853 3160 emendent,

97 3186 173 3252 agat.
1000 3189 1031 3241 ut
1044 3200 1132 3256 snpra
1143 3187 1273 3238 notatum
1284 3185 1335 3246 est,
1352 3181 1378 3236 si
1392 3182 1518 3237 scientes
1529 3182 1672 3237 facerunt.
1681 3181 1736 3238 Sin
1750 3187 1853 3248 autem

132 3268 278 3323 accusasti
294 3268 431 3339 aliquem,
448 3274 476 3323 et
489 3285 542 3341 per
562 3274 641 3323 tuam
656 3270 865 3325 accusationem
898 3288 945 3325 oc·
999 3273 1101 3328 levius.

97 3355 171 3410 cisne
183 3360 236 3424 est,
254 3355 309 3409 nisi
324 3372 377 3426 pro
390 3356 479 3428 pace?
495 3356 687 3428 qnadraginta
700 3357 761 3412 dies
775 3357 806 3412 in
820 3374 895 3429 pane
919 3363 948 3414 et
1036 3360 1136 3416 Fecisti
1152 3359 1312 3431 perjurium
1326 3361 1451 3423 coactns,
1470 3362 1499 3412 et
1523 3373 1578 3429 pro
1599 3359 1784 3425 necessitate,
1807 3362 1855 3412 aut

98 3460 181 3517 aqna,
199 3445 277 3517 quod
292 3445 419 3499 carinam
434 3451 547 3512 vocant,
560 3462 625 3500 cum
641 3450 751 3517 septem
763 3447 948 3518 sequentibus
999 3466 1053 3522 pro
1078 3449 1136 3504 rita
1149 3448 1219 3504 tua?
1237 3447 1305 3519 quia
1324 3445 1447 3501 dilexisti
1462 3461 1568 3516 corpus
1591 3447 1659 3517 plns
1682 3463 1773 3519 quam
1792 3447 1854 3501 ani-

97 3535 180 3588 annis
195 3532 337 3605 poenitere
352 3533 445 3588 debas.
462 3534 491 3590 Si
507 3538 604 3588 entem
619 3550 672 3604 per
688 3538 766 3589 tuam
787 3536 946 3589 delaturam
1001 3553 1089 3606 mam,
1119 3537 1309 3610 quadraginta
1332 3535 1403 3603 dies,
1433 3534 1461 3589 id
1488 3539 1531 3589 est
1555 3535 1697 3602 cannam,
1723 3535 1755 3589 in
1783 3550 1854 3607 panc

98 3622 261 3679 debilitatus
288 3628 341 3689 est,
370 3627 428 3677 tres
459 3622 692 3695 quadragesimas
720 3638 773 3694 per
804 3623 948 3694 legitimas
1000 3631 1029 3680 et
1049 3643 1125 3699 aqna
1148 3626 1287 3698 poenitere
1305 3624 1402 3693 debes,
1419 3628 1564 3678 etomnes
1576 3629 1673 3679 sextas
1688 3625 1776 3680 ferias
1790 3639 1853 3696 qun

98 3710 184 3767 ferias
197 3710 339 3784 poenitere
354 3711 450 3766 debes.
1000 3719 1068 3770 snnt
1080 3715 1111 3769 in
1123 3714 1207 3769 unius
1220 3712 1290 3767 anni
1301 3712 1417 3780 circulo,
1433 3712 1465 3766 in
1478 3727 1553 3783 pane
1566 3717 1597 3767 et
1608 3729 1688 3785 aqna
1703 3714 1854 3784 poeniteas,

133 3801 239 3872 Cepisti
249 3800 386 3872 aliquem,
400 3805 429 3854 et
442 3799 583 3855 tradidisti
597 3815 663 3854 enm
684 3799 713 3854 in
739 3800 826 3854 talem
851 3799 947 3853 locum
1001 3810 1029 3859 et
1043 3820 1100 3859 non
1111 3803 1245 3858 redimas.

97 3889 148 3944 ubi
158 3895 207 3944 aut
217 3888 326 3944 occisus
341 3894 393 3954 est,
405 3892 455 3943 ant
470 3888 598 3943 membra
619 3890 681 3960 ejus
696 3887 847 3943 truncata?
864 3887 948 3942 simi·
1267 3893 1304 3946 fle
1323 3892 1407 3945 otioso
1418 3890 1585 3960 juramento.

97 3978 309 4050 literjojunare
323 3977 421 4045 debes,
436 3977 567 4049 quumvis
581 3977 658 4031 dicos
673 3977 751 4048 quod
765 3992 823 4030 uon
852 3992 886 4031 eo
902 3992 947 4030 ra·
1036 3979 1197 4037 Promisisti
1211 3977 1356 4034 meretrici
1365 3978 1410 4032 vel
1420 3977 1559 4032 adulterer
1572 3977 1744 4049 juramento
1758 3978 1855 4046 fldem,

98 4066 176 4123 tione
201 4083 268 4122 eum
295 4065 363 4121 illuc
390 4067 519 4121 traderes
544 4072 578 4121 ut
608 4066 650 4120 vel
670 4065 869 4121 debilitaretur
903 4067 946 4120 vel
1001 4075 1052 4124 not
1071 4067 1181 4140 aliquid
1209 4067 1265 4122 tale
1289 4082 1354 4121 cum
1377 4066 1544 4137 juramento
1574 4066 1751 4135 promisisti,
1785 4068 1861 4139 quod

98 4155 286 4210 occideretur.
963 4163 1105 4244 Dcontra
1118 4158 1165 4227 jus
1193 4171 1339 4211 canonum
1359 4155 1454 4210 esset?
1478 4154 1621 4226 poeniteas
1646 4155 1861 4227 juramentum,

134 4243 267 4300 Occidisti
290 4247 322 4296 tu
345 4242 416 4314 ipse,
432 4247 482 4296 aut
504 4242 609 4313 aliquis
632 4259 685 4314 per
699 4247 781 4298 tunm
796 4244 948 4299 consilinm
1003 4251 1032 4301 et
1056 4246 1156 4316 frange
1177 4243 1391 4316 jusjurandum,
1422 4247 1452 4298 et
1473 4242 1546 4298 illud
1562 4242 1668 4298 melius
1699 4250 1730 4299 et
1754 4247 1859 4318 justius

100 4331 227 4404 aliquem
242 4348 276 4386 ex
289 4330 485 4385 ecclesiasticis
499 4331 567 4384 viris
584 4333 641 4387 ileo
668 4332 778 4399 dicatis,
802 4337 850 4387 aut
868 4333 949 4404 psai·
1001 4338 1045 4389 est
1059 4349 1147 4405 quam
1169 4348 1339 4404 permanere
1360 4331 1391 4387 in
1418 4331 1510 4403 stupri
1537 4331 1649 4402 flagitio
1672 4339 1728 4389 aut
1754 4334 1786 4389 in
1802 4335 1857 4390 alio

99 4420 226 4486 utinm,
245 4424 296 4473 ent
310 4417 472 4487 ostiarium,
489 4424 538 4474 aut
553 4420 702 4490 lectorem,
718 4427 768 4475 ant
782 4421 948 4476 exorcistam
1003 4422 1193 4494 aliquomalo,
1210 4420 1541 4492 quiascriplumestza
1570 4419 1767 4491 injustavota
1781 4423 1855 4478 iran-

101 4514 151 4563 aut
166 4507 338 4579 acolythum,
355 4513 405 4562 aut
419 4508 636 4577 subdiaconum,
653 4514 703 4564 aut
716 4509 879 4576 diaconum,
899 4516 949 4565 aut
1002 4511 1097 4583 genda
1112 4514 1187 4565 sunt.
1205 4531 1219 4558 ιι

100 4595 319 4668 presbyterum?
338 4595 366 4651 si
388 4596 488 4662 fecisti,
517 4596 646 4667 singulos
667 4596 794 4664 ordines,
820 4597 948 4668 singulos
1038 4599 1067 4655 si
1078 4598 1181 4670 jurasti
1205 4613 1257 4669 per
1270 4596 1405 4668 capillum
1422 4595 1484 4662 Dei,
1513 4598 1563 4649 aut
1585 4610 1639 4666 per
1667 4600 1758 4667 caput
1785 4596 1852 4666 ejas,

101 4685 207 4756 gradus
222 4685 404 4755 singulariter
426 4685 568 4763 poenitere
591 4684 687 4740 debes.
717 4686 759 4739 lta
786 4685 948 4741 faciendum
1002 4688 1046 4743 vel
1062 4687 1118 4742 alio
1133 4686 1218 4740 modo
1239 4684 1416 4756 blasphemia
1441 4684 1645 4739 contraDeum
1660 4700 1735 4738 usus
1750 4684 1853 4750 fueras,

101 4773 218 4839 esttibi,
236 4778 269 4828 ut
283 4789 334 4845 pro
349 4773 509 4841 Psalmisla,
524 4773 572 4828 XL
586 4773 647 4828 dies
667 4772 786 4843 inpane
811 4779 840 4828 et
862 4789 947 4845 aqua,
1003 4777 1028 4832 si
1044 4776 1131 4830 semel
1159 4774 1288 4830 nesciens
1313 4773 1416 4836 fecisti,
1444 4777 1554 4843 septem
1581 4771 1643 4827 dias
1674 4772 1708 4827 in
1730 4788 1806 4845 pane
1829 4776 1856 4827 et

101 4862 178 4934 quod
201 4861 355 4916 Teutonice
385 4862 482 4916 carina
508 4866 634 4929 vocatur,
665 4877 731 4915 cum
764 4868 874 4933 septem
904 4879 947 4918 se·
1003 4881 1078 4938 aqua
1096 4863 1244 4936 poeniteas.
1269 4862 1299 4918 Si
1328 4861 1451 4917 secundo
1480 4861 1525 4914 vel
1553 4860 1651 4926 tertio,
1680 4860 1854 4932 increpatus,

101 4950 256 5022 quentibus
283 4950 367 5005 annis
395 4950 544 5021 poeniteas.
577 4951 632 5004 Pro
660 4950 776 5005 ostiario
805 4951 947 5021 simililer,
1003 4953 1166 5023 fecisti,XV
1184 4952 1244 5006 dies
1267 4952 1298 5005 in
1317 4966 1391 5022 pane
1410 4952 1440 5004 et
1462 4965 1538 5021 aqua
1562 4947 1719 5018 poenitens.
1748 4949 1780 5005 Si
1806 4964 1856 5020 per

100 5056 153 5111 pro
180 5040 286 5094 lectore
318 5039 462 5107 similiter,
490 5055 541 5111 pro
566 5039 706 5094 exorcista
727 5040 870 5107 similiter,
896 5058 949 5113 pro
1003 5043 1108 5098 caelum
1146 5045 1196 5095 ant
1222 5055 1274 5112 per
1300 5045 1419 5106 terram,
1447 5037 1505 5091 siae
1529 5051 1581 5107 per
1604 5037 1698 5091 solem
1734 5037 1781 5091 rel
1808 5051 1856 5108 per

103 5128 252 5200 acoloylho
264 5127 405 5193 similiter,
418 5144 472 5200 pro
482 5128 657 5183 subdiacono
668 5128 812 5198 similiter,
827 5144 880 5200 pro
891 5129 950 5184 dia·
1004 5132 1113 5196 lunam,
1130 5134 1180 5184 nnt
1204 5145 1256 5201 per
1278 5128 1366 5182 aliam
1391 5127 1518 5198 aliquam
1544 5129 1722 5193 creaturam,
1737 5126 1783 5181 XV
1798 5125 1855 5181 dies

101 5233 174 5272 cono
189 5217 331 5286 similiter,
341 5233 394 5288 pro
405 5217 572 5289 presbytero
588 5217 721 5272 similiter
736 5234 743 5271 :
760 5217 829 5288 qnia
852 5217 950 5272 omnia
1003 5218 1120 5289 inpane
1137 5222 1165 5271 et
1180 5232 1255 5287 aqua
1265 5215 1415 5286 poeniteas.

101 5306 251 5377 presbyter
264 5311 327 5360 octo
342 5306 457 5361 ordines
476 5306 572 5362 hebet.
588 5306 779 5378 Quapropter,
793 5306 887 5361 omnis
900 5306 951 5378 qui
1039 5306 1068 5361 Si
1083 5309 1260 5360 sacramento
1288 5309 1316 5358 te
1337 5301 1470 5373 obligasti
1487 5305 1520 5355 ut
1543 5300 1578 5355 ad
1606 5316 1709 5372 pacem
1738 5301 1855 5371 alicujus

102 5393 274 5449 interfecerit
290 5394 449 5454 voluntarie
468 5396 679 5466 presbyterum,
702 5395 742 5450 ita
757 5394 843 5450 debet
856 5396 949 5466 poeni-
1005 5393 1116 5449 inimici
1130 5393 1172 5447 tui
1186 5392 1267 5446 nullo
1285 5390 1370 5445 modo
1385 5389 1504 5457 redires,
1519 5404 1572 5460 pro
1590 5389 1723 5460 perjurio
1747 5403 1853 5442 annum

101 5488 172 5552 tera,
188 5488 220 5539 ut
232 5487 295 5539 octo
309 5483 464 5540 homicidia
478 5489 580 5556 sponte
589 5484 753 5552 commissa,
764 5489 792 5538 et
801 5499 950 5554 nunquam
1006 5497 1097 5536 nnnm
1118 5497 1134 5536 a
1155 5495 1273 5552 corpora
1294 5485 1323 5535 et
1337 5478 1477 5549 sangnine
1493 5475 1609 5533 bomini
1624 5475 1664 5530 sis
1690 5480 1853 5549 segregatus
