3878 6112
56 256 113 310 489
470 256 515 313 uu
534 255 768 315 utvtlttsttttu
787 256 983 316 Taurunum
1003 258 1099 315 Llllltl
1118 259 1198 316 DUO.
1225 289 1252 298 -
1273 257 1340 316 Llll.
1361 258 1397 315 ll.
1760 264 1813 319 490

57 380 139 453 qnod
154 380 281 454 aliquam
301 380 443 436 maculam
457 381 601 437 contrahit
624 399 657 437 ex
682 383 868 451 mortalitate,
884 386 946 438 οιΑ
965 381 1033 437 bilia
1046 382 1182 437 animalia
1202 383 1419 455 respondemus.
1445 383 1527 448 Quod
1552 399 1619 439 vcro
1646 393 1813 456 prosecutus

57 470 126 524 ideo
140 470 228 525 homo
242 469 333 524 Deum
348 485 405 524 non
417 473 512 540 potest
530 470 627 526 ridere
642 476 671 526 et
685 471 790 538 rivere,
807 488 910 543 quous·
965 487 1005 538 os,
1021 472 1126 536 dixisse
1143 471 1230 527 David
1247 473 1359 527 :Nolite
1377 472 1508 540 cocidere
1527 475 1557 526 io
1576 476 1761 544 principibus,
1783 479 1814 531 iu

59 574 118 630 qne
132 557 580 627 secundumhominemririt,et
594 559 751 614 secundum
767 561 857 615 Deum
873 560 911 597 ²⁶⁰
963 560 1030 629 tiliis
1054 560 1191 615 bominum
1212 563 1242 614 ia
1265 561 1363 629 quibus
1386 576 1439 614 aaa
1460 566 1499 615 est
1523 562 1608 625 satus,
1636 579 1668 617 ac
1691 579 1744 635 per
1757 563 1813 619 hoc

60 646 195 713 minime,
210 651 239 701 et
254 646 307 700 sibi
323 661 381 701 non
396 646 530 712 moritur,
545 651 577 700 ut
595 646 673 701 vivat
689 648 755 703 Deo.
773 647 822 704 Set
837 665 909 721 quo·
965 648 1078 702 nullum
1088 648 1180 702 lilium
1195 647 1321 702 bominis
1335 647 1562 719 praetermisisse,
1575 654 1609 704 ut
1622 665 1655 704 ex
1665 651 1814 722 prophetae

61 735 147 790 modo
162 733 193 788 iu
208 735 326 805 regione
342 734 453 801 mortis,
468 737 502 788 ut
512 734 552 788 ita
567 734 671 802 dicam,
688 735 850 791 mortaliter
868 737 911 790 ri·
964 735 1131 790 testimonio
1149 735 1288 806 injuriam
1306 735 1379 790 clam
1393 735 1514 792 ridearis
1537 737 1629 792 lacere
1654 738 1766 795 Christo
1779 769 1815 781 -

60 839 141 889 rens,
156 824 257 890 lleum,
273 822 324 894 qui
344 838 411 877 vera
428 822 493 877 Vita
510 827 563 890 est,
587 828 617 877 et
630 823 717 878 bomo
730 825 840 879 rideret
863 828 913 879 aut
965 828 1008 878 set
1023 829 1120 895 aperte
1136 840 1234 879 servos
1248 824 1310 894 ejus
1325 824 1518 895 blasphemas,
1544 826 1626 897 quasi
1650 843 1710 882 non
1734 827 1815 899 inju-

61 915 214 983 quaereret,
242 910 298 965 nisi
321 908 544 965 misericorditer
558 909 762 966 inclinatavita
777 912 813 966 ad
834 927 911 967 mor·
966 912 1008 966 ria
1023 911 1097 967 servi
1121 912 1157 967 ad
1181 916 1379 984 contemptum
1402 913 1537 984 respiciat
1558 915 1672 969 Domini
1695 944 1752 984 -,
1770 932 1815 970 re·

61 1005 125 1055 taos
147 998 361 1055 descendisset?
383 999 486 1055 Mortui
506 1000 585 1055 anim
613 1016 735 1067 aramus,
762 1017 795 1055 ex
814 1018 912 1074 quoa
966 1000 1141 1070 spondemus
1164 1002 1200 1056 ad
1225 1002 1286 1057 haec
1309 1001 1435 1057 dicantes
1463 1017 1527 1056 curu
1551 1003 1711 1073 propheta:
1737 1007 1815 1060 liuta

61 1088 134 1143 facie
150 1087 202 1142 llei
213 1103 247 1141 ex
260 1087 311 1142 illa
323 1088 417 1157 prima
440 1087 674 1157 prevaricatione
695 1088 727 1143 in
742 1088 832 1144 Adam
848 1105 911 1144 om·
965 1090 1033 1157 fiant
1048 1088 1123 1142 labia
1137 1086 1240 1153 dolosa,
1258 1103 1318 1156 quar
1340 1088 1466 1143 locuntur
1483 1090 1617 1145 aduersas
1633 1092 1740 1168 J'astam
1759 1095 1814 1146 iai·

61 1192 114 1232 nes
144 1175 311 1231 cecidimus.
338 1174 527 1247 Quapropter,
552 1177 688 1232 miserata
712 1178 913 1233 mortalitatem
966 1179 1099 1244 quitatem
1121 1179 1151 1231 ia
1174 1177 1303 1246 superbia
1322 1180 1348 1231 et
1369 1180 1400 1231 ia
1423 1177 1552 1232 abusione
1574 1180 1656 1243 (Psoi.
1681 1194 1743 1247 xsx,
1770 1182 1814 1246 lt,

61 1268 192 1319 nostram
207 1263 241 1300 ’⁶¹
266 1262 406 1318 diabolica
420 1262 518 1318 fraude
542 1263 703 1337 deceptam,
718 1264 754 1319 ad
776 1281 827 1319 nos
851 1265 914 1319 Vita
966 1264 1024 1334 20).
1041 1264 1073 1319 Et
1087 1279 1168 1334 spem
1181 1269 1310 1320 nostram
1323 1263 1354 1319 iu
1368 1265 1515 1319 hominem
1537 1282 1596 1320 non
1611 1266 1757 1337 ponimus,
1773 1271 1817 1322 set

63 1350 157 1405 relata
176 1366 262 1405 carne
278 1350 434 1418 descendit,
451 1351 519 1422 quia
545 1368 602 1406 non
623 1352 707 1407 aliter
729 1353 914 1408 inaccessibi·
967 1350 998 1406 in
1014 1352 1104 1407 Deum
1120 1356 1148 1407 et
1161 1351 1191 1407 in
1208 1352 1355 1409 Christum
1377 1351 1448 1420 ejus,
1462 1369 1548 1423 quoru
1566 1354 1654 1408 [leam
1675 1359 1704 1409 et
1718 1355 1816 1409 homi·

10 1452 12 1505 ζ
64 1441 120 1495 lem
139 1439 235 1493 lucem
263 1439 414 1494 infirmitas
439 1440 532 1495 carnis
551 1440 625 1495 ferre
651 1442 769 1510 valeret,
794 1441 849 1497 nisi
863 1457 913 1497 ea·
966 1441 1816 1513 nemreracitercredimuseumqueDeumetlleiFilium

64 1527 128 1583 dem
151 1529 216 1581 Vita
230 1543 315 1582 carne
330 1542 360 1582 se
381 1528 498 1594 volarat,
519 1544 571 1599 per
593 1529 804 1600 oppositionem
819 1531 913 1584 carnis
968 1543 1029 1582 esse
1056 1528 1259 1598 prophetarum
1289 1533 1449 1582 vestrorum
1474 1525 1510 1565 ²⁶⁶
1534 1529 1708 1584 testimoniis
1737 1545 1816 1583 com-

64 1619 237 1671 monstraret
253 1615 336 1670 nobis
350 1616 443 1671 lucem
459 1616 587 1682 Deitatis,
608 1614 782 1688 quod'quast
794 1619 854 1690 jam
874 1619 949 1703 ιη
968 1615 1155 1687 probavimus
1182 1613 1227 1669 θ’.
1258 1617 1375 1671 Petrum
1402 1632 1469 1671 uero
1491 1622 1519 1670 et
1545 1617 1704 1672 iohannem
1730 1625 1816 1689 atque

64 1709 140 1758 ctum
158 1703 253 1758 Esaias
265 1701 302 1740 ’θ’
312 1710 379 1758 ante
388 1703 540 1774 praedixit:
556 1705 749 1759 Habituatibus
766 1708 795 1759 ia
806 1707 914 1774 reqione
968 1703 1121 1760 llartiuum
1135 1719 1195 1758 non
1207 1702 1356 1771 demones,
1371 1709 1416 1759 set
1428 1703 1593 1776 expulsores
1607 1702 1764 1759 demonum
1780 1704 1816 1759 fi-

64 1792 167 1846 amdrae
176 1794 281 1859 mortis,
295 1792 345 1846 lau
351 1797 413 1847 orta
422 1796 462 1847 est
471 1794 510 1847 eis
522 1794 589 1860 (lsa.
604 1808 641 1859 rx,
655 1793 692 1863 i).
705 1795 783 1848 lianc
793 1809 862 1864 ergo
872 1794 914 1848 lu·
941 1859 947 1870 Ι
967 1791 1069 1846 delitor
1082 1792 1263 1856 confitemur,
1285 1796 1314 1846 et
1329 1793 1383 1848 hoc
1397 1807 1496 1846 verum
1517 1808 1578 1846 esse
1603 1793 1689 1846 certis
1703 1791 1817 1846 indiciis

65 1895 124 1934 rem
143 1884 267 1950 uterque
281 1880 366 1935 Jacob
380 1884 409 1934 et
425 1880 518 1934 Esaias
531 1895 589 1934 nou
601 1881 798 1951 corporalibus
812 1880 912 1949 oculis,
968 1895 1060 1945 usque
1080 1879 1165 1934 hodie
1179 1880 1333 1948 cernimus,
1350 1896 1408 1935 non
1423 1880 1453 1934 in
1468 1881 1509 1935 ais
1525 1895 1604 1951 spem
1621 1885 1748 1935 nostram
1762 1897 1818 1951 po-

66 1973 107 2022 set
119 1967 321 2039 spiritualibus
335 1968 414 2023 vidit.
431 1970 522 2039 Atque
541 1983 573 2022 ex
588 1968 757 2023 bacrisione
772 1969 802 2024 in
816 1986 913 2024 vacem
968 1972 1079 2033 nentes,
1096 1972 1139 2022 set
1155 1984 1235 2039 spem
1250 1973 1378 2022 nostram
1392 1969 1468 2039 apud
1497 1970 1588 2023 Deum
1608 1984 1710 2023 eorum
1725 1968 1818 2023 inter-

66 2055 251 2111 exaltatiouis
266 2057 387 2110 alter²⁸³
407 2072 508 2111 eorum
519 2057 692 2128 prorumpit,
710 2057 829 2112 dicans:
849 2057 915 2115 Vidi
967 2054 1144 2110 cessionibus
1170 2056 1414 2110 commendantes.
1443 2055 1525 2120 Quod
1552 2071 1620 2110 vero
1651 2055 1723 2112 dixit
1746 2072 1753 2109 :
1781 2057 1819 2111 Ia

65 2144 209 2198 dominam
233 2144 306 2210 facie
331 2143 481 2211 adfaciem
501 2147 526 2198 et
550 2145 629 2199 salua
654 2147 731 2213 suctu
754 2149 793 2200 est
820 2147 915 2200 ocimo
967 2144 1091 2198 omnibus
1108 2144 1172 2199 locis
1201 2145 1301 2215 teqitar
1323 2146 1392 2198 Deus
1420 2145 1505 2199 lsrael
1530 2149 1555 2198 et
1578 2159 1632 2198 aaa
1659 2146 1730 2199 Deae
1752 2158 1818 2211 qaa-

65 2247 131 2286 men.
160 2222 344 2287 l'utellexerat
369 2231 446 2286 enim
472 2232 562 2287 Deum
587 2233 691 2287 dixisse
716 2233 750 2288 ad
775 2233 912 2305 lloysen:
969 2234 1046 2291 tiam,
1062 2231 1208 2286 retollitte
1225 2232 1365 2303 Deosper
1388 2231 1487 2295 llarid,
1510 2230 1608 2286 dicens
1631 2230 1665 2287 ad
1693 2231 1816 2286 Filium:

66 2321 121 2376 lim
139 2322 215 2374 euim
227 2319 331 2374 uidebit
344 2336 385 2375 me
408 2322 485 2375 bomo
507 2324 533 2375 et
547 2322 637 2376 uivere
656 2326 745 2391 potest
758 2341 767 2390 ·,
782 2322 864 2393 quasi
879 2323 913 2377 de
968 2321 1078 2375 Postula
1093 2335 1173 2386 ame,
1188 2324 1213 2374 et
1228 2319 1298 2374 dabo
1312 2320 1364 2374 tibi
1381 2325 1471 2387 quates
1495 2319 1680 2374 hereditatem
1700 2324 1819 2375 tuamet

67 2408 156 2463 salute
176 2406 282 2461 ammae
306 2423 366 2463 suaa
390 2408 577 2479 desperasset,
594 2407 619 2462 si
642 2424 700 2463 non
724 2425 775 2481 per
790 2411 914 2481 prophe·
966 2410 1160 2478 possessionem
1193 2412 1269 2462 tuam
1303 2410 1431 2462 terminos
1468 2411 1546 2463 terrae
1574 2406 1657 2479 (Psoi.
1695 2423 1726 2474 ιι,
1760 2407 1817 2478 8);

66 2495 111 2550 tire
124 2495 296 2564 mysterium
316 2493 352 2532 ¹⁰⁸
367 2496 468 2561 iterun,
496 2496 547 2568 qui
562 2496 598 2551 ab
619 2496 736 2551 bomine
751 2497 842 2552 rideri
856 2514 914 2552 uon
968 2495 1103 2567 idemque
1127 2496 1162 2550 ad
1182 2496 1328 2550 Abraham
1345 2511 1352 2550 :
1378 2497 1413 2550 la
1435 2498 1536 2551 semine
1559 2500 1605 2549 tua
1631 2494 1819 2550 benedicentur

10 2618 13 2631 =
68 2588 188 2656 poterat,
222 2599 273 2655 per
308 2585 534 2655 assumptionem
577 2585 671 2639 carnis
703 2585 794 2640 rideri
831 2603 915 2658 posse
969 2598 1058 2638 omues
1086 2583 1174 2638 tribas
1204 2587 1283 2638 terrae
1307 2581 1384 2653 (dea.
1411 2598 1467 2648 ιιι,
1498 2583 1557 2649 18).
1588 2581 1617 2637 si
1637 2597 1704 2636 vero
1720 2587 1819 2652 gantas

10 2672 12 2677 ’
67 2678 262 2744 cognosceret.
281 2673 359 2729 Unde
373 2673 442 2745 quia
463 2673 543 2739 vidit,
560 2674 717 2729 clamavit:
739 2675 806 2731 Vidi
827 2678 915 2731 Dami-
969 2671 1116 2726 hereditas
1140 2671 1188 2725 liei
1219 2674 1295 2738 sant,
1323 2670 1429 2738 nescio,
1457 2669 1581 2741 qualiter
1604 2685 1664 2723 non
1687 2669 1724 2723 sit
1744 2670 1820 2725 Deus

67 2777 127 2817 aum
140 2763 217 2829 faeie
239 2761 277 2816 ad
295 2762 407 2828 satiem,
423 2766 448 2817 et
467 2763 546 2818 salua
567 2765 645 2830 sacta
666 2766 708 2818 eat
729 2765 822 2818 anima
844 2780 913 2831 mea,
969 2775 1080 2827 earum,
1095 2759 1177 2830 cujus
1198 2758 1343 2814 hereditas
1360 2763 1436 2814 suut.
1457 2759 1490 2813 ln
1515 2758 1570 2814 hoa
1590 2773 1726 2830 namque,
1743 2758 1818 2830 quod

69 2849 176 2905 atinde
192 2864 273 2920 spem
289 2849 389 2905 salutis
408 2849 581 2921 assumpsit3
603 2850 677 2906 unde
692 2867 745 2922 per
760 2857 914 2923 assumptae
969 2847 1022 2903 sub
1053 2847 1238 2919 requisitione
1263 2846 1354 2905 nostri
1382 2863 1481 2902 sensus
1503 2845 1635 2913 innectis,
1660 2861 1819 2901 memorem

68 2936 249 2993 mortalitatis
264 2938 399 3008 speciem,
417 2938 548 3004 satutem,
569 2938 815 3010 exspectationem
831 2956 914 2995 mun·
931 2919 951 2976 C
970 2935 1033 2991 fieri
1048 2935 1203 2990 Dominum
1218 2935 1382 2991 tastamenti
1397 2934 1451 3003 sni,
1469 2934 1559 3001 verbi,
1581 2934 1657 3006 quod
1672 2933 1821 2990 mandavit

69 3025 104 3094 di,
131 3040 186 3097 per
209 3026 302 3080 carnis
323 3042 382 3080 sure
410 3026 611 3096 probationem
632 3032 781 3082 venturam
808 3029 915 3083 mundo
970 3024 1093 3079 inmillo
1112 3023 1322 3095 generationes,
1348 3024 1425 3096 quod
1441 3023 1583 3096 disposuit
1603 3022 1640 3078 ad
1662 3022 1819 3088 Abrabam,

69 3114 213 3184 cognorit.
231 3113 308 3178 Quod
320 3115 408 3169 etiam
417 3114 447 3169 in
463 3115 662 3170 benedictione
675 3116 800 3171 liliorum
811 3118 915 3188 praedi·
969 3112 1162 3184 propinquius
1185 3117 1237 3167 tuo
1262 3117 1361 3167 noster
1385 3128 1485 3167 sensus
1515 3111 1629 3167 veritati
1654 3112 1817 3166 concordat.

69 3200 158 3256 cando
180 3202 329 3273 expressit,
351 3202 472 3258 dicens:
497 3204 557 3258 Noa
571 3204 712 3269 animetur
725 3211 860 3274 sceptrum
882 3206 916 3260 de
970 3201 1119 3266 Quomodo
1144 3199 1190 3255 uic
1210 3199 1374 3272 intellegis:
1399 3202 1430 3255 in
1452 3201 1526 3256 mille
1547 3201 1765 3267 pancratiastas?
1790 3199 1820 3255 Si

68 3285 145 3340 luda
163 3291 191 3341 et
212 3285 272 3340 dau
285 3286 319 3341 de
336 3288 484 3354 semoribus
501 3287 568 3356 ejas.
584 3286 769 3342 maecumiat
788 3291 837 3357 qai
850 3291 914 3343 mit·
970 3289 1090 3359 replices
1113 3289 1314 3360 generationes
1334 3288 1370 3343 ab
1386 3287 1502 3343 exordio
1524 3287 1636 3356 mundi,
1663 3303 1723 3342 non
1740 3286 1819 3342 inve·

69 3374 223 3442 tmdaasest,
243 3375 341 3444 etipse
358 3373 588 3444 eriteaspeatatio
615 3378 734 3442 qratiam
751 3376 826 3443 (Geir.
842 3393 914 3447 xcix,
969 3377 1031 3431 nies
1044 3376 1133 3431 milla.
1151 3376 1198 3432 Set
1223 3376 1290 3448 quia
1314 3375 1344 3430 in
1368 3375 1524 3447 scripturis
1548 3374 1637 3430 sacris
1663 3391 1739 3447 soepe
1754 3375 1819 3431 lini·

71 3463 122 3534 to.)
143 3463 185 3518 lte
202 3479 259 3534 quo
275 3462 363 3518 etiam
391 3462 484 3518 Esaias
503 3463 567 3517 ait:
590 3463 678 3532 Super
701 3479 779 3532 quem
798 3467 915 3519 contiue-
968 3470 1030 3519 tum
1045 3481 1096 3536 pro
1111 3463 1224 3520 inlicito
1239 3464 1369 3536 ponitur,
1396 3464 1475 3518 mille
1498 3463 1699 3534 generationes
1720 3479 1820 3519 omnes

70 3549 131 3605 trmt
144 3564 222 3617 reqes
236 3564 265 3605 os
279 3564 357 3604 raam
371 3552 435 3620 (lea.
447 3565 495 3616 ιιι,
505 3549 550 3621 15)
567 3552 675 3620 3ipsam
684 3555 774 3618 qmtes
788 3550 916 3620 depreca-
968 3553 1167 3624 generationes
1185 3552 1358 3625 accipiendae
1383 3556 1459 3618 sunt,
1483 3557 1516 3608 ut
1542 3558 1751 3624 consequenter
1772 3569 1821 3608 aa·

70 3636 837 3710 tirrannidem).Nuncquiawcontradicistadee
848 3656 915 3707 ;cur
969 3656 1034 3695 rum
1049 3640 1085 3694 sit
1094 3640 1292 3711 juramentum
1308 3639 1343 3694 ad
1366 3638 1510 3694 Abraham
1530 3638 1714 3711 dispositum,
1742 3640 1820 3711 quod

10 3778 15 3791 ‚
69 3740 147 3781 rocas
161 3742 216 3781 nos
229 3727 394 3781 animalia?
409 3728 476 3781 Ecce
491 3743 545 3782 nos
563 3726 700 3781 animalia
718 3726 789 3798 eJus,
806 3727 841 3781 de
856 3744 914 3799 quo
968 3732 998 3782 ia
1021 3731 1120 3783 semiae
1145 3732 1189 3783 tua
1213 3727 1403 3784 benedicentur
1423 3741 1512 3782 omues
1536 3732 1641 3796 quates,
1665 3727 1694 3782 id
1724 3732 1766 3782 est
1790 3728 1819 3783 in

10 3832 12 3849 ¹
71 3811 138 3868 dixit
164 3813 302 3869 Abacuc:
322 3815 353 3868 lu
378 3814 467 3869 medio
489 3813 574 3869 daim
597 3814 760 3869 animalium
775 3828 913 3882 cognosce·
969 3817 1091 3873 Christo.

71 3904 116 3958 rie.
130 3901 207 3969 Nun,
223 3905 255 3956 ut
265 3907 297 3958 tu
316 3901 504 3974 improperas,
519 3902 667 3970 hiscimus,
687 3906 730 3958 set
744 3906 775 3957 ut
795 3901 916 3957 rationa-

776 4079 895 4135 vthAE
913 4079 1111 4136 brettones.

103 4251 205 4310 moon
222 4256 257 4309 ab
277 4256 491 4313 Ecldaa'aserta.
529 4256 565 4292 ¹⁶¹
582 4249 673 4314 niae
710 4255 896 4313 ²⁶²easaiasc
933 4259 1064 4314 ¹⁸⁸atiter
1080 4263 1102 4314 t.
1139 4257 1177 4295 ¹⁶⁸
1196 4259 1433 4318 testimoniuml.
1471 4259 1510 4297 ’θ’
1528 4261 1568 4335 qd
1586 4279 1610 4319 c.
1649 4261 1687 4299 Μ
1709 4270 1821 4320 restra·
1887 4235 1891 4241 ²

80 4337 172 4381 mute.
211 4328 458 4399 mcumprob.c.

246 5587 388 5660 Parnon.
414 5591 501 5660 ctu.
