3878 6112
89 206 158 258 tuta

623 203 828 261 BURCHARDI
847 203 1113 260 wouutacleusu‘
1131 201 1302 259 errscort.

1773 203 1840 255 turn

90 330 154 386 Car.
171 330 229 386 vll.
244 361 278 370 -
296 328 373 395 uasa
390 331 507 401 spiritus
518 345 572 385 non
586 330 766 385 tertiuaaitia
780 330 973 386 substantiah
993 333 1020 384 et
1035 329 1128 400 ipsam
1147 326 1351 383 mortalitatem
1374 325 1477 393 carnis,
1505 323 1597 397 gloria
1623 324 1842 380 resurrectionis

288 402 414 468 mininie,
430 407 461 457 at
475 403 589 473 quidam
603 403 756 471 affirmant·

126 505 233 577 (idem.)
250 508 311 561 Nou
328 512 371 561 cst
390 507 491 562 tertius
505 507 535 561 in
556 507 716 562 substantia
737 506 862 561 hominis
881 505 938 577 spi-

91 593 164 648 ritus
190 602 222 649 ut
251 597 387 667 llydimus
419 596 577 663 contendit,
603 597 651 650 sed
672 596 789 667 spiritus
815 596 876 667 ipse
899 598 941 648 est

92 684 198 739 anima.
215 685 401 738 animarem
421 702 473 756 pro
493 685 616 756 spiritali
632 693 745 750 natura,
762 686 804 738 rel
830 703 881 756 pro
906 701 939 740 eu

92 773 168 844 quod
185 772 273 843 spiret
293 774 323 827 iu
345 790 473 845 corpore,
497 775 615 844 spiritus
636 780 679 829 est
699 776 852 845 appellata.
868 775 939 829 Ani-

92 876 169 915 mam
185 877 251 915 uero
266 877 298 915 ex
321 878 354 916 eo
377 863 473 916 vocari
495 862 573 934 quod
598 864 634 917 ad
657 864 858 918 viviticaudum
881 863 941 917 ani·

91 956 189 1003 matur
201 953 230 1003 et
243 967 359 1021 corpus.
376 951 502 1005 Tertium
523 968 600 1019 vero,
617 953 666 1022 qui
680 953 715 1006 ab
727 953 862 1024 Apostolo
875 969 939 1007 curu

93 1053 213 1108 corpore
230 1043 257 1092 et
270 1038 366 1093 anima
380 1039 527 1094 inducitur
548 1040 675 1111 spiritus,
702 1042 823 1111 gratiam
851 1041 942 1095 sancti

92 1125 214 1197 Spiritus
229 1127 460 1199 intelligendum,
485 1144 574 1199 quam
595 1133 658 1183 orat
672 1131 824 1200 Apostolus
844 1136 877 1183 ut
895 1129 939 1184 in·

93 1217 173 1282 tegra
199 1218 362 1282 perseveret
392 1215 421 1268 in
451 1215 544 1281 uobis,
575 1233 627 1271 uec
657 1222 754 1270 nostru
783 1217 862 1285 vitio,
892 1223 942 1272 aut

91 1299 250 1369 minuatur,
277 1307 326 1356 aut
349 1302 466 1374 fugetur
485 1321 501 1357 a
520 1305 604 1359 nobis
620 1321 626 1360 :
644 1306 711 1377 quia
727 1306 848 1378 Spiritus
872 1322 940 1360 san-

91 1391 154 1442 ctus
168 1388 328 1460 disciplinae
342 1392 460 1462 effugiet
473 1392 583 1448 lictum.

92 1475 156 1531 Car.
171 1477 241 1531 vlll.
258 1508 293 1519 -
316 1479 392 1544 Quod
406 1483 475 1535 Deus
499 1485 571 1536 sicat
595 1499 628 1536 en
648 1485 735 1538 nitiito
759 1485 828 1538 bona
850 1486 941 1551 facem

124 1551 451 1616 putrefactionem
470 1567 519 1621 per
542 1556 739 1610 incarnationis
761 1571 817 1610 suae
840 1561 938 1624 myste-

127 1620 210 1684 rium,
226 1622 308 1673 etiam
326 1621 438 1690 perdita
456 1623 525 1679 borea
540 1630 690 1692 reparavit.

129 1706 219 1775 (Greq.
236 1709 266 1761 iu
284 1711 342 1762 suis
364 1711 535 1779 Marattbas.)
560 1712 747 1783 Omnipotens
772 1715 846 1768 Deus
868 1713 941 1769 sicut

93 1807 128 1846 ex
148 1793 238 1848 nihilo
260 1795 335 1849 bona
358 1790 451 1852 lacar'e
472 1799 575 1868 patuit,
600 1800 649 1866 ita,
675 1818 739 1854 cum
764 1803 865 1869 uoluit,
889 1817 941 1871 per

93 1878 299 1936 incarnationis
324 1900 383 1938 sue
414 1887 581 1957 mysterium
614 1889 699 1942 etiam
729 1889 841 1960 perdita
865 1889 941 1943 bona

93 1971 248 2040 reparavit.
267 1972 341 2026 Duas
356 1989 422 2028 vero
438 1974 472 2029 ad
496 1975 714 2046 intelligendum
742 1994 772 2031 se
796 1983 941 2032 creaturas

10 2057 13 2060 ⁴
92 2055 208 2125 iecerat,
225 2061 384 2129 angelicam
398 2062 540 2127 videlicet,
556 2071 586 2118 et
598 2065 766 2120 humanam.
784 2067 940 2136 Utramque

92 2162 159 2201 reru
174 2148 308 2218 superbia
322 2152 456 2222 perculit,
479 2156 564 2223 atque
585 2153 621 2208 ab
644 2159 719 2209 statu
741 2155 878 2225 ingenitae
895 2171 939 2209 re-

93 2235 239 2290 ctitudinis
253 2238 338 2309 fregit
353 2255 360 2293 ε
378 2241 428 2295 sed
444 2257 502 2295 rane
516 2247 631 2312 tegmen
647 2243 739 2297 caruis
758 2243 868 2310 habuit,
885 2245 942 2298 elia

92 2339 160 2378 vera
175 2325 213 2380 nil
228 2327 377 2382 inermum
395 2329 429 2383 de
451 2345 536 2384 carne
560 2333 688 2401 gestavit.
710 2332 835 2402 Angelus
857 2349 938 2386 nam·

94 2428 149 2484 que
162 2415 345 2470 solummodo
369 2417 487 2488 spiritus
501 2435 507 2472 :
523 2418 611 2473 homo
626 2435 704 2487 uero,
724 2424 751 2474 et
770 2420 899 2492 spiritus,
913 2425 942 2475 et

94 2517 169 2555 caro.
187 2502 319 2558 blisertus
333 2520 402 2577 ergo
421 2511 533 2562 creatur
559 2513 590 2562 at
613 2508 777 2578 redimeret,
804 2509 883 2563 illam
905 2510 940 2564 ad

94 2605 124 2643 se
148 2589 248 2645 debuit
271 2592 416 2660 reducere,
446 2611 532 2667 quam
558 2596 588 2650 iu
610 2597 824 2667 perpetratione
848 2599 940 2668 culpe

94 2694 127 2732 ex
141 2678 309 2735 infirmitate
326 2682 434 2754 aliquid
450 2690 562 2738 constat
577 2685 711 2740 habuisse
728 2691 779 2741 :et
802 2703 835 2740 eo
856 2687 941 2742 ultius

94 2766 194 2822 debuit
221 2774 378 2839 apostatam
407 2774 543 2842 angelum
568 2774 718 2844 repellere,
747 2792 804 2843 que
832 2792 896 2829 cnm
924 2792 941 2830 a

92 2857 264 2926 persistendi
293 2858 462 2915 tortitudine
500 2863 622 2929 corruit,
655 2864 695 2918 nit
728 2865 878 2919 infirmum
906 2880 939 2918 ex
960 2888 1377 2969 chammindemptosamtis

93 2960 177 2999 carue
194 2948 322 3015 gestavit.
346 2949 426 3004 Unde
441 2954 470 3004 et
490 2956 566 3005 recte
583 2952 731 3007 Psalmista
749 2968 814 3007 cum
836 2953 940 3007 miser-

91 3039 153 3088 tum
169 3035 380 3107 redemptorem
404 3038 569 3093 hominibus
584 3040 699 3104 diceret,
716 3042 807 3111 ipsam
825 3057 940 3113 quoque

92 3139 207 3180 causam
229 3126 434 3181 misericordiae
458 3129 606 3198 expressit,
631 3130 728 3184 diceus
748 3131 807 3184 :Et
831 3146 940 3184 inemo-

92 3217 171 3267 ratus
192 3217 236 3267 est
256 3214 324 3283 qnia
348 3230 414 3268 caro
429 3221 505 3269 sunt.
523 3221 563 3270 Ac
577 3217 601 3270 si
615 3217 722 3272 diceret
738 3234 745 3271 :
761 3218 822 3282 Quo
839 3234 940 3272 eoram

91 3300 207 3354 infirma
221 3300 302 3368 vidit,
320 3318 354 3354 ea
369 3302 496 3358 districte
509 3304 608 3374 culpas
622 3305 726 3374 punire
742 3306 844 3360 noluit.

92 3387 156 3446 Car.
178 3389 219 3444 lx.
245 3419 278 3430 -
301 3390 377 3456 Quod
401 3392 474 3446 Deua
498 3397 552 3447 tres
575 3395 671 3447 uitales
691 3397 807 3463 spiritus
827 3402 939 3461 crearet,

127 3475 211 3514 unum
225 3463 275 3531 qui
288 3477 372 3516 carne
386 3478 439 3516 οοο
459 3468 603 3533 tegeretur,
619 3464 701 3519 atium
728 3468 777 3535 qai
799 3482 880 3521 cumae
902 3472 940 3521 te·

127 3536 245 3600 peretur,
271 3532 321 3586 aad
349 3547 401 3586 non
425 3549 485 3588 cum
512 3550 594 3589 carrae
619 3541 774 3590 mereretur.
808 3538 938 3602 Tertium,

127 3604 177 3672 qai
191 3617 273 3657 carne
286 3608 433 3672 tegeretur,
450 3616 478 3677 ec
490 3621 550 3659 cam
563 3621 644 3660 carue
657 3613 814 3662 moreretur.

128 3690 312 3760 (audranno
328 3691 421 3763 tiraq.)
446 3693 557 3749 liabent
578 3694 666 3749 etiam
689 3695 820 3751 infideles
841 3696 939 3763 tidem,

92 3778 142 3833 sed
157 3779 266 3834 utinam
282 3779 312 3833 in
328 3782 427 3836 licum.
444 3781 535 3846 Quam
551 3782 574 3836 si
592 3782 692 3853 utique
708 3784 858 3851 haberent,
875 3784 940 3840 iufl-

92 3866 170 3922 deles
189 3884 247 3923 uou
272 3875 377 3924 esseut.
401 3869 456 3925 Sed
480 3869 547 3925 hinc
571 3871 600 3925 in
625 3887 676 3925 saa
698 3873 818 3942 pertidia
842 3873 939 3927 redar-

93 3955 200 4028 guendi
212 3961 290 4020 sunt,
308 3957 375 4013 hinc
390 3959 424 4012 ad
435 3957 502 4014 fidei
517 3960 640 4030 gratiam
662 3961 836 4030 provocandi
851 3978 857 4016 :
873 3962 941 4033 quia

92 4044 116 4099 si
132 4044 166 4100 de
178 4045 241 4116 ipso
253 4062 305 4100 suo
320 4046 426 4101 visibili
441 4063 560 4119 corpore
580 4050 699 4105 creduut
722 4052 797 4122 quod
822 4050 941 4106 minime

995 419 1152 485 absorbeat,
1178 423 1207 472 et
1230 417 1399 472 inhaerendu
1422 416 1546 486 spiritui,
1571 430 1637 470 caro
1661 419 1792 468 serretur
1814 416 1842 468 in

993 516 1164 581 perpetuum
1183 524 1189 561 :
1206 507 1274 578 quia
1289 506 1350 576 ipse
1365 505 1481 576 spiritus
1497 505 1667 559 inhaerendo
1689 505 1769 557 carni
1786 519 1842 556 ser·

994 602 1077 651 vatur
1095 596 1124 651 in
1145 598 1247 652 Deum.
1274 594 1342 660 Quae
1369 599 1465 648 tamen
1488 610 1555 649 caro
1580 593 1692 648 nonin
1718 593 1843 663 reprobis

994 685 1068 739 inter
1091 684 1231 754 supplicia
1253 683 1378 752 perfecte
1401 681 1519 736 delicit:
1542 681 1610 752 quia
1633 696 1751 751 semper
1771 680 1842 734 deil-

994 773 1095 827 ciendo
1120 770 1259 838 subsistit,
1285 775 1316 823 ut
1340 768 1389 841 qui
1418 769 1520 841 spiritu
1548 774 1575 822 et
1600 785 1687 823 carue
1714 784 1843 839 peccare·

993 867 1071 928 runt,
1106 875 1221 930 semper
1249 858 1440 912 essentialiter
1473 858 1609 925 virentes,
1644 862 1674 911 et
1704 873 1792 912 earne
1818 862 1843 911 et

994 950 1107 1021 spiritu,
1124 948 1184 1002 siue
1196 949 1254 1003 fine
1270 947 1440 1002 moriautur.

1057 1056 1121 1111 Car.
1137 1057 1167 1110 x.
1184 1087 1219 1096 -
1234 1055 1313 1121 Quod
1329 1055 1406 1110 trama
1419 1057 1449 1108 in
1463 1056 1555 1122 perimo
1568 1053 1725 1109 conditione
1739 1067 1791 1107 sua

1214 1128 1298 1182 libero
1311 1127 1426 1181 arbitrio
1441 1126 1556 1179 donatus
1572 1127 1618 1179 sit.

1031 1216 1163 1285 (August.
1177 1215 1246 1270 dicit
1261 1218 1290 1269 iu
1303 1216 1373 1270 titre
1397 1214 1429 1269 de
1450 1215 1570 1268 Ciuitate
1591 1214 1640 1267 liei
1663 1212 1685 1281 t)
1710 1210 1843 1265 Libertati

994 1303 1106 1359 arbitrii
1120 1303 1163 1357 sui
1179 1304 1350 1358 commissus
1374 1308 1418 1357 est
1438 1303 1525 1357 homo
1546 1301 1639 1356 statim
1667 1301 1766 1371 prima
1781 1316 1842 1353 con·

994 1393 1114 1460 ditione,
1140 1397 1172 1447 ut
1190 1393 1251 1447 sola
1274 1392 1423 1462 uigilantia
1448 1391 1552 1445 mentis
1573 1390 1735 1452 adnitente,
1761 1389 1841 1443 etiarn

993 1487 1128 1554 percepta
1149 1482 1288 1547 custodia,
1304 1486 1511 1552 perseveraret,
1525 1481 1550 1534 si
1565 1480 1660 1546 vellet,
1679 1479 1710 1533 in
1726 1479 1755 1533 id
1771 1478 1843 1549 quod

955 1577 1106 1662 Bcreatus
1119 1570 1222 1627 iuerat.
1248 1572 1403 1642 Postquam
1426 1586 1492 1624 vera
1514 1568 1682 1624 seductione
1706 1567 1844 1639 serpente

996 1675 1046 1730 per
1070 1661 1156 1714 Evam
1181 1660 1283 1714 cecidit
1305 1675 1322 1713 a
1347 1666 1455 1713 nature
1478 1659 1563 1725 bono,
1586 1656 1717 1728 perdidit
1738 1656 1845 1727 pariter

995 1749 1124 1819 vigorem
1152 1747 1275 1815 arbitrii,
1297 1763 1355 1802 non
1382 1752 1479 1802 tamen
1503 1745 1675 1801 electionem
1702 1760 1767 1799 :ne
1787 1760 1843 1798 nou

994 1843 1068 1892 esset
1082 1853 1167 1891 suum
1190 1838 1265 1908 quod
1290 1836 1456 1891 emendaret
1478 1839 1637 1906 peccatum.
1664 1849 1719 1888 nec
1743 1833 1842 1887 merito

994 1926 1194 1997 indulgeretur
1208 1926 1284 1998 quod
1301 1925 1421 1980 arbitrio
1445 1924 1583 1979 diluisset.
1611 1923 1708 1977 hauet
1723 1938 1790 1992 erga
1808 1921 1840 1976 ad

994 2016 1116 2070 salutem
1131 2015 1242 2070 arbitrii
1256 2013 1384 2081 libertas,
1407 2013 1436 2068 id
1458 2017 1507 2074 est.
1525 2011 1677 2066 rationalis
1702 2009 1840 2075 voluntas,

993 2103 1043 2159 sed
1067 2103 1241 2158 admonente
1265 2103 1346 2174 prius
1361 2103 1430 2167 Deo,
1447 2107 1474 2155 et
1490 2100 1628 2155 invitante
1654 2099 1690 2153 ad
1711 2099 1839 2164 salutem,

995 2197 1027 2247 ut
1041 2193 1085 2247 vel
1104 2192 1201 2263 eligat,
1218 2193 1262 2245 vel
1278 2197 1424 2262 sequatur,
1449 2189 1492 2243 uel
1517 2193 1583 2259 agat
1607 2187 1788 2242 occasionem
1802 2204 1840 2240 sa·

994 2282 1070 2343 lutis.
1087 2281 1209 2344 houset,
1234 2279 1454 2351 inspirationem
1478 2278 1537 2332 Dei.
1564 2279 1600 2333 Ut
1621 2281 1719 2331 antem
1743 2293 1840 2330 eonse-

995 2374 1100 2441 quatur
1114 2369 1192 2440 quod
1209 2369 1298 2437 eligit,
1314 2368 1357 2422 vel
1373 2365 1449 2438 qaod
1466 2367 1606 2437 sequitur,
1629 2365 1674 2418 vel
1698 2364 1775 2436 quod
1798 2380 1841 2416 oc-

994 2458 1106 2512 casione
1136 2456 1205 2528 agit,
1235 2457 1285 2511 Dei
1311 2472 1372 2510 esse
1398 2454 1487 2510 libere
1514 2453 1699 2510 confitemur.
1728 2452 1843 2508 luitium

994 2563 1063 2616 ergo
1093 2546 1193 2600 salutis
1221 2551 1327 2600 nostre
1356 2546 1414 2599 Deo
1438 2544 1592 2599 miserante
1614 2542 1757 2597 habemus
1785 2559 1791 2597 :
1814 2547 1845 2594 ut

994 2635 1209 2707 acquiescamus
1231 2635 1385 2688 salutiferae
1415 2632 1607 2704 inspirationi,
1630 2639 1738 2686 nostrae
1764 2636 1844 2702 pote·

994 2725 1075 2780 atatis
1097 2730 1140 2778 est
1165 2728 1222 2779 :ut
1246 2722 1442 2793 adipiscamur
1464 2721 1540 2793 quod
1564 2721 1775 2791 acquiescendo
1794 2719 1842 2772 ad-

995 2812 1148 2868 monitioni
1163 2812 1304 2882 capimus,
1321 2811 1411 2866 divini
1435 2817 1478 2865 est
1503 2810 1639 2864 muueris.
1669 2810 1704 2864 Ut
1728 2825 1787 2863 nou
1808 2809 1843 2861 la·

1398 2913 1517 2953 munere
1533 2895 1724 2951 solicitudinis
1739 2899 1842 2948 nostrae

995 2996 1047 3057 est,
1062 2993 1089 3042 et
1103 2987 1225 3043 coelestis
1240 2988 1350 3058 pariter
1369 2985 1515 3058 adjutorii.
1542 2987 1577 3041 Ut
1598 2985 1743 3051 labamur,
1768 2988 1842 3053 pate·

995 3077 1076 3134 atatis
1090 3081 1196 3131 nostrae
1212 3081 1264 3142 est,
1280 3079 1309 3129 et
1323 3075 1454 3147 ignaviae.

995 3186 1060 3241 Car.
1084 3183 1126 3240 xl.
1148 3214 1183 3225 -
1204 3183 1283 3249 Quod
1300 3197 1392 3237 omnes
1417 3183 1545 3247 homines,
1565 3183 1595 3235 in
1616 3181 1841 3249 prevaricatione

1090 3254 1160 3311 Adae
1167 3255 1321 3309 naturalem
1334 3254 1542 3324 possibilitatem
1553 3252 1749 3322 perdidissent.

1031 3346 1092 3412 (Εο
1112 3343 1186 3398 decr.
1208 3343 1347 3398 Coeleetiui
1368 3357 1456 3413 papa,
1478 3344 1567 3411 capite
1589 3340 1626 3410 5.)
1650 3340 1683 3394 lu
1705 3339 1841 3409 prevari-

994 3433 1105 3488 catione
1125 3432 1203 3497 Αοιο,
1219 3446 1320 3485 omnes
1334 3431 1467 3485 homines
1483 3429 1644 3484 naturalem
1667 3427 1841 3498 possibilita-

994 3528 1051 3577 tem
1080 3525 1109 3575 et
1136 3520 1330 3576 innocentiam
1363 3519 1533 3590 perdidisse,
1566 3522 1595 3572 et
1626 3517 1777 3572 neminem
1809 3517 1842 3571 de

994 3611 1138 3682 profundo
1154 3611 1231 3664 itlius
1247 3609 1339 3664 ruinae
1360 3624 1412 3680 per
1434 3608 1557 3664 liberum
1582 3606 1735 3661 arbitrium
1760 3621 1843 3676 posse

994 3715 1176 3772 consurgere,
1193 3699 1246 3752 uisi
1261 3714 1326 3752 aum
1343 3696 1435 3768 gratie
1452 3696 1502 3752 [lei
1522 3694 1686 3751 miserantia
1709 3693 1842 3756 erexerit,

994 3787 1198 3861 pronuntiante
1221 3787 1311 3842 beata
1334 3786 1483 3840 memoriae
1503 3801 1577 3856 papa
1599 3783 1779 3847 Innocentio,
1801 3787 1843 3835 at·

995 3892 1050 3948 que
1066 3876 1177 3931 dicente
1197 3875 1226 3929 in
1250 3874 1371 3944 epistola
1392 3890 1442 3927 sua
1456 3873 1490 3927 ad
1507 3872 1734 3942 Carthagiueuse
1748 3869 1841 3924 coum·

994 3965 1076 4020 liam.
1100 3964 1231 4020 Liberum
1254 3962 1333 4016 euim
1349 3962 1500 4016 arbitrium
1517 3962 1566 4016 ille
1585 3976 1751 4032 perpessas,
1774 3959 1842 4013 ditm

994 4053 1053 4108 suis
1069 4053 1260 4108 inconsultius
1283 4052 1372 4106 utitur
1390 4050 1486 4116 honis,
1502 4049 1608 4104 cadens
1621 4048 1651 4102 iu
1673 4048 1840 4121 praevarica-

92 4133 235 4201 videruut,
251 4151 303 4189 cur
318 4134 476 4191 invisibilia
489 4153 547 4191 non
561 4139 689 4204 credunt,
706 4156 769 4210 quoe
784 4141 976 4222 corporatio
996 4142 1083 4197 tionis
1106 4141 1249 4212 protunda
1275 4141 1423 4195 demersus
1447 4145 1498 4203 est,
1521 4141 1549 4193 at
1567 4137 1638 4192 nihil
1655 4137 1842 4208 quemadmo-

92 4224 136 4277 ter
149 4223 239 4277 videri
250 4239 310 4277 non
326 4224 469 4296 possunt?
485 4226 554 4281 Nam
576 4227 643 4298 quia
663 4231 726 4299 post
742 4233 861 4284 mortem
877 4246 938 4284 car-

92 4310 138 4364 nis
153 4310 228 4366 vivet
241 4312 350 4380 enimn,
369 4317 449 4384 patet
469 4313 551 4378 ratio,
569 4315 616 4369 sed
638 4315 706 4370 fidei
721 4317 854 4372 admixta.
872 4319 939 4373 Tres

93 4400 201 4470 quippe
227 4400 328 4454 vitales
356 4401 474 4470 spiritus
503 4403 609 4457 creavit
643 4405 826 4476 omnipotens
855 4408 938 4461 Deus.

95 4487 187 4541 Unum
204 4486 253 4557 qai
267 4502 352 4541 carue
368 4504 426 4543 uun
440 4488 556 4561 tegitur,
567 4491 654 4545 alium
666 4492 715 4562 qui
726 4509 810 4548 carue
823 4495 938 4565 tegitur,

92 4574 143 4630 sed
171 4590 229 4629 nan
254 4591 319 4630 cum
349 4593 434 4632 carue
459 4579 593 4635 moritur.
630 4581 757 4635 Tertium
782 4586 830 4653 qui
856 4598 941 4638 carne

92 4663 211 4735 tegitur,
226 4669 332 4720 etcum
347 4681 433 4720 carue
456 4667 587 4722 moritur.
613 4669 736 4740 Spiritus
758 4685 882 4741 namque
899 4675 942 4725 est

92 4752 143 4824 qui
168 4768 255 4809 carne
284 4769 340 4808 uon
367 4753 484 4825 tegitur,
515 4757 684 4827 angelorum
711 4773 718 4810 :
747 4757 864 4829 spiritus
890 4757 940 4829 qui

92 4857 177 4896 carue
201 4842 319 4912 tegitur,
339 4843 387 4897 sed
410 4858 476 4898 cum
499 4860 585 4899 carue
609 4861 666 4899 non
690 4847 821 4913 moritur,
847 4847 940 4901 homi·

92 4947 162 4987 num
180 4949 186 4986 ι
203 4931 322 5003 spiritus
337 4931 387 5003 qui
402 4947 487 4986 carue
507 4933 625 5001 tegitur,
646 4938 754 4989 etcum
774 4951 857 4990 carne
876 4952 940 4990 mo·

93 5020 177 5089 ritur,
200 5021 399 5091 jumentorum
424 5020 574 5075 brutorum
599 5022 727 5078 omnium
760 5024 939 5079 animalium.

94 5111 185 5164 llomo
200 5111 298 5181 itaque
314 5109 338 5164 si
350 5110 380 5165 iu
396 5109 491 5165 medio
516 5116 626 5165 creatus
652 5118 704 5177 est,
728 5120 759 5168 ut
782 5118 856 5168 esset
869 5114 940 5169 inte·

93 5197 152 5251 rior
166 5199 278 5270 angelo,
290 5200 423 5271 superior
431 5200 574 5271 jumento.
600 5201 699 5272 ltaque
724 5201 833 5274 aliquid
857 5202 942 5258 habet

94 5301 247 5341 commune
262 5303 327 5342 cum
351 5304 475 5356 summo,
498 5289 608 5361 aliquid
631 5305 784 5345 commuue
802 5307 866 5345 curu
889 5291 942 5346 im·

94 5374 174 5431 fimo.
200 5376 447 5433 Immortalitatem
469 5378 576 5434 scilicet
601 5379 718 5450 spiritus
737 5396 802 5435 cum
827 5381 940 5452 angelo,

95 5465 302 5521 mortalitatem
326 5482 394 5521 vero
419 5467 512 5523 caruis
535 5484 600 5523 carm
619 5470 752 5540 jumento
769 5485 942 5541 :quousque

997 4231 1065 4286 dum
1080 4229 1182 4285 exinde
1197 4245 1314 4301 surgere
1330 4234 1428 4301 posset
1449 4227 1566 4292 invenit,
1590 4242 1701 4297 suaque
1718 4226 1751 4279 iu
1767 4229 1843 4280 aeter·

996 4334 1066 4374 num
1092 4319 1223 4374 libertate
1246 4318 1393 4387 deceptus,
1418 4317 1503 4387 hujus
1524 4314 1615 4369 ruinae
1639 4313 1774 4368 latuisset
1794 4329 1842 4384 op·

995 4423 1105 4480 pressu,
1122 4407 1177 4462 nisi
1197 4422 1262 4461 erim
1288 4411 1351 4477 post
1376 4405 1492 4470 Christi,
1517 4419 1569 4475 per
1594 4418 1646 4456 sua
1670 4403 1775 4474 gratia,
1801 4418 1842 4455 re·

996 4499 1118 4553 levasset
1151 4498 1301 4561 adrentus,
1335 4495 1385 4567 qui
1423 4511 1474 4566 per
1505 4510 1586 4549 nove
1618 4491 1842 4561 regenerationis

995 4584 1236 4658 purificationem,
1264 4599 1350 4638 omne
1378 4582 1518 4653 preteriti
1538 4580 1652 4648 vitium,
1679 4581 1725 4634 sui
1749 4578 1841 4650 bapti-

996 4674 1094 4730 smatis
1106 4675 1218 4728 lavacro
1234 4672 1378 4742 purgavit.

1221 4758 1562 4816 Ciuili-Decedam
1575 4773 1614 4821 re,

1032 4851 1088 4920 (Ea
1109 4850 1181 4906 decr.
1211 4850 1353 4920 ejusdem.)
1383 4848 1463 4914 Quod
1488 4862 1583 4911 nemo,
1607 4846 1664 4900 nisi
1689 4862 1743 4918 per
1765 4847 1841 4903 chri-

996 4943 1081 5006 stum,
1098 4937 1188 4995 libero
1201 4937 1276 4992 hene
1299 4940 1394 4991 utatur
1416 4935 1536 4990 arbitrio
1559 4933 1634 4988 idern
1664 4936 1803 5007 magister
1816 4935 1842 4988 iu

997 5028 1117 5100 epistota
1136 5027 1172 5082 ad
1197 5026 1392 5082 bliteritauum
1415 5023 1567 5079 concilium
1594 5023 1671 5090 data,
1696 5024 1841 5096 praedicat,

997 5116 1094 5171 diceus
1107 5131 1115 5170 z
1130 5115 1252 5171 Adverte
1271 5112 1398 5178 taudem,
1415 5129 1432 5167 ο
1446 5110 1681 5182 pravissimarum
1703 5112 1841 5166 mentium

997 5219 1129 5277 peri-ersa
1155 5201 1293 5267 doctriua,
1318 5201 1394 5273 quod
1422 5200 1549 5272 primum
1576 5198 1726 5253 homiuem
1749 5200 1790 5255 ita
1812 5200 1840 5253 li·

996 5293 1091 5350 bertus
1106 5292 1168 5362 ipsa
1186 5291 1308 5360 decepit,
1325 5296 1357 5343 ut
1369 5290 1438 5343 diam
1458 5287 1658 5359 indulgentius
1676 5288 1770 5342 frenis
1785 5289 1840 5358 ejus

997 5382 1098 5446 utitur,
1121 5381 1152 5436 iu
1173 5378 1437 5451 prevaricationem
1461 5374 1697 5448 presumptionis
1717 5376 1841 5432 concide·

997 5472 1051 5533 ret,
1081 5485 1133 5523 nec
1160 5485 1194 5523 ex
1221 5468 1273 5523 hac
1299 5465 1394 5539 potuit
1416 5466 1490 5530 erui,
1520 5464 1574 5519 uisi
1603 5464 1629 5519 ei
1663 5465 1840 5536 prouidentia
