3878 6112
91 242 142 294 133

923 242 1026 300 ACTA.

1799 249 1850 305 ldl

89 361 161 416 bilia
176 363 252 418 Deus
266 378 319 435 per
333 361 530 418 Confessorem
557 378 640 417 snum
657 368 803 435 operetur,
822 365 943 421 Domino
960 371 982 423 lt
1001 367 1176 438 tegritatem‚
1204 368 1451 441 eleemosynarum
1477 369 1652 442 largitatem,
1678 372 1850 429 humilitatis

88 452 176 522 Papae
197 453 337 524 Engeuio,
352 459 381 507 et
396 453 532 508 Romania
546 452 636 508 curiae
662 455 878 508 nuntiaverunt
909 457 946 509 itt

88 539 132 594 illi
147 541 319 611 gaudentes,
336 547 365 594 et
389 557 441 612 pro
467 547 553 594 tauta
574 541 658 595 famae
687 541 839 596 dulcedine
855 541 943 596 ileum

89 627 294 697 glorificantes,
316 628 350 682 de
365 628 582 682 canonizatione
597 628 688 682 sancti
717 629 802 699 Regis
831 629 944 684 ilenrici

89 723 242 787 coeperunt
255 717 375 771 sollicito
403 733 435 770 ac
447 716 602 787 diligenter
617 718 651 770 ad
668 716 789 770 invicem
804 719 944 785 conferre,

90 813 236 875 quatenus
262 804 292 859 in
325 804 461 876 catalogo
501 805 730 860 conscriberetur
763 805 942 873 Sanctorum,

94 894 146 965 qui
169 893 324 949 virtutihus
338 900 368 949 et
393 895 484 966 signis
503 895 676 967 probaretur
701 901 864 966 assumptus
884 911 945 949 esse

91 982 121 1036 in
138 998 262 1054 regnum
277 984 425 1038 caelorum.
443 983 494 1038 Cui
514 983 724 1038 canonizationi
738 984 856 1055 quidam
875 984 944 1039 Car·

89 1071 208 1137 dinalis,
236 1072 359 1126 loannes
386 1072 516 1139 nomine,
548 1073 636 1143 coepit
656 1071 841 1127 vehementer
868 1072 944 1126 ohsi-

91 1163 179 1225 stere,
199 1163 228 1213 et
240 1160 369 1230 prtg'ecto
384 1159 490 1214 timore
508 1159 568 1224 bei,
586 1161 615 1213 in
640 1160 870 1231 quibuscumque
892 1176 945 1230 po-

998 455 1170 522 custodiam,
1198 457 1338 513 stomata
1354 474 1441 529 opera
1452 459 1575 528 justitiae
1598 475 1690 531 usque
1706 461 1736 516 iu
1759 462 1847 517 linem

1000 545 1064 599 vitae
1091 562 1151 600 sure
1174 562 1240 600 curn
1268 546 1421 601 devotione
1444 563 1558 601 surnnra
1586 550 1750 605 servaverit.
1778 550 1845 617 Sed,

999 633 1225 704 sicutscriptum
1241 639 1307 688 est:
1325 634 1415 688 Nemo
1437 637 1580 706 propheta
1601 642 1734 707 acceptus
1752 643 1796 693 est
1817 639 1848 693 in

999 720 1161 789 patriasua.
1178 722 1226 776 Vir
1244 737 1313 792 ergo
1329 722 1493 792 praedictus,
1523 724 1634 778 defectu
1651 725 1755 780 lumini
1782 741 1848 797 gra·

998 815 1090 875 vatus,
1102 809 1231 879 confugit
1245 809 1281 864 ad
1302 810 1459 881 patrocinia
1472 811 1655 878 Sanctorum,
1689 812 1849 883 deprecans

999 902 1032 951 ut
1046 913 1096 970 per
1111 914 1210 952 eoruin
1236 896 1373 969 sutfragia
1387 898 1494 952 sanitas
1514 899 1568 954 sibi
1584 901 1753 956 restituatur
1777 917 1850 956 ocn-

999 985 1104 1040 lorum.
1124 987 1231 1041 Etcum
1249 1002 1281 1040 ex
1297 987 1395 1041 doloro
1412 986 1552 1042 elleboro
1567 989 1682 1043 assidua
1710 1005 1850 1045 venarum

999 1073 1195 1129 incur-ratione
1210 1075 1345 1144 fatigatus
1356 1075 1464 1142 fnisset,
1478 1078 1611 1132 lassatum
1627 1093 1730 1149 corpus
1747 1094 1849 1134 somno

1000 1169 1151 1234 reparavit.
1178 1162 1229 1216 Cui
1245 1162 1400 1218 dormienti
1414 1164 1442 1218 S.
1474 1165 1678 1237 tt'ottfgaogos
1708 1182 1743 1222 eo
1772 1167 1849 1237 qnod

92 1247 160 1309 tuit,
184 1263 243 1301 non
264 1247 472 1302 verecundatus
494 1252 537 1302 est
563 1249 700 1319 praedicto
717 1248 880 1304 Confessori
900 1249 947 1302 de·
1000 1267 1068 1306 eum
1083 1250 1253 1305 familiarem
1269 1251 1298 1305 in
1328 1252 1508 1307 orationibus
1522 1253 1582 1308 sois
1596 1254 1739 1318 hahuerit,
1758 1270 1850 1325 appe-

93 1335 219 1390 trahere.
236 1335 292 1390 Sed
316 1334 413 1390 divina
438 1336 511 1392 ultio
536 1336 736 1391 detrahentem
763 1335 870 1393 calesti
883 1351 945 1391 ver·
1000 1337 1068 1402 ruit,
1085 1344 1113 1391 et
1140 1338 1181 1394 ait
1201 1337 1228 1392 ei
1244 1353 1251 1391 ε
1267 1338 1323 1393 Ora
1342 1339 1542 1394 confessorem
1558 1341 1661 1396 Christi
1675 1341 1849 1410 heinricum,

94 1426 163 1479 bere
191 1430 311 1495 repento
341 1425 478 1490 coercuit,
509 1425 620 1480 etdum
643 1425 751 1479 famum
780 1424 855 1480 beati
892 1424 947 1479 riri
1001 1430 1029 1479 ct
1047 1425 1232 1492 liberabitis,
1248 1424 1327 1497 qnia,
1343 1427 1420 1497 quod
1436 1428 1499 1498 ejus
1526 1429 1669 1484 sanctitati
1694 1430 1850 1501 derogasti,

95 1515 246 1579 laceraret,
272 1518 397 1584 potestas
421 1513 473 1568 Dei
493 1513 604 1568 lumine
627 1514 776 1568 oculorum
799 1528 865 1566 eum
890 1512 947 1583 pri·
1001 1513 1108 1568 idcirco
1132 1515 1194 1569 haec
1226 1515 1313 1585 plage
1332 1514 1468 1569 caecitatis
1496 1516 1574 1571 uenit
1606 1532 1693 1589 super
1721 1521 1759 1573 te.
1784 1520 1852 1574 Post

95 1603 182 1656 ravit.
203 1604 240 1656 At
250 1602 298 1656 ille
313 1601 387 1656 adeo
411 1617 563 1672 percussos
582 1608 612 1656 et
628 1600 798 1656 humiliatus
813 1601 947 1656 caecitatis
1001 1604 1074 1656 hauc
1094 1603 1234 1657 visionem
1262 1603 1476 1674 expergefactus
1503 1620 1537 1658 ex
1557 1605 1733 1660 conscientia
1754 1606 1853 1661 delicit

94 1689 284 1749 molestiaet
301 1696 399 1745 reatus
425 1691 471 1744 sni
496 1690 672 1763 conscientie
696 1691 783 1761 coepit
802 1689 946 1760 torqueri,
1002 1689 1046 1742 sui
1071 1690 1255 1756 contremuit,
1286 1691 1376 1746 etad
1398 1692 1528 1746 tumbam
1544 1692 1650 1748 Christi
1672 1693 1850 1749 confessoris

94 1783 124 1831 et
152 1777 298 1849 quomodo
321 1778 395 1832 hanc
419 1778 535 1849 plagam
565 1779 594 1832 in
614 1778 812 1834 Confessorern
843 1777 947 1834 Christi
1001 1779 1115 1832 concito
1128 1779 1221 1852 gradu
1232 1784 1261 1832 et
1287 1779 1389 1833 devota
1413 1785 1509 1834 mente
1537 1781 1710 1850 properavit.
1734 1782 1852 1854 Etpro·

93 1866 242 1937 peccando
255 1867 416 1936 meruisset,
436 1867 553 1938 pnhlica
573 1883 639 1921 rocc
669 1866 810 1933 confiteri,
837 1867 879 1938 [et
897 1866 947 1920 nri-
1001 1866 1140 1920 cumbeus
1166 1870 1261 1933 terrae,
1284 1883 1302 1922 a
1325 1867 1492 1922 Confessore
1520 1868 1625 1924 Christi
1662 1870 1795 1939 lacrymis
1823 1876 1852 1925 et

95 1955 210 2009 rumin
242 1955 371 2023 modurn,
394 1970 481 2027 quem
505 1955 586 2026 prius
605 1954 742 2009 dentibus
761 1954 948 2009 detractionis
1001 1955 1145 2025 precihus,
1174 1956 1234 2009 suis
1268 1955 1430 2010 excessibus
1464 1957 1577 2011 veniam
1606 1957 1770 2027 postularit.
1796 1959 1851 2024 Qui

93 2043 442 2114 lacerabathuncimodo
466 2044 599 2105 laudibus
626 2048 654 2097 et
674 2043 827 2114 praeconiis
856 2059 947 2113 usque
1002 2043 1097 2096 statim
1133 2043 1295 2109 exauditus,
1327 2050 1355 2098 et
1382 2044 1511 2115 pristinae
1543 2045 1660 2099 sanitati
1688 2047 1847 2114 restitutus,

93 2134 132 2187 ad
148 2132 243 2187 sidera
268 2133 433 2187 extollebat.
454 2133 613 2187 Conversus
638 2132 735 2203 itaque
751 2133 785 2187 ud
806 2131 948 2202 poeniten-
1002 2131 1161 2201 gratiarum
1189 2132 1315 2187 actiones
1332 2133 1390 2187 fleo
1410 2138 1438 2186 et
1465 2139 1563 2188 sancto
1591 2134 1723 2189 Heinrico
1738 2136 1849 2203 retulit;

95 2220 180 2289 ham,
199 2221 320 2275 celerem
343 2226 512 2276 consecutos
527 2227 567 2274 est
592 2220 814 2290 indulgentiam,
842 2225 869 2273 et
896 2236 949 2290 per
1002 2218 1188 2289 etmagnalia
1210 2219 1272 2285 bei,
1288 2237 1354 2291 quae
1376 2221 1561 2291 circeipsnru
1578 2223 1653 2276 Deus
1671 2222 1786 2291 fecerat,
1806 2239 1850 2278 re·

94 2309 332 2364 intercessionem
346 2309 521 2364 Confessoris
541 2308 646 2363 Christi
669 2309 765 2363 denuo
781 2308 947 2362 estillumi-
1002 2307 1111 2377 ligiosis
1134 2307 1214 2373 uiris,
1240 2308 1291 2378 qui
1318 2308 1401 2362 nobis
1444 2309 1579 2375 retulere,
1612 2310 1674 2380 ipse
1711 2311 1849 2366 narrarit.

95 2402 193 2465 natus,
211 2397 248 2452 ob
275 2399 358 2469 cnjus
384 2397 524 2453 ultionem
551 2398 631 2468 justo
655 2397 764 2468 jndicio
781 2396 831 2451 liei
856 2395 949 2452 luerat
1002 2395 1419 2466 Cascantigitnrhabitatores
1434 2396 1531 2452 saculi
1558 2396 1721 2451 domesticis
1744 2398 1796 2452 bei
1824 2403 1853 2453 et

95 2492 265 2542 excaecatos.
1002 2483 1111 2539 civibus
1141 2483 1309 2539 Sanctorum
1325 2484 1490 2551 detraherc3
1512 2484 1580 2557 quia
1605 2500 1721 2539 necesse
1747 2490 1852 2543 esteos

137 2577 178 2629 tt).
206 2575 299 2630 Simili
319 2574 404 2629 modo
420 2591 485 2629 cnm
504 2573 535 2628 in
550 2575 612 2628 loco
644 2572 882 2643 hohenburgensi,
899 2573 949 2627 ubi
1002 2573 1050 2627 hic
1070 2571 1139 2626 etin
1158 2579 1298 2627 aeternum
1314 2573 1418 2644 perire,
1435 2573 1486 2645 qni
1500 2572 1669 2628 Sanctorum
1681 2571 1764 2628 honis
1779 2590 1852 2644 ope·

96 2663 255 2735 praedictus
268 2664 417 2718 Confessor
435 2664 593 2718 tumulatus
608 2664 711 2728 fuerat,
742 2661 776 2715 dc
796 2661 947 2715 canoniae·
1002 2660 1084 2714 ribus
1098 2663 1191 2715 solent
1202 2661 1322 2732 obloqui
1338 2665 1368 2716 et
1379 2661 1517 2716 invidere.
1531 2660 1666 2725 Quamuis
1687 2676 1757 2731 ergo
1772 2678 1851 2717 nuuc

97 2753 178 2806 tione
194 2751 255 2822 ejns
270 2752 389 2806 celebris
407 2751 484 2808 fama
507 2751 674 2818 haberetur,
690 2750 733 2803 vir
748 2749 865 2820 quidam
883 2751 947 2803 reli·
1002 2755 1134 2819 tempora
1149 2750 1355 2804 miraculorum
1371 2766 1429 2804 non
1439 2750 1507 2816 sint,
1523 2750 1605 2819 signa
1617 2750 1696 2804 euim
1711 2750 1853 2805 debentur

98 2840 363 2911 giosusdesiguis,
388 2856 452 2913 quae
475 2856 528 2912 per
540 2855 606 2894 eum
625 2839 743 2906 fiebant,
758 2837 844 2908 coepit
863 2837 947 2893 dubi·
1002 2854 1061 2892 non
1078 2837 1221 2905 fidelibus,
1250 2838 1300 2892 sed
1327 2837 1513 2892 infidelibus:
1542 2843 1639 2891 tomen
1662 2853 1728 2893 cum
1753 2838 1852 2910 aliqua

97 2935 172 2994 tare,
188 2933 218 2983 et
233 2928 269 2984 de
283 2927 496 2999 permutatione
512 2928 709 2998 exequiarum,
726 2941 791 2998 quae
810 2925 840 2980 in
865 2925 951 2980 anni·
966 2927 986 2982 C
1005 2926 1088 2979 nobis
1101 2930 1207 2996 prater
1234 2926 1351 2980 solitum
1378 2942 1494 2981 cursum
1523 2925 1712 2997 ordinemque
1736 2934 1849 2982 naturae

99 3016 227 3071 versario
248 3018 310 3088 ojus
336 3015 490 3071 celebriter
516 3016 635 3082 flebant,
660 3015 736 3069 intra
762 3013 950 3085 semetipsum

100 3105 223 3160 dolere:
248 3105 299 3176 qui
327 3120 392 3160 mor
417 3105 569 3159 oculorum
600 3103 723 3174 caligine
737 3103 809 3157 adeo
829 3108 870 3156 est
887 3104 950 3173 pla-

102 3200 196 3263 gatus,
225 3197 258 3248 ut
283 3199 384 3265 postea
408 3209 461 3265 per
487 3192 686 3249 Confessorem
705 3190 811 3246 Christi
823 3195 948 3257 sanatus,

101 3288 243 3352 quantum
254 3283 389 3337 sanctitas
400 3283 473 3353 :ejus
487 3282 564 3353 apud
583 3283 670 3336 benni
688 3283 793 3351 posset,
817 3279 848 3334 iu
863 3295 947 3334 cura·

101 3370 178 3425 hone
200 3370 293 3441 ipsios
314 3370 500 3441 experiretur.
526 3372 558 3426 Et
593 3369 758 3424 mirandum
786 3373 829 3422 est
854 3369 948 3436 ratde,

102 3459 176 3530 quod
195 3459 233 3514 de
260 3458 410 3514 sanctitate
433 3459 505 3514 tanti
534 3458 586 3513 viri
601 3457 707 3530 aliquis
735 3455 866 3511 dubitare
894 3473 946 3528 po·

1005 3014 1150 3082 eveniunt,
1165 3015 1245 3068 omni
1258 3015 1441 3069 veneratione
1460 3016 1661 3085 amplectenda
1673 3020 1759 3069 sunt:
1780 3031 1851 3087 qua-

1005 3109 1087 3158 tenus
1102 3103 1214 3175 etipse,
1232 3104 1282 3175 qui
1298 3103 1328 3157 in
1344 3103 1453 3159 Sanctis
1481 3104 1540 3158 suis
1555 3104 1696 3160 mirabilis
1723 3111 1776 3174 est,
1803 3104 1853 3159 ho·

1004 3196 1133 3257 noratur,
1158 3198 1186 3246 et
1222 3191 1340 3246 tarditas
1378 3199 1476 3247 nostra
1501 3192 1538 3247 ad
1578 3193 1698 3248 meliora
1729 3209 1853 3267 quaeque

1004 3280 1091 3334 tantis
1108 3279 1458 3347 virtutibusaccendatur;
1474 3285 1628 3351 praestante
1644 3281 1766 3336 Domino
1793 3298 1849 3336 no·

1002 3372 1061 3423 stro
1075 3370 1140 3423 iesu
1167 3369 1288 3430 Christo.
1305 3368 1436 3441 quicum
1453 3370 1533 3424 Patre
1561 3374 1590 3425 et
1615 3370 1723 3439 Spiritu
1752 3375 1852 3424 sancto

1003 3456 1073 3511 risit
1085 3462 1114 3510 et
1131 3462 1233 3528 regnat
1247 3457 1322 3513 flens
1342 3472 1394 3528 per
1414 3457 1512 3512 omnia
1526 3458 1632 3513 saecnla
1658 3456 1847 3515 sacraturum.

101 3549 195 3614 tuerit,
213 3563 279 3603 cum
294 3548 519 3602 conversationis
539 3548 731 3612 sanctitatem,
753 3544 889 3599 castitatis
904 3546 947 3598 in·
1002 3549 1106 3600 Amen.

704 3756 886 3861 PARS
937 3758 1236 3860 ALTERA.

136 3974 944 4051 lt‚'fcmporeillo,quorenerabilisahbashlersebur-
998 3976 1066 4030 uisis
1093 3976 1245 4047 posteritas
1274 3973 1316 4028 illi
1347 3973 1536 4029 reuerentiam
1579 3974 1740 4041 exhiheret,
1769 3977 1851 4046 cujus

101 4071 193 4139 gensis
207 4069 347 4140 tEcclesire
374 4069 536 4122 volcmarus
559 4064 697 4136 reliquias
723 4063 800 4118 beati
821 4062 946 4117 Heinrici
1000 4064 1109 4119 meritis
1123 4069 1167 4118 tot
1181 4063 1258 4135 genti
1275 4079 1335 4117 snae
1354 4061 1495 4117 beneficia
1519 4063 1623 4117 collata
1649 4062 1768 4118 rideret.
1795 4065 1848 4118 Ve-

99 4155 529 4212 ConfessorisSasonicaeterrae
554 4153 770 4220 inrerit,scxus
794 4152 944 4223 utriusque
999 4160 1162 4208 rumtameu
1186 4152 1231 4206 bis
1250 4152 1365 4205 interim
1381 4151 1504 4215 omissis,
1529 4167 1562 4204 ea
1594 4151 1744 4206 referenda
1771 4158 1848 4217 sunt,

100 4248 192 4312 turha,
219 4247 297 4300 fama
327 4244 482 4314 divulgata,
513 4243 625 4297 obviam
654 4241 759 4296 seruit:
785 4257 816 4295 ex
838 4241 1064 4314 quihusliqnae
1076 4242 1104 4295 in
1122 4240 1261 4295 memorio
1276 4239 1419 4311 hodieque
1432 4244 1597 4294 tenentura
1617 4239 1726 4296 multis.

98 4334 238 4405 quosdam
266 4334 469 4404 recuperanda
496 4331 643 4403 sospitatis
678 4347 772 4397 cansa,
806 4328 945 4401 quosdam
1038 4332 1079 4383 ta.
1110 4330 1186 4383 lnter
1208 4343 1452 4398 aegrus,quorum
1480 4327 1634 4382 multitudo
1653 4328 1777 4382 salutem
1800 4341 1849 4399 pa-

98 4428 274 4478 teroferens
298 4422 436 4488 studium,
465 4422 541 4492 quod
567 4420 601 4474 ah
626 4420 746 4491 antiquo
764 4419 838 4473 circa
868 4419 944 4489 ejus·
998 4422 1062 4472 tens
1089 4417 1289 4481 comitabatur,
1321 4415 1487 4470 adolescens
1512 4416 1631 4486 quidam
1660 4413 1850 4485 irrefragabili

96 4512 160 4567 dem
187 4512 275 4582 Regis
301 4526 408 4565 nomen
436 4510 606 4575 hahuerunt,
638 4508 780 4562 attraxit:
808 4523 842 4563 eo
867 4506 944 4578 quod
998 4505 1197 4560 membrorum
1212 4509 1361 4558 contractu
1375 4503 1519 4573 gluhatus,
1539 4504 1737 4574 aparentibus
1752 4507 1846 4574 portu·

95 4606 179 4655 terrae
207 4615 268 4654 snae
296 4604 402 4653 statum
434 4598 579 4669 frequenti
608 4612 789 4668 paganorum
827 4595 944 4650 incursu
998 4592 1185 4666 hatur[selta]
1202 4591 1605 4662 gestatoria.0ui,nilinvia
1622 4591 1850 4659 consecutus,ad

94 4695 274 4760 quassatum.
290 4687 373 4742 illum
393 4686 572 4754 reformasse,
595 4685 724 4757 priorum
751 4684 888 4739 relatione
905 4683 945 4738 di·
998 4683 1124 4737 eoeleste
1139 4682 1227 4736 limen
1242 4697 1333 4753 nsque
1344 4681 1518 4752 perducitur.
1536 4683 1667 4736 Procedit
1681 4681 1794 4735 obviam
1807 4695 1851 4733 re-

95 4778 234 4831 dicerant.
266 4776 320 4831 Sed
344 4775 514 4830 meritorum
546 4774 608 4844 ejus
637 4772 945 4844 praecouiacoeperuut
998 4768 1849 4842 liqniisdignocultuchorusmonachorumacclericorum,

93 4867 122 4920 in
147 4867 212 4937 ipso
238 4864 350 4919 itineris
375 4879 507 4935 processu
531 4861 712 4917 evidentibus
741 4860 944 4915 miraculorum
998 4874 1056 4913 non
1073 4864 1130 4913 tarn
1147 4858 1209 4928 ejus
1234 4856 1290 4911 loci
1316 4872 1404 4928 quani
1428 4857 1535 4911 exaliis
1558 4856 1682 4911 ecclesiis
1704 4856 1849 4909 coufluen-

94 4954 209 5010 iudiciis
219 4953 382 5008 declarari:
401 4968 429 5006 iu
447 4967 504 5023 quo
533 4950 654 5005 dirersis
667 4949 835 5027 morborum
853 4963 944 5018 gene·
997 4947 1081 5001 tium.
1099 4944 1217 5012 Deinde,
1234 4951 1267 5000 ut
1293 4945 1381 5000 moris
1403 4949 1454 5011 est,
1476 4950 1615 5000 ooucentn
1632 4941 1709 5012 vulgi
1736 4946 1765 4995 et
1779 4942 1848 4996 cleri

92 5042 173 5097 ribus
191 5040 331 5114 oppressi,
349 5039 433 5095 satuti
457 5039 587 5110 pristinos
611 5037 703 5111 [quot]
731 5036 838 5091 fuerint
861 5035 943 5088 resti-

90 5132 157 5199 tuti,
169 5131 278 5185 referre
294 5145 347 5200 per
371 5129 494 5199 singula,
526 5127 646 5182 tmdinm
661 5125 796 5179 scribenti
818 5128 845 5178 et
869 5122 944 5178 fasti·
997 5120 1152 5177 solennitas
1167 5120 1224 5175 ritu
1239 5120 1383 5175 festiviore
1411 5120 1524 5190 deipso
1548 5117 1631 5172 beato
1651 5116 1846 5172 Heinricoiu·

90 5220 172 5275 dium
201 5219 324 5273 forsitan
351 5221 504 5289 generaret
523 5215 642 5288 legenti.
668 5216 775 5269 Tamen
805 5213 859 5267 hoc
883 5227 942 5266 non
997 5212 1126 5265 chuatur.
1146 5213 1183 5264 At
1196 5209 1314 5263 claudus
1327 5208 1376 5261 ille
1397 5207 1470 5261 inter
1487 5204 1605 5276 agmina
1619 5205 1842 5277 constipantium

88 5308 246 5375 silendum,
261 5307 338 5379 quod
358 5307 388 5360 in
415 5304 561 5377 plerisque
585 5303 769 5359 curationum
798 5303 879 5369 locis,
910 5299 939 5354 in
996 5297 1040 5350 rix
1059 5295 1184 5352 ccclesiae
1196 5297 1304 5361 iltutus,
1318 5295 1399 5365 juxta
1414 5293 1517 5360 altare,
1532 5290 1583 5346 ubi
1597 5292 1727 5364 reliquiae
1751 5293 1845 5346 ferant

90 5397 292 5451 testimonium
307 5395 443 5451 divinitus
463 5400 585 5448 ostensae
600 5391 724 5460 virtutis,
745 5390 853 5446 cumuli
869 5390 942 5444 hano
994 5386 1149 5452 collocatae,
1165 5386 1329 5457 deponitur.
1352 5382 1467 5436 Videres
1479 5381 1554 5436 ineo
1578 5381 1650 5438 illud
1666 5382 1745 5436 lsaiie
1764 5396 1843 5435 conr-

998 5035 1110 5089 mixtim
1137 5036 1337 5105 concrepante,
1356 5032 1528 5103 regreditur.
1562 5032 1710 5084 llissarnm
1731 5045 1847 5102 qnoque

89 5485 226 5556 grandes,
253 5483 333 5554 vulgi
357 5483 462 5551 studio,
488 5480 617 5553 congesti
635 5495 803 5535 excrevere:
831 5482 863 5533 ut
896 5475 941 5532 his
995 5474 1169 5547 pleriSaliet
1192 5475 1266 5529 sicut
1287 5486 1387 5527 cervus
1414 5469 1544 5538 claudus,
1575 5475 1604 5526 et
1623 5470 1700 5525 clara
1716 5467 1843 5524 eritlin—
