3878 6112
66 236 113 288 lte
887 237 985 292 sula.
1766 245 1817 298 lto

92 357 137 412 42.
157 378 169 406 ι
186 357 298 412 interea
311 355 451 428 temporis
473 370 588 410 summa
613 359 642 411 et
668 353 753 410 unica
768 354 829 427 ejus
843 360 947 412 curali
968 357 1099 430 pluribus
1114 357 1226 430 paginis
1236 358 1410 430 exsequitur.
1436 361 1558 417 [ternum
1572 363 1817 420 concluditziJen-

59 445 156 500 luitse
182 451 347 500 unctorum
378 446 568 500 l'alronurum
594 444 749 511 consortio,
779 444 814 500 ed
833 447 911 517 quod
965 446 1030 502 dide
1045 448 1148 512 fateor,
1168 451 1196 501 et
1209 446 1286 519 quod
1301 463 1347 502 res
1362 454 1415 515 est,
1437 449 1528 505 edico.
1544 451 1688 518 plurimis,
1704 453 1755 524 qui
1770 453 1818 524 pie

59 535 93 587 ab
114 532 248 603 ipsismet
274 532 482 604 gratiosissime
503 532 640 588 invitatus
664 532 768 598 fueret,
789 533 910 605 dignum
964 534 1119 589 admodum
1135 548 1167 588 ex
1191 533 1245 589 hac
1267 534 1325 589 vita
1343 537 1485 606 emigrare
1514 539 1712 608 credebantur,
1740 540 1817 595 ediui

58 622 189 676 reddere.
227 621 383 678 Restabant
410 626 479 675 tunc
514 621 652 693 temporis
677 623 788 694 aliquot
817 622 911 677 adbuc
964 621 1232 677 inexlrenris:sed
1252 624 1397 678 nemiuem
1418 625 1512 680 adlruc
1533 627 1816 684 ridiinbodiernam

57 709 175 781 oppida,
225 717 257 765 ut
302 710 537 775 llochstadiense,
586 711 909 783 Herlzogenauracense,
964 710 1052 778 diem,
1070 710 1128 765 imo
1143 717 1171 765 et
1194 710 1240 765 vix
1254 711 1350 766 audiri
1364 713 1489 768 similem
1504 715 1629 770 bominis
1641 718 1702 786 jem
1727 718 1818 772 mori·

58 797 383 865 Obserscbeinteldense,
394 798 672 854 Burckunstsdiense
684 809 748 854 cum
763 798 910 854 nonnullis
964 798 1021 852 turi
1037 799 1184 870 pietatem,
1205 815 1263 872 que
1277 799 1325 855 ille
1342 800 1418 855 diem
1432 819 1516 857 sirum
1530 805 1633 859 elausit
1644 808 1815 862 extremum.

58 888 146 958 pagis,
163 888 193 940 in
207 887 312 959 quibus
327 886 493 942 reformatio
507 887 637 960 quidem,
664 885 910 942 eterrantiumad
962 885 1083 941 Tarrlum
1112 887 1251 942 momenti
1275 889 1453 944 eteilicacies
1474 891 1509 946 ad
1540 892 1613 948 bene
1634 893 1817 949 moriendum

60 975 188 1031 ecclesie
212 975 352 1030 unitatem
380 975 508 1030 reductio
535 976 595 1046 jam
625 975 769 1041 inchoate,
786 974 909 1029 necdum
947 974 1268 1045 ‚habuilpalrocinium
1292 976 1338 1031 SS.
1368 977 1492 1031 lleinrici
1520 980 1762 1051 etCunegundis,
1789 987 1817 1037 et

58 1071 152 1118 nmen
173 1063 354 1134 adoptatum
378 1064 466 1119 duem
496 1065 633 1132 perducta
662 1069 731 1117 erat.
749 1063 910 1118 arbitratus
963 1063 1135 1117 eurumdem
1151 1063 1277 1132 gratiosa
1289 1065 1445 1135 apparitio,
1457 1065 1592 1121 devotum
1611 1068 1666 1122 sibi
1681 1068 1817 1125 clientem

59 1152 304 1222 igilursesauctis
325 1152 533 1208 fundatoribus
552 1153 782 1223 acceptissimum
805 1159 908 1207 ventu·
963 1151 1124 1205 adbeatam
1149 1152 1340 1207 aeternitatem
1364 1153 1557 1211 invitantium.
1589 1156 1707 1211 Videtur
1729 1157 1816 1214 eliam

58 1256 131 1305 rum,
157 1240 184 1294 si
207 1240 355 1295 ecclesiam
382 1241 416 1294 ab
440 1241 509 1310 ipsis
532 1241 691 1304 fundatam,
721 1241 782 1296 sine
797 1241 910 1296 macule
963 1240 1016 1293 boc
1035 1240 1095 1293 loco
1114 1240 1366 1295 commemoranda
1385 1242 1439 1297 alia
1455 1243 1527 1297 visio
1550 1245 1817 1301 l'reesulibuicali·

58 1327 175 1382 heresis
199 1334 374 1399 presentare
399 1328 516 1384 illorum
536 1330 702 1399 conspectui
717 1334 824 1399 posset,
848 1334 908 1384 tota
963 1333 1112 1398 quotantu
1136 1335 1259 1383 mortem
1282 1329 1362 1383 horis
1391 1331 1498 1401 oblatu,
1522 1348 1578 1404 que
1606 1334 1709 1389 certior
1726 1334 1816 1390 iactus

56 1419 149 1471 sirum
173 1416 360 1471 contentione
386 1417 418 1471 in
443 1417 472 1471 id
492 1417 697 1489 perficiendum
714 1416 864 1472 incubuit:
880 1422 909 1472 et
962 1415 1016 1471 tuit
1031 1415 1066 1470 de
1079 1415 1179 1471 futuro
1198 1417 1346 1488 quondam
1376 1433 1539 1474 successore
1553 1435 1616 1486 sno,
1630 1421 1681 1492 qui
1702 1437 1736 1476 ea
1751 1437 1817 1492 ques

55 1505 176 1576 quodie
192 1508 265 1560 rotis
292 1505 425 1574 habebat,
455 1511 498 1561 est
517 1511 672 1574 assecutus,
699 1506 821 1562 llomino
837 1504 907 1560 lide·
961 1506 1023 1574 ipse
1039 1521 1091 1576 pro
1105 1506 1183 1560 bono
1194 1507 1321 1560 ecclesiae
1348 1508 1564 1578 bambergensis
1593 1514 1667 1564 recte
1680 1515 1814 1580 coeperat,

52 1594 157 1648 lissimi
181 1593 229 1648 sui
255 1593 330 1648 servi
353 1593 501 1649 conalibus
521 1594 643 1660 invente,
672 1600 702 1649 et
728 1593 907 1649 evidentibus
924 1632 943 1688 Β
962 1600 1079 1649 strenue
1107 1599 1169 1649 eret
1196 1601 1409 1665 prosecuturus.
1431 1597 1529 1652 llelert
1555 1597 1721 1652 reticinium
1745 1599 1817 1653 illud

53 1682 153 1753 gratiae
169 1681 274 1736 divinae
291 1681 424 1737 sirbsidiis
437 1687 619 1752 cooperante.
963 1682 1068 1754 saepius
1097 1683 1230 1738 laudelus
1259 1684 1419 1738 Fridericus
1447 1686 1586 1741 fornerus
1601 1684 1631 1739 in
1658 1685 1744 1740 citato
1762 1691 1817 1741 tra·

86 1773 132 1825 ts.
151 1791 168 1822 a
198 1773 350 1836 Praeterea,
378 1787 443 1825 curn
465 1771 519 1826 sibi
543 1789 560 1825 a
586 1770 613 1826 S.
646 1771 779 1827 lleinrico
804 1773 907 1828 etnrri
962 1777 1049 1837 ctatu,
1087 1774 1145 1826 lluo
1181 1773 1291 1841 specula
1332 1774 1471 1844 Principis
1507 1776 1692 1836 ecclesiastici,
1726 1780 1754 1829 el
1786 1774 1817 1830 in

54 1874 138 1913 menn
156 1866 316 1926 annuente,
331 1860 496 1914 denuntiari
510 1860 639 1914 crederet
665 1859 735 1915 illud
753 1862 905 1931 lteguml,
961 1858 1099 1914 concione
1127 1860 1252 1915 secunde
1282 1861 1397 1915 funebri
1422 1862 1458 1916 de
1480 1863 1588 1917 loanne
1618 1862 1817 1919 Godelridoab

54 1964 116 2018 esp.
135 1950 173 2002 ‘20
186 1965 194 2002 :
208 1967 224 1999 a
240 1948 385 2019 Praecipue
396 1948 495 2002 domui
510 1954 588 2015 ture;
604 1947 819 2003 morierisenim
833 1956 861 2003 tu
879 1954 907 2005 et
961 1950 1135 2013 Ascbeuscn,
1152 1964 1218 2018 pag.
1234 1950 1280 2016 60,
1293 1949 1341 2003 ubi
1357 1950 1397 2003 sic
1409 1949 1520 2005 scribit:

55 2053 108 2091 uon
123 2037 240 2100 vives·
264 2037 350 2108 coepit
374 2036 471 2092 omnia
494 2037 549 2092 rite
569 2037 716 2107 ordinare,
737 2040 796 2091 mm
813 2039 907 2108 quoad
996 2036 1040 2091 lu.
1054 2055 1068 2087 e
1084 2036 1156 2091 Cum
1176 2036 1390 2092 illustrissimus
1404 2043 1432 2092 et
1452 2038 1714 2094 asserendissimus
1729 2041 1827 2095 llam-'

53 2126 225 2196 temporalia
247 2141 334 2197 quam
350 2125 442 2197 quoad
466 2131 572 2180 statum
588 2126 692 2180 enimse
707 2142 776 2180 suae.
791 2127 906 2181 Peccata
960 2122 1108 2194 bergensis
1136 2124 1289 2195 episeopus
1323 2125 1497 2196 Nytbardus,
1523 2127 1728 2183 laudatissime
1755 2144 1817 2183 me·

55 2231 103 2268 sue
115 2214 310 2285 eleemosynis
335 2215 476 2269 redimere
491 2214 619 2285 cupiens,
635 2215 665 2269 in
687 2214 784 2269 omnia
799 2217 908 2286 templa
960 2211 1301 2273 moriae,annorrurcv1u
1327 2212 1356 2266 in
1385 2214 1448 2284 ipsa
1473 2213 1500 2269 S.
1527 2214 1664 2285 Stephani
1679 2215 1815 2270 festivite-

56 2301 446 2374 etmonasteriapeupernm
469 2304 683 2374 religiosorum,
707 2303 907 2375 inhospitalis
961 2300 1116 2371 te‚quain
1142 2300 1289 2354 vivisesse
1317 2300 1412 2367 desiit,
1441 2318 1526 2357 mane
1559 2303 1698 2358 sacrificio
1726 2304 1816 2358 inter·

56 2396 83 2445 et
106 2390 275 2446 nosocomia
302 2391 476 2463 largissimas
512 2392 709 2465 eleemosynas
736 2393 904 2448 destinavit:
960 2389 1069 2455 inisset,
1104 2404 1169 2459 ego,
1214 2389 1264 2460 qui
1296 2390 1323 2444 ei
1364 2406 1478 2462 semper
1519 2391 1645 2459 aderam,
1684 2396 1816 2447 nostrum

55 2479 117 2533 eliis
154 2495 272 2551 qnoque
305 2479 408 2535 Christi
449 2480 622 2551 pauperibus
669 2481 803 2552 pecunias
844 2481 910 2536 sine
960 2478 1102 2532 loannem
1129 2477 1326 2546 Gadeiridum,
1358 2479 1408 2549 qui
1436 2479 1643 2534 nudiustertius
1671 2496 1704 2535 ex
1719 2480 1817 2537 Galliis

57 2583 178 2623 numeru
212 2568 359 2639 dispertiri
384 2569 494 2623 curavi.
526 2569 559 2623 iit
583 2572 734 2640 postquem
760 2570 906 2639 llerbipnli
960 2567 1081 2621 domum
1109 2566 1245 2635 redieret,
1273 2567 1308 2621 ed
1337 2583 1403 2621 eum
1431 2566 1461 2621 in
1491 2569 1563 2622 leelo
1584 2567 1814 2634 decumbentem,

57 2663 122 2727 (qno
147 2662 267 2728 propter
295 2657 411 2727 negotia
449 2664 585 2730 tanquam
619 2659 792 2730 Prepesitns
829 2660 907 2714 illius
961 2655 1637 2727 multispresentibus.inu-oduxi:quemcum
1657 2657 1819 2728 ingredien-

56 2745 182 2799 eotlesie
216 2749 403 2814 concesserat)
431 2745 462 2799 in
489 2748 621 2801 morbum
662 2747 817 2814 incidisset,
847 2753 906 2803 tam
961 2749 1018 2799 tem
1034 2744 1238 2814 conspexisset,
1264 2743 1299 2798 ed
1333 2760 1378 2798 me
1406 2760 1583 2801 conversus:
1616 2745 1815 2812 Ouelemnum,

57 2834 137 2902 mibi,
152 2848 241 2904 quern
255 2832 320 2887 aliis
338 2837 400 2887 toto
424 2834 517 2888 morbi
545 2839 674 2905 tempore
698 2834 752 2906 ipsi
767 2835 905 2890 adstanti·
961 2833 1110 2904 inquiens,
1139 2833 1307 2904 episcopum
1337 2833 1408 2888 olibi
1428 2834 1649 2905 adducis‘lEgo
1671 2834 1816 2890 illizlllu·

56 2921 117 2988 bus,
138 2922 261 2976 liberam
280 2923 315 2976 de
332 2921 467 2976 omnibus
496 2923 578 2977 bonis
603 2923 672 2989 suis,
696 2913 945 2990 inhonetant
963 2920 1102 2974 strissime
1132 2921 1263 2984 Domine,
1295 2925 1338 2975 est
1361 2921 1477 2992 juvenis
1503 2923 1663 2978 Canonicus
1691 2921 1817 2977 loannes

59 3010 215 3082 maneriis,
232 3010 263 3064 in
284 3026 341 3064 cere
370 3011 516 3080 praesenti,
546 3027 742 3083 quascumque
757 3014 906 3073 nollemus,
962 3007 1134 3063 Gadeiridus
1148 3008 1184 3062 ab
1212 3008 1388 3076 Asclsauseo,
1417 3025 1524 3081 paucos
1540 3015 1606 3064 anta
1630 3009 1690 3064 dies
1703 3026 1736 3064 cx
1751 3010 1815 3065 Gal·

59 3101 254 3168 eleemosynas
271 3099 308 3153 ad
335 3097 449 3153 libitum
478 3105 608 3153 nostrum
638 3114 690 3169 pro
719 3099 816 3154 anime
844 3116 906 3163 suu,
963 3096 1133 3151 liadomum
1159 3097 1257 3152 redux.
1287 3099 1354 3167 Ejus
1384 3097 1481 3168 itaque
1502 3113 1589 3153 manu
1617 3099 1815 3170 apprehensa:

59 3187 231 3260 pauperibus
261 3190 290 3241 et
327 3186 396 3240 locis
424 3186 479 3257 piis
519 3186 708 3256 dispertiendi
744 3188 906 3242 facultatem
963 3186 1030 3253 lete,
1049 3186 1153 3256 inquit,
1170 3192 1357 3258 postpaucus
1375 3202 1469 3241 annos
1489 3187 1694 3242 condecorabit
1719 3187 1816 3242 sedem

59 3275 206 3341 maressii,
225 3273 286 3329 haec
318 3290 394 3345 slepe
422 3275 528 3328 iterans
552 3275 662 3330 verbe:
687 3275 832 3346 Quidquid
855 3292 907 3347 pro
962 3275 1154 3346 episcopalem
1167 3274 1196 3330 S.
1212 3275 1332 3331 Ottonis.
1352 3276 1386 3330 Et
1413 3282 1479 3348 post
1499 3276 1558 3331 brec
1573 3276 1658 3331 rerba
1678 3276 1818 3331 conticuit

60 3366 234 3420 animantes
248 3364 498 3433 eleemosynarum
521 3355 717 3434 erogaveritis,
744 3371 907 3436 aguratum
963 3362 1186 3418 meditabundus
1213 3363 1423 3434 aliquantisper
1443 3381 1450 3419 :
1468 3381 1500 3420 ec
1523 3365 1639 3421 demum
1659 3365 1695 3420 de
1722 3364 1816 3420 reditu

62 3453 177 3508 habebo.
962 3452 990 3506 ei
1005 3456 1049 3506 est
1062 3453 1287 3523 congratulatus.
1317 3454 1530 3508 Recordebetur
1554 3453 1696 3522 ejusmodi
1714 3453 1815 3508 verbo·

93 3541 141 3596 44.
161 3563 174 3587 ι
190 3539 484 3611 ldquepraesentibus
507 3539 734 3595 etiemecclesiae
749 3540 908 3610 imperialis
962 3556 1028 3596 rum
1050 3556 1109 3595 non
1129 3556 1195 3595 raro
1214 3540 1426 3596 illustrissimus
1452 3546 1548 3597 noster
1570 3543 1694 3597 loannes
1724 3540 1815 3598 Gade-

65 3627 276 3698 bambergensis
290 3627 403 3683 duobus
422 3627 562 3695 Pietatis,
588 3628 827 3700 quillerbipolim
843 3628 908 3684 ideo
963 3628 1063 3697 fridus,
1084 3629 1141 3700 pioe
1169 3629 1317 3685 memorie
1347 3646 1354 3695 ;
1384 3631 1497 3686 velabat
1523 3636 1621 3685 tamen
1648 3629 1711 3685 aliis
1740 3629 1817 3684 erul-

64 3717 274 3779 descenderaut,
312 3720 345 3771 ut
369 3732 435 3771 euru
458 3716 488 3772 in
507 3718 609 3772 morbo
636 3733 688 3774 suo
709 3718 866 3774 inviserent
881 3723 909 3772 et
963 3717 1036 3789 gari.

65 3807 287 3872 consolarentur,
312 3805 420 3876 pluries
445 3804 568 3873 iteravit,
597 3806 704 3861 addens
731 3821 790 3861 non
804 3807 906 3862 semel:
998 3808 1044 3862 47.
1061 3826 1072 3852 ·
1089 3803 1244 3873 Hucusque
1260 3804 1345 3857 verba
1373 3804 1491 3860 Forneri
1507 3820 1572 3875 pag.
1600 3807 1645 3867 60,
1662 3804 1712 3873 qui
1729 3819 1816 3872 supra

66 3896 176 3950 Peeeeta
190 3910 256 3949 mee
279 3892 449 3965 gravissima
477 3899 554 3960 sunt,
580 3900 609 3950 et
624 3909 745 3950 numero
759 3910 910 3965 propemo·
964 3909 1029 3964 pag.
1053 3896 1081 3948 ll
1099 3891 1245 3952 retulerat,
1267 3891 1426 3962 piissimam
1441 3893 1503 3962 ejus
1529 3896 1651 3946 matrem
1668 3891 1816 3963 Brigittem

66 3986 128 4038 dnm
144 3982 260 4039 inlinita
277 3982 398 4038 :multis
414 3982 538 4054 proinde
553 3987 581 4037 et
594 3982 708 4054 magnis
721 3983 910 4055 eleemosynis
964 3984 999 4038 de
1012 3981 1108 4044 zobel,
1134 3981 1203 4035 dum
1232 3980 1337 4035 liliolus
1353 3981 1415 4050 ejus
1429 3981 1521 4035 adbuc
1535 3981 1566 4035 in
1588 3980 1669 4034 cunis
1695 3979 1815 4050 vagiret,

64 4073 203 4128 diluenda.
232 4071 368 4127 llltimam
408 4087 490 4126 snam
520 4073 696 4127 voluntatem
719 4072 860 4143 exposuit,
879 4076 910 4127 ut
964 4076 1047 4126 nocte
1076 4069 1212 4141 quadarn,
1240 4084 1306 4123 cum
1347 4069 1441 4140 pridie
1478 4084 1586 4122 sacram
1613 4066 1816 4122 Eucharistiem

66 4161 209 4233 sequitur:
231 4159 336 4215 Omnia
360 4175 426 4214 mea
453 4159 539 4228 buna,
556 4159 661 4231 inquit,
690 4159 852 4226 dequibus
879 4165 947 4244 utD
966 4158 1143 4228 sumpsisset,
1169 4156 1310 4211 etlilium
1337 4173 1421 4211 suurn
1447 4157 1560 4212 Christo
1589 4160 1617 4210 et
1641 4155 1722 4210 Matri
1754 4155 1817 4226 ejus

66 4251 170 4320 peculio
183 4248 314 4322 proprio,
342 4247 491 4320 majorica
506 4253 586 4319 parte
610 4247 796 4316 hereditario,
819 4248 913 4319 dispo·
968 4246 1097 4302 devotius
1111 4245 1346 4310 commendasset,
1371 4245 1457 4300 mitra
1473 4249 1503 4300 et
1531 4244 1630 4299 habitu
1657 4243 1817 4315 pontificali

67 4355 128 4393 nere
141 4353 274 4410 possum,
289 4337 319 4392 in
333 4342 390 4392 tres
403 4341 497 4409 partes
518 4335 606 4391 dividi
621 4335 695 4391 volo.
720 4336 816 4392 Prima
829 4338 913 4392 detur
969 4340 1113 4400 ornatum,
1130 4350 1162 4389 uc
1180 4333 1254 4389 miro
1268 4334 1380 4405 iulgore
1394 4350 1545 4389 coruscum
1560 4338 1626 4388 ente
1650 4349 1680 4387 se
1695 4337 1817 4387 stentem

69 4427 193 4483 &etesia
217 4442 226 4492 3
256 4426 346 4480 altera
381 4441 541 4496 pauperum
570 4424 667 4479 usibus
695 4425 880 4496 impendetur
904 4444 911 4494 ;
967 4423 1156 4494 conspexisse.
1175 4424 1238 4477 Erat
1264 4423 1396 4477 laudatus
1418 4423 1542 4494 J'uvenis,
1560 4421 1609 4492 qui
1636 4420 1819 4491 tuncagebat

10 4509 13 4549 ⁸
68 4515 143 4570 tertia
166 4513 298 4585 cognatis
325 4512 397 4567 meis
425 4513 518 4578 cedat,
547 4529 620 4584 quos
659 4515 735 4568 inter
752 4515 914 4585 praecipuos
968 4528 1078 4581 aunum
1090 4510 1180 4566 relatis
1194 4510 1365 4582 vigesimum
1393 4517 1538 4583 quartum,
1560 4510 1818 4580 S.lleinricospe-

70 4603 200 4659 eserolo
221 4618 272 4657 eos
298 4601 349 4672 qui
376 4601 408 4657 in
432 4601 535 4656 studiis
560 4601 653 4657 adbuc
681 4607 857 4670 versantur;
885 4608 914 4658 et
968 4601 1077 4656 cialiter
1091 4601 1211 4655 devotus
1227 4616 1234 4667 ;
1250 4605 1279 4654 et
1293 4600 1385 4655 eidem
1410 4600 1525 4667 Sancto,
1559 4604 1591 4652 ut
1607 4599 1711 4652 merito
1729 4597 1818 4652 credi-

71 4691 249 4747 lratristilios
270 4690 465 4755 minorennes,
492 4695 524 4744 ut
549 4688 580 4743 in
610 4689 754 4745 Catholice
773 4690 913 4761 religione
967 4687 1295 4759 tunapprimecharus,
1322 4703 1379 4741 non
1396 4687 1541 4741 solumob
1569 4686 1818 4741 devotionistcne·

11 4756 18 4817 Ῑ
71 4779 317 4837 nlesntedneari.
348 4780 459 4834 Nollem
483 4783 588 4846 antem,
606 4780 642 4833 de
665 4778 748 4833 bonis
770 4779 911 4846 Ecclesia,
969 4775 1197 4844 ritudinem,sed
1213 4778 1255 4830 vel
1278 4775 1402 4830 maxime
1425 4776 1462 4830 ob
1491 4774 1711 4830 similitudinem
1735 4772 1818 4826 casti·

71 4870 132 4927 mibi
156 4868 300 4936 sunguine
320 4867 429 4939 junctis
455 4865 613 4940 quidquem
646 4865 774 4937 elargiri,
802 4866 858 4920 nisi
879 4883 911 4922 ex
969 4865 1085 4931 munire,
1101 4863 1291 4935 qumjuveuis
1306 4880 1394 4934 supra
1406 4879 1590 4919 communem
1609 4859 1820 4916 mudumeliul·

71 4960 237 5028 prtrimouio
259 4973 323 5011 meo
346 4960 520 5027 suppeteret,
542 4960 574 5011 ut
599 4956 639 5011 eis
661 4954 828 5010 benefacere
843 4972 913 5027 pos·
968 4956 1063 5025 gabat,
1090 4959 1118 5008 et
1154 4954 1276 5008 nonita
1309 4953 1421 5023 pridem
1457 4951 1613 5022 llerbipcli,
1647 4948 1695 5002 ubi
1717 4945 1819 5001 studiis

71 5045 220 5102 senzscio
243 5044 323 5099 enim
350 5044 541 5098 ecclesiastica
566 5045 643 5100 bona
667 5044 723 5098 illis
737 5060 793 5098 uun
804 5043 912 5099 deberi.
969 5042 1096 5105 vacabat,
1114 5046 1206 5110 ejusce
1221 5041 1336 5096 virtutis
1355 5042 1502 5112 specimen
1531 5039 1649 5094 dederat
1664 5034 1821 5090 immortali

71 5133 220 5189 mulctris
242 5133 311 5197 tine,
340 5131 456 5202 sepeliri
470 5148 500 5186 se
521 5132 591 5186 velle
615 5131 644 5185 in
673 5132 790 5187 ecclesie
817 5133 915 5186 cutbe·
970 5129 1251 5198 mernuriadignum.
1274 5131 1420 5186 l'ornerus·
1443 5130 1472 5183 in
1498 5125 1634 5182 concione
1663 5122 1757 5193 prime
1781 5120 1820 5174 iu·

73 5223 134 5277 drali
159 5220 375 5291 bambergensi,
400 5220 462 5274 sine
483 5236 598 5292 pompa,
628 5223 657 5274 et
684 5236 770 5292 quam
793 5220 914 5275 minimo
968 5217 1050 5271 nebri
1066 5233 1131 5287 pag.
1149 5220 1192 5283 26,
1210 5217 1281 5272 illud
1296 5218 1335 5271 ite
1347 5218 1454 5272 refert:

74 5306 125 5364 fieri
138 5314 377 5382 possetsumptu.
1005 5306 1383 5371 te.«lleu1adruiranuam,
1411 5303 1588 5358 verissimam
1616 5305 1724 5363 meren,
1740 5299 1820 5353 robis

101 5398 144 5453 ts.
162 5417 176 5448 a
191 5398 327 5453 Ceterum
340 5412 427 5469 qnam
442 5400 539 5451 exacte
555 5412 585 5451 se
599 5395 634 5451 ad
659 5395 772 5451 bonnm
792 5400 912 5451 mortem
972 5394 1145 5448 memorabo.
1174 5395 1298 5448 loannes
1336 5392 1508 5449 Godelridus
1531 5390 1567 5446 ab
1591 5391 1750 5447 dscbausen
1775 5387 1820 5441 in·

78 5487 278 5556 properaverit,
293 5491 321 5539 el
338 5501 424 5557 quam
440 5485 486 5555 pie
499 5484 577 5538 illam
592 5484 756 5555 oppetierit.
773 5483 915 5538 Fomcrns
971 5483 1163 5536 adulescentia
1178 5499 1239 5547 sua,
1258 5486 1287 5535 ut
1302 5497 1387 5535 nemu
1408 5497 1465 5534 nun
1487 5477 1574 5543 novit,
1599 5474 1820 5533 formosissimus
