3878 6112
57 280 116 333 865
525 276 764 335 necationem
784 277 880 337 LIBRI
899 280 953 337 XX.
969 311 1004 321 -
1020 283 1123 340 LIBER
1142 281 1352 341 entecnius.
1763 295 1815 350 866

57 398 118 455 bns
132 399 191 454 sint
207 398 389 469 depraedatae,
405 402 492 471 atque
505 400 651 455 nocturnis
674 401 814 456 incendiis
832 417 912 457 nrore
927 405 950 460 Α
968 403 1021 459 bus
1037 409 1065 459 et
1079 406 1201 462 Domino
1224 408 1282 463 Deo
1296 409 1343 463 cui
1368 409 1473 465 tradite
1493 416 1561 466 sunt
1586 429 1620 468 ea
1638 416 1817 486 subtrahant,

57 488 159 543 furum
175 488 331 542 combustae
347 503 353 540 :
370 490 398 541 et
409 487 478 542 dum
493 488 569 542 idem
585 490 714 560 maligni,
725 491 806 561 juxta
821 490 914 545 nostri
969 499 997 547 et
1011 494 1070 548 suis
1085 495 1185 549 usibus
1203 495 1371 552 inserviant.
1386 497 1567 570 Quapropter
1584 502 1620 557 ab
1635 505 1768 560 omnibus
1780 506 1819 560 il-

56 577 281 648 praadecessoris
305 576 440 631 Bonifatii
458 576 582 645 decrcte,
598 595 652 649 pro
667 579 825 633 emunitate
841 579 913 635 iliud
968 581 995 635 la
1019 583 1215 653 usurpationis
1239 586 1414 640 contumelia
1438 587 1606 657 depellenda
1627 596 1679 658 est,
1696 608 1732 647 ne
1747 610 1820 665 pre-

57 667 220 730 emendare
234 666 390 731 noluerint,
407 666 476 721 dum
493 671 522 721 et
536 668 631 722 saecuti
644 669 722 738 leges
737 667 799 723 baec
813 669 912 723 eadem
967 669 1015 724 dia
1037 671 1089 724 sub
1105 671 1221 727 secretis
1247 674 1407 728 coelestibus
1420 674 1548 744 judicata
1563 694 1579 731 a
1592 679 1764 749 quibusdam
1781 681 1819 735 ir·

58 755 101 810 ita
125 754 233 810 habere
257 754 412 821 voluerint,
438 755 500 826 lege
516 755 626 828 vulgari
651 760 735 825 teste,
751 756 781 810 in
795 772 851 827 qua
873 757 913 810 sic
966 758 1119 813 ruentibus
1142 765 1289 817 verentur.
1307 761 1426 827 Quodsi
1446 763 1512 834 quis
1526 769 1754 839 praesumpserit,
1773 786 1818 824 sa·

58 843 197 898 scribitur
213 843 262 899 :Si
287 843 352 915 quis
373 859 462 898 manu
487 850 598 898 armata
621 844 768 915 usquead
789 849 914 915 quatuor
967 847 1091 918 crilegus
1113 848 1264 916 habeatur,
1286 856 1316 905 et
1337 850 1411 905 sicut
1425 852 1582 923 sacrilegus
1603 855 1758 924 judicetur.
1775 857 1819 928 lp·

57 932 195 988 homines
209 932 239 987 in
252 931 345 986 vicum
359 932 476 987 alterius
487 933 521 987 ad
537 932 773 987 malefaciendum
790 934 911 1002 venerit,
967 951 1013 989 sos
1033 940 1131 991 autem
1158 937 1208 1008 qui
1232 937 1285 991 hoc
1301 944 1390 1008 agunt
1406 954 1412 993 τ
1428 940 1546 994 clericos
1570 957 1602 997 ac
1630 944 1745 999 Domini
1768 961 1817 999 aa·

57 1021 108 1076 ille
121 1021 173 1093 qni
187 1022 268 1092 prior
280 1025 322 1076 est
333 1020 433 1076 illicita
446 1020 913 1093 presumptionecomponatsoli·
967 1025 1096 1079 cerdotes
1121 1026 1256 1097 persequi
1284 1043 1390 1098 eosque
1416 1027 1556 1083 infamare
1582 1031 1755 1100 andivimus,
1784 1038 1817 1089 nt

57 1109 110 1164 dos
125 1109 246 1177 DCCCC,
268 1124 404 1180 sequaces
424 1124 492 1163 vero
515 1108 577 1179 ejus
592 1109 790 1180 unusquisqne
807 1109 912 1164 solidos
967 1113 1075 1168 malum
1092 1131 1177 1185 super
1192 1116 1298 1169 mulum
1322 1115 1458 1170 addentes
1477 1117 1635 1174 deteriores
1659 1120 1741 1190 fiant,
1755 1137 1816 1176 non

57 1196 165 1266 LXXX,
187 1195 211 1251 si
235 1213 301 1251 vero
317 1196 357 1251 ibi
385 1196 551 1251 incendium
576 1196 706 1264 fecerint,
735 1196 911 1254 sibinouam
966 1199 1163 1272 intelligentes
1184 1202 1262 1273 quod
1277 1202 1400 1257 Ecclesia
1418 1203 1466 1258 llei
1482 1204 1512 1258 in
1532 1206 1728 1262 sacerdotibus
1743 1224 1815 1262 con·

56 1287 465 1358 componant,praedamvero
482 1286 511 1340 iu
528 1286 723 1358 quadruplum
748 1287 910 1341 restituant.
966 1289 1058 1358 sistat,
1087 1295 1116 1344 et
1136 1296 1245 1346 crescat
1266 1291 1297 1345 in
1319 1292 1459 1362 templum
1476 1294 1593 1350 Dei:ct
1615 1295 1815 1351 sicutcuiEc·

56 1375 87 1431 Si
102 1376 202 1431 seculi
216 1376 292 1448 leges
308 1377 395 1431 telem
415 1375 558 1446 justitiam
573 1375 679 1430 babere
697 1375 851 1445 voluerint,
867 1377 911 1431 lex
965 1377 1081 1432 clesiam
1100 1378 1149 1432 liei
1172 1383 1262 1433 vastet
1277 1379 1396 1451 ejusque
1420 1380 1528 1451 praedia
1544 1387 1574 1436 et
1592 1382 1712 1439 donaria
1728 1401 1816 1456 expc-

56 1464 159 1520 divina
172 1481 224 1521 cur
236 1464 357 1521 inferior
377 1481 438 1520 esse
453 1464 577 1532 debebit,
595 1481 659 1520 cum
676 1464 705 1519 in
721 1464 812 1535 ipsius
833 1465 911 1519 veri·
965 1464 1018 1520 liat
1031 1471 1059 1520 et
1075 1466 1194 1535 invadit,
1216 1467 1248 1522 fit
1263 1469 1428 1538 sacrilegus,
1446 1468 1486 1524 sic
1507 1475 1535 1524 et
1557 1471 1605 1526 ille
1622 1471 1672 1543 qui
1693 1474 1755 1544 ejus
1771 1490 1816 1528 sa·

55 1552 122 1606 tatis
150 1554 344 1623 praesentiae
368 1552 483 1607 Zachoeo
510 1553 707 1607 collaudatum
733 1552 779 1620 sit,
808 1553 831 1607 si
858 1552 910 1607 ali·
966 1555 1093 1609 cerdotes
1119 1555 1292 1626 insequitur,
1308 1555 1450 1628 sacrilegii
1472 1574 1537 1613 reus
1559 1559 1655 1615 existit
1677 1567 1705 1617 et
1728 1562 1816 1616 sacri·

55 1655 145 1711 quem
169 1640 365 1711 defraudaret,
388 1647 419 1695 ut
449 1641 479 1696 in
506 1642 703 1714 quadruplum
723 1641 910 1696 restitueret?
927 1685 948 1740 B
966 1641 1048 1712 leges
1060 1643 1214 1714 judicatur.

56 1730 89 1785 Et
114 1729 186 1801 ‘1⁰1⁸
210 1746 356 1785 summum
380 1730 411 1784 5⁰
436 1730 552 1801 fssssibffl
574 1729 683 1785 b⁰¹¹¹¹ffl
705 1735 748 1785 0³f
768 1731 911 1800 iustitiam
967 1749 1031 1804 Cae.
1048 1750 1120 1803 XXX.
1137 1780 1171 1788 -
1186 1752 1222 1804 Dc
1242 1751 1283 1804 his
1300 1753 1349 1819 qui
1363 1753 1545 1807 truncationes
1561 1754 1750 1822 membrorum,
1772 1755 1816 1811 dc·

56 1818 163 1884 colere,
190 1833 223 1873 ac
252 1835 304 1873 sua
332 1818 440 1890 quique
463 1820 528 1889 jura
553 1835 677 1887 servare,
704 1823 732 1873 et
756 1819 787 1873 in
816 1819 911 1889 subje-
1062 1821 1285 1888 praedotioncset
1300 1823 1437 1877 domorum
1452 1824 1717 1891 incendiosecerint.

56 1911 117 1961 etos
130 1923 193 1962 non
220 1907 312 1962 sinere
337 1908 413 1979 quod
439 1909 585 1979 potestatis
606 1912 649 1963 est
675 1908 750 1976 lieri,
772 1908 819 1962 sed
834 1908 910 1979 quod
1002 1907 1058 1979 (fiac
1078 1908 1150 1963 decr.
1167 1909 1337 1980 Eutychiae.
1352 1914 1456 1980 pope.)
1480 1911 1509 1967 si
1532 1913 1597 1984 quis
1618 1915 1816 1970 membrorum

56 2011 176 2067 aequum
191 2001 235 2051 est
248 1996 397 2064 custodiri,
413 2014 484 2068 quos
501 2013 550 2051 vos
563 2003 591 2051 et
604 1996 733 2068 diligere,
749 2002 778 2051 et
792 1997 910 2052 omnino
966 1996 1171 2064 truncationes,
1194 1998 1346 2053 domorum
1361 1999 1495 2053 incendic
1511 2001 1621 2070 fecerit,
1649 2003 1708 2057 sive
1722 2003 1816 2059 facere

56 2084 233 2140 confidimus
261 2085 376 2140 studere
407 2101 414 2140 ι
445 2091 619 2157 quapropter
647 2085 822 2140 excellentie
853 2090 910 2139 tum
962 2085 1091 2155 jusserit,
1112 2091 1162 2140 aut
1184 2086 1296 2141 facienti
1319 2088 1507 2158 consenserit,
1533 2105 1685 2161 quousque
1712 2092 1746 2146 de
1770 2093 1816 2147 his

56 2189 160 2229 mense
175 2174 322 2229 novembri
341 2173 492 2244 praesentis
506 2175 586 2242 enni,
606 2175 730 2229 secunda
743 2174 910 2240 indictione,
967 2174 1121 2244 unicuique
1145 2174 1275 2244 legaliter
1297 2176 1340 2230 vel
1356 2176 1545 2231 amicabiliter
1565 2194 1661 2232 coram
1681 2179 1816 2251 episcopo

56 2263 176 2317 Petrum
187 2272 216 2317 et
228 2262 429 2334 coepiscopum
441 2279 459 2317 a
471 2263 582 2333 gremio
596 2267 701 2317 sanctae
717 2264 854 2318 lfomana
863 2264 911 2317 Ec·
965 2261 1087 2315 civitatis
1109 2261 1230 2332 aliisque
1245 2262 1354 2318 civibus
1375 2279 1432 2317 non
1448 2264 1653 2333 emendaverit,
1669 2267 1706 2319 ab
1721 2267 1816 2322 Eccle-

55 2350 154 2406 clesiae
167 2351 399 2420 transmittimus,
415 2356 447 2406 nt
458 2352 596 2407 fratribus
611 2353 739 2425 ejusdem
756 2352 910 2420 provincie
965 2351 1007 2404 sia
1033 2366 1062 2405 ee
1078 2350 1221 2420 privatum
1249 2358 1408 2421 cognoscat.
1430 2351 1459 2406 Si
1484 2367 1551 2406 vevc
1576 2358 1640 2422 post
1660 2354 1815 2409 secundam

55 2439 85 2495 in
109 2456 205 2496 nnum
230 2442 422 2512 congregatis,
445 2442 587 2496 emunitas
615 2448 644 2495 et
669 2441 857 2513 praesumptio
882 2445 911 2495 et
966 2443 995 2494 et
1020 2439 1132 2494 tertiam
1148 2439 1379 2504 conventionem,
1404 2445 1505 2495 cuncto
1521 2440 1551 2494 in
1566 2441 1670 2512 quihus
1684 2442 1817 2512 arguitur

55 2527 242 2600 saerilegium
273 2528 411 2584 canonica
444 2530 606 2598 autoritate,
644 2535 673 2584 et
705 2535 799 2584 vestra
831 2529 911 2599 regia
966 2544 1023 2583 non
1048 2528 1253 2596 emendaverit,
1279 2533 1417 2600 tanquam
1441 2529 1571 2583 ethnicus
1592 2533 1620 2583 et
1644 2529 1816 2601 publicanus

54 2616 200 2689 dignitate
227 2617 314 2672 talem
344 2618 503 2673 terminum
535 2617 688 2689 accipiant,
727 2634 763 2673 ne
791 2619 910 2688 posthac
967 2616 1000 2671 ab
1015 2616 1093 2671 omui
1105 2615 1331 2672 Christianorum
1342 2618 1463 2689 collegio
1476 2623 1635 2689 separetur.

54 2705 191 2761 membra
211 2704 327 2772 dlflbssfi,
351 2706 404 2761 fiili
421 2723 556 2779 nequam,
578 2707 608 2761 in
631 2711 728 2761 §alleba
742 2706 867 2761 ECCleSfa
881 2711 909 2762 te
966 2723 1030 2777 (Ἀρ,
1048 2722 1137 2777 XXXI,
1154 2752 1188 2764 ...
1204 2723 1282 2789 thOd
1303 2739 1362 2777 cum
1375 2726 1603 2779 excommunicato
1618 2740 1697 2780 orare
1712 2741 1765 2781 ,2071
1780 2728 1815 2780 ἢ.

54 2795 147 2851 etiam
162 2793 203 2850 ibi
215 2800 354 2866 regnante
368 2795 436 2850 talia
449 2801 635 2867 presumant.
944 2848 947 2856 ,
1356 2800 1423 2849 cect.

55 2901 123 2958 car.
140 2901 242 2958 XXllll.
258 2929 293 2941 -
305 2900 432 2956 berete
447 2903 633 2956 ecclesiasticis
655 2900 910 2973 quomodo-restitui
1001 2882 1054 2950 (ne
1067 2883 1148 2937 ‘¹5⁰‘ss
1167 2883 1195 2939 S·
1213 2882 1334 2953 fsfdffl'd
1351 2883 1422 2937 Cum
1438 2884 1694 2952 ⁹¹0⁰ffl¹¹¹¹1¹150⁰i⁰2
1719 2902 1814 2956 neque

423 2972 546 3027 debeant.
927 2967 948 3023 C
966 2985 1058 3040 orare,
1075 2985 1169 3041 neque
1183 2970 1275 3040 loqui,
1301 2970 1356 3024 nisi
1370 2986 1404 3025 ea
1418 2987 1482 3042 quae
1497 2972 1533 3026 ad
1551 2972 1682 3027 eamdem
1698 2989 1813 3029 excom·

92 3059 156 3131 (Es
181 3059 254 3116 decr.
270 3061 391 3127 duratii,
408 3064 496 3131 capite
518 3061 556 3133 8.)
581 3062 614 3116 Et
628 3060 659 3115 in
680 3061 792 3133 legibus
813 3062 911 3117 seculi
966 3058 1192 3115 manicationem
1221 3060 1379 3130 pertinent,
1416 3075 1510 3132 neque
1542 3060 1618 3116 vesei
1648 3062 1751 3134 cuique
1779 3063 1815 3118 li-

55 3152 177 3204 eautum
198 3148 330 3205 habetur.
353 3149 407 3215 eui
425 3166 485 3205 rem
501 3149 621 3221 surripit
644 3150 777 3212 alienam,
802 3149 845 3205 illi
859 3165 908 3204 cu·
965 3153 1035 3203 caat.

52 3237 102 3308 jus
118 3252 166 3292 res
191 3237 335 3309 dirempta
359 3243 410 3304 est,
440 3239 469 3293 in
485 3238 681 3309 undecuplum
707 3254 772 3309 que
798 3239 911 3294 sublata
1138 3276 1144 3289 .
1167 3236 1231 3291 Car.
1245 3236 1350 3291 XXXll.
1367 3264 1400 3279 -
1416 3238 1560 3292 Decedam
1573 3254 1612 3293 re.

55 3331 126 3381 sunt
148 3327 289 3382 restituat.
307 3328 341 3382 Et
355 3327 386 3383 in
401 3329 465 3399 lege
486 3328 583 3383 divina
601 3328 718 3399 legitur.
744 3328 909 3383 Maledictus
1000 3327 1059 3394 (Ee
1075 3326 1155 3381 dictis
1176 3325 1317 3394 ejusdem.)
1332 3325 1361 3381 Si
1383 3326 1447 3397 quis
1461 3326 1559 3393 frater,
1585 3330 1635 3381 aut
1653 3326 1748 3398 palam
1764 3331 1815 3382 aut

55 3414 153 3470 omnis
167 3414 217 3486 qui
242 3416 378 3470 transfert
402 3416 540 3471 terminos
560 3416 687 3487 proximi
708 3415 754 3469 sui
769 3432 776 3470 :
793 3420 822 3471 et
840 3415 910 3471 dicit
965 3415 1099 3471 absconse
1122 3431 1186 3468 curn
1207 3414 1452 3469 excommunicato
1477 3415 1564 3469 fuerit
1584 3416 1707 3491 locutus,
1733 3431 1814 3471 com·

55 3502 153 3559 omnis
168 3505 302 3576 populus,
324 3505 425 3560 Amen.
442 3504 520 3559 Talia
537 3520 606 3574 erge
622 3520 681 3558 non
695 3510 910 3573 praesumantur
965 3520 1081 3559 munem
1096 3502 1191 3557 statim
1213 3518 1279 3557 cum
1299 3518 1334 3557 eo
1348 3502 1649 3557 excommunicationis
1663 3504 1815 3561 contrahet

54 3591 167 3664 absque
188 3592 309 3660 ultione,
335 3610 388 3648 neo
401 3599 588 3649 exerceantur
610 3592 718 3665 absque
743 3592 907 3647 damnatio·
963 3607 1088 3663 poenam.

55 3696 103 3736 ne.
121 3681 236 3748 Pacem,
251 3686 281 3736 ct
295 3697 353 3737 non
374 3683 513 3737 damnum
535 3686 586 3737 aut
600 3680 772 3753 injustitiam
787 3680 908 3751 alicujus
1162 3678 1226 3733 Car.
1243 3678 1356 3733 XXXlll.
1373 3707 1407 3717 -
1422 3680 1459 3733 lle
1469 3677 1561 3733 codem
1573 3694 1612 3734 re.

54 3764 207 3825 sectamini
232 3769 263 3824 in
277 3769 412 3839 invicem,
436 3776 465 3825 et
483 3771 514 3826 in
530 3785 640 3826 omnes.
666 3768 789 3824 Proinde
805 3768 908 3841 siquis
999 3767 1053 3838 (Es
1067 3766 1149 3821 dictis
1172 3768 1313 3821 Fructuosi
1328 3766 1468 3836 episcopi.)
1492 3767 1563 3821 Cum
1578 3767 1812 3823 excommunica-

55 3857 260 3914 ecclesiasticas
283 3858 451 3925 oblationes,
478 3864 507 3915 et
531 3860 607 3931 qnod
630 3859 687 3914 Deo
711 3862 907 3913 consecratum
963 3858 993 3910 to
1020 3855 1116 3910 nullus
1143 3855 1286 3926 loquatur,
1316 3870 1410 3925 neque
1436 3855 1563 3927 qualibet
1588 3871 1655 3910 eum
1682 3872 1810 3928 compas-

54 3944 155 4013 fuerit,
198 3946 346 4017 rapuerit,
380 3948 425 4002 vel
458 3946 634 4003 consenserit
663 3945 845 4015 iacientibus,
876 3950 908 4001 ut
963 3945 1044 4000 sione
1067 3945 1110 3999 rel
1134 3942 1318 3999 miseratione
1342 3943 1477 4010 refoveat,
1497 3959 1591 4016 neque
1614 3944 1649 3999 ad
1665 3946 1811 4002 contradi·

56 4035 215 4108 sacrilegus
239 4036 424 4108 dijudicetur,
445 4042 475 4092 et
496 4037 634 4093 damnum
656 4037 687 4090 in
711 4036 906 4109 quadruplum
962 4035 1097 4101 ctionem,
1114 4032 1160 4087 vel
1174 4032 1339 4103 superbiam
1355 4033 1518 4087 confortare
1534 4038 1698 4108 presumat.

54 4125 199 4191 restituet,
215 4130 244 4180 et
258 4124 392 4180 canonice
406 4126 554 4196 paeniteat.
1159 4122 1223 4177 Car.
1240 4122 1348 4176 XXXIV.
1364 4152 1398 4160 —
1414 4122 1455 4176 De
1468 4122 1559 4176 eadem
1574 4137 1612 4176 re.

55 4231 122 4288 gn,
139 4232 255 4288 ngflp
265 4262 301 4273 ..
316 4231 395 4299 Quod
405 4233 534 4300 ,amqeqi
543 4233 599 4286 ,gne
609 4231 790 4286 godmarum
801 4230 943 4301 prmo
999 4211 1053 4281 (Ec
1066 4211 1176 4265 concilio
1200 4210 1338 4276 doctioris,
1354 4211 1444 4278 copitc
1463 4211 1503 4279 2.)
1525 4209 1596 4264 Cum
1614 4211 1811 4265 excommuni-

453 4318 509 4358 ces.
963 4300 1033 4356 catis
1056 4299 1197 4354 nonlicet
1222 4297 1447 4367 communicare,
1470 4314 1521 4352 uec
1536 4314 1601 4352 cnm
1624 4297 1670 4353 his
1692 4299 1742 4370 qui
1758 4314 1810 4370 per

90 4391 148 4464 (Es
160 4394 274 4448 concilio
297 4395 431 4463 flectenti,
453 4395 542 4462 cupite
557 4392 593 4461 3.)
610 4390 746 4462 Sacrilegi
768 4395 834 4446 sunt
857 4391 906 4446 Ec·
961 4387 1063 4442 domos
1091 4387 1275 4449 conveniunt,
1309 4384 1466 4440 devitantes
1500 4384 1644 4440 orationes
1672 4386 1811 4454 ecclesie,

54 4480 210 4536 etesiarum
230 4482 391 4553 predones.
416 4483 496 4538 Unde
512 4485 540 4536 et
558 4482 590 4536 in
607 4480 726 4535 concilio
750 4479 907 4552 Agathensi
961 4475 1010 4529 ubi
1027 4475 1114 4529 simul
1136 4473 1277 4527 orandum
1300 4478 1351 4528 est.
1374 4474 1403 4528 si
1426 4472 1550 4544 quilibet
1574 4477 1670 4528 autem
1685 4491 1720 4530 ex
1733 4475 1810 4529 clero

54 4569 108 4624 snb
134 4573 236 4640 quarto
260 4570 387 4640 capitulo
411 4570 558 4625 decretum
580 4569 703 4623 habetur
726 4567 765 4622 ita
782 4583 790 4621 ι
806 4568 906 4622 Amico
961 4565 1157 4636 deprehensus
1181 4563 1269 4619 fuerit
1286 4579 1351 4618 cum
1373 4563 1627 4618 excommunicetis
1650 4563 1810 4619 communi·

54 4656 204 4729 quippiam
219 4673 321 4729 rapere
339 4659 449 4714 furtum
464 4663 529 4714 est:
548 4658 679 4713 Ecclesiae
695 4672 761 4711 vero
778 4655 905 4710 fraudari
959 4669 1034 4720 care,
1050 4653 1137 4709 etiem
1151 4653 1205 4707 iste
1220 4652 1347 4724 privetur
1361 4652 1575 4707 communione.

54 4747 97 4802 rel
126 4745 254 4801 abstrahi
281 4747 446 4819 surripique
472 4746 665 4817 saerilegium.
695 4746 800 4800 Omnes
827 4745 905 4799 enim
1164 4740 1604 4797 Cae.XXXV.—lleecdemre.

55 4838 154 4889 contra
181 4834 273 4905 legem
290 4835 436 4904 facientes,
460 4851 564 4907 resque
580 4832 710 4888 Ecclesiae
724 4832 902 4904 diripientes,
996 4831 1051 4902 (lic
1066 4845 1165 4886 concae
1189 4829 1392 4898 apostotorum.)
1420 4828 1529 4900 Siquis
1553 4844 1618 4884 cum
1642 4843 1807 4884 excommu-

54 4923 95 4977 rel
120 4922 261 4978 Ecclesiae
285 4923 504 4996 sacerdotesque
529 4927 628 4978 centra
651 4922 761 4977 divinas
780 4921 904 4975 sanctio·
959 4919 1064 4985 niente,
1090 4920 1191 4973 saltem
1207 4918 1237 4971 in
1251 4916 1347 4981 domo,
1377 4917 1463 4972 simul
1488 4917 1621 4984 oraverit,
1647 4917 1700 4971 iste
1724 4932 1806 4970 com·

55 5026 103 5087 nes
127 5015 264 5066 vexantes
287 5012 419 5083 sacrilegi
433 5017 583 5078 vocantur,
605 5017 692 5084 atque
708 5010 905 5066 indubitanter
959 5008 1097 5064 munione
1112 5006 1250 5078 privetur.

54 5097 185 5168 infames,
201 5101 391 5173 sacrilegique
404 5100 528 5156 habendi
543 5105 619 5155 sunt.
1153 5095 1217 5149 Cae.
1232 5094 1341 5149 XXXVI.
1356 5124 1391 5133 -—
1412 5095 1452 5148 De
1466 5092 1557 5148 eadem
1571 5108 1609 5146 re.

268 5190 332 5245 Car.
346 5190 433 5244 XXlX.
450 5217 484 5231 ·-
496 5191 532 5244 De
545 5189 637 5243 eudem
650 5204 688 5243 re.
992 5186 1048 5254 (lle
1067 5184 1178 5239 coercitio
1193 5184 1310 5249 Nicaeno,
1327 5184 1415 5251 capite
1429 5180 1468 5252 5.)
1484 5181 1522 5235 lte
1543 5178 1588 5234 bis
1602 5177 1651 5251 qui
1675 5194 1805 5234 commu·

86 5277 144 5346 (Ec
155 5280 237 5347 epist.
252 5277 303 5332 Pii
316 5293 395 5348 pcpae
408 5279 519 5333 Italicis
532 5278 670 5344 frutribus
684 5274 792 5347 misso.)
808 5275 848 5330 tld
861 5290 904 5329 se·
957 5273 1043 5329 nione
1065 5272 1226 5344 privantur,
1251 5286 1301 5323 seu
1317 5284 1352 5322 ex
1364 5268 1450 5335 clero,
1472 5281 1523 5321 seu
1538 5265 1675 5320 exlaicali
1691 5267 1803 5334 ordine,

54 5362 230 5421 dementem
255 5367 443 5437 apostoticam
458 5367 602 5438 perlatum
618 5370 671 5432 est,
694 5365 770 5435 qnod
787 5364 844 5420 sint
858 5364 903 5419 in·
958 5363 993 5418 ab
1010 5361 1151 5433 episcopis
1176 5375 1227 5430 per
1241 5371 1476 5429 unamquamque
1497 5354 1675 5427 provinciam
1689 5360 1805 5411 senten·

54 5454 97 5507 ter
111 5469 161 5508 vos
182 5455 381 5509 contentiones
407 5459 437 5509 et
462 5455 663 5521 emulationes,
684 5458 713 5508 et
733 5451 902 5524 praediadi·
957 5451 998 5506 tia
1020 5449 1161 5522 regularis
1183 5447 1358 5510 obtineatur,
1381 5449 1413 5499 ut
1436 5445 1467 5500 hi
1493 5443 1544 5516 qui
1560 5444 1745 5515 abjiciuntur,
1769 5444 1804 5499 ab

55 5540 127 5596 riuis
143 5542 242 5598 usibus
258 5543 372 5611 tradita,
394 5543 511 5615 quidam
535 5540 903 5614 trumonisapplicentnsi·
958 5539 1021 5594 aliis
1036 5554 1096 5595 non
1120 5536 1306 5608 recipiantur.
1335 5532 1511 5607 Requiratur
1531 5538 1626 5590 autem
1650 5548 1687 5588 nc
1708 5530 1805 5605 pusil-
