3878 6112
596 269 832 329 bunnecourt!
854 273 948 330 bibli!
966 273 1021 331 XX.
1036 301 1073 313 -
1090 270 1285 329 taurento.

686 579 1188 704 unucunuul

507 808 862 878 wouutclultsls
896 812 1127 880 uectuslu
1159 811 1370 880 uutscout

601 1097 1279 1246 DECRETORUM

769 1379 898 1454 LIBRI
926 1380 1110 1455 VIGINTI

71 1615 121 1681 lic
133 1610 282 1680 conciliis
298 1624 330 1680 et
348 1610 609 1681 orthodoxorum
627 1617 770 1681 Petrum
784 1612 932 1695 decretis,
952 1625 1030 1681 turtc
1048 1613 1149 1681 etiam
1172 1612 1378 1682 diuersurum
1401 1612 1576 1680 notionum
1593 1607 1740 1701 synodis,
1758 1630 1818 1676 ceu

110 1718 175 1786 loci
187 1739 374 1786 communes
388 1719 544 1808 cooperti,
561 1719 731 1809 inquibus
750 1731 855 1787 totum
874 1718 1127 1788 ecclesiasticum
1144 1741 1267 1786 munus
1285 1715 1453 1785 luculenta
1476 1715 1635 1783 breuitate
1650 1726 1682 1782 ct
1696 1725 1816 1781 veteres

110 1823 339 1892 Ecclesiomm
353 1823 594 1892 observationes
606 1824 843 1916 complectitur.

120 1999 236 2056 Parisiis
250 2001 328 2073 apud
341 2001 483 2057 loannem
498 2003 698 2069 Foucherinm,
714 2003 766 2058 suh
780 2003 865 2138 Scutso
877 2004 1039 2154 ΡΙῗι-οιῖὶῖἰῧ,
1055 2004 1102 2059 via
1113 2003 1149 2060 ad
1164 2005 1197 2060 b.
1213 2003 1362 2059 iacobum.
1378 2032 1413 2043 -
1429 2003 1508 2058 tato.
1523 1999 1595 2057 Cum
1609 1999 1764 2073 privilegio

859 2098 912 2138 ena
925 2099 959 2139 us
1030 2124 1037 2136 .

1048 2270 1393 2280 ...ψ-*αο-

737 2451 1147 2551 BURCHARDUS

545 2639 751 2697 accersita
779 2641 1091 2699 woauacrcusrs
1117 2642 1340 2700 aorscoeus

826 2788 1060 2866 Buutltfluu

330 2956 501 2999 rtufflsstuo
520 2956 572 2999 SUO
591 2957 624 2997 at
642 2956 761 2998 retusum
780 2956 915 2999 ECCLESIAE
933 2956 1098 3009 rumano,
1118 2956 1146 2997 tlt
1165 2955 1281 2998 cuutsro
1299 2955 1403 2997 uuutuo
1423 2955 1558 2999 suurn.

101 3253 236 3309 Amuttis
250 3268 318 3309 sane
341 3253 453 3322 diebus,
473 3259 501 3310 et
521 3269 598 3325 sape
625 3253 743 3327 quidem
760 3269 857 3310 coram
876 3254 918 3309 la·
937 3257 1052 3310 Amem
1066 3257 1165 3308 temen
1188 3251 1337 3325 quianon
1364 3255 1471 3307 certem
1494 3249 1633 3323 temporis
1656 3263 1822 3305 mensnram

67 3341 217 3396 miliaritas
238 3347 299 3410 tna,
317 3342 485 3398 charissime
502 3343 600 3410 frater,
628 3342 770 3398 hortando
794 3361 810 3398 a
834 3341 917 3397 nobis
971 3358 1114 3397 canonum
1134 3357 1256 3397 censura
1269 3342 1410 3412 expressit
1424 3341 1460 3396 nd
1482 3341 1595 3412 singula
1616 3337 1820 3411 poenitentium

67 3429 226 3498 contendit,
239 3435 272 3486 ut
286 3432 356 3486 utile
377 3429 496 3503 aliquod
510 3447 583 3503 opus
603 3447 662 3486 non
678 3431 774 3486 minus
794 3447 828 3487 ex
851 3447 915 3487 san·
970 3431 1074 3486 delicta
1107 3430 1311 3496 adhibendam,
1337 3430 1388 3485 sed
1421 3429 1452 3484 in
1484 3428 1693 3485 absolventium
1712 3425 1821 3499 judicio

66 3522 178 3573 ctornm
192 3518 310 3575 Petrum
322 3519 480 3586 sententiis,
497 3534 584 3590 quom
598 3519 743 3574 canonicis
757 3519 915 3589 scripturis,
970 3519 1191 3590 relinquendam
1219 3518 1327 3585 statuit,
1350 3517 1455 3573 idcireo
1478 3516 1656 3588 poenitentiae
1686 3515 1824 3571 salutaria

66 3607 110 3662 vel
138 3606 176 3661 ab
190 3608 379 3680 comprobetis
402 3607 605 3680 poenitentium
624 3608 774 3679 exemplis,
801 3607 837 3663 ed
868 3622 917 3662 ne·
971 3605 1098 3662 remedie
1113 3607 1149 3661 ab
1163 3604 1307 3677 imperitis
1330 3605 1448 3677 quidem
1470 3605 1666 3661 sacerdotibus
1694 3620 1754 3659 non
1769 3619 1822 3675 pro

68 3693 224 3750 cessarium
258 3695 388 3751 Ecclesia
423 3700 528 3751 nostrie
564 3695 790 3751 deservientium
820 3711 916 3764 usum,
971 3694 1142 3750 delictorum
1166 3694 1304 3766 qualitate
1326 3692 1557 3763 providentnr‚a
1585 3691 1641 3764 piis
1656 3691 1774 3763 quidem
1794 3695 1824 3746 et

67 3782 201 3854 vigilanti
215 3784 496 3856 studiocolligcrem.
513 3785 547 3840 ut
560 3784 589 3840 id
604 3783 733 3856 quidem,
747 3785 792 3840 vel
816 3800 849 3840 oa
871 3801 919 3839 ra·
971 3782 1116 3838 canonicis
1139 3780 1289 3852 scripturis
1317 3780 1464 3847 institutis,
1497 3780 1599 3835 eadem
1626 3779 1708 3834 lacile
1735 3782 1825 3851 prout

69 3871 146 3926 hone
161 3870 286 3927 maxime
300 3871 591 3944 flagitarevideberie,
607 3873 839 3944 quodcauonum
853 3874 919 3946 jura
971 3869 1212 3942 uniuscujuslibet
1235 3868 1389 3924 ioflrmitas
1419 3868 1552 3940 requirit,
1578 3868 1762 3923 adhibentur.
1790 3868 1824 3922 Et

70 3964 157 4031 atque
176 3958 380 4030 prenitentium
402 3961 514 4027 torma,
533 3961 565 4015 in
587 3963 684 4017 nostra
707 3961 824 4033 quidem
847 3962 918 4018 diue·
973 3959 1041 4032 qnia
1059 3958 1114 4014 hoc
1128 3974 1173 4014 res
1193 3957 1234 4013 ita
1258 3956 1356 4028 habet,
1371 3973 1405 4013 eo
1420 3972 1466 4011 me
1489 3956 1605 4012 dileetio
1632 3954 1821 4028 terrogavit,

69 4047 126 4102 cesi
139 4047 343 4109 adeoconluse
370 4048 438 4118 sint,
459 4053 545 4120 atque
567 4049 642 4104 inter
659 4065 690 4104 se
714 4050 918 4121 discrepantia,
972 4055 1005 4104 ut
1017 4049 1140 4120 opellam
1156 4049 1229 4103 hanc
1243 4052 1407 4119 congestam
1422 4045 1587 4118 junioribus
1601 4045 1708 4101 nostrie
1727 4046 1824 4117 legeu-

71 4139 102 4190 ut
116 4140 169 4190 aut
182 4150 218 4190 ex
241 4139 301 4191 toto
316 4135 454 4208 neglecte,
478 4141 528 4191 aot
555 4137 634 4191 omni
653 4152 728 4208 pene
752 4138 919 4194 auctoritate
973 4139 1251 4209 damproponerem,
1268 4152 1327 4207 qno
1342 4135 1398 4209 ipsi
1410 4136 1441 4191 in
1451 4134 1555 4191 idonea
1570 4134 1709 4191 nimirum
1728 4137 1822 4201 telate,

69 4222 216 4290 destitute,
245 4223 290 4278 rel
317 4223 426 4279 modice
464 4223 496 4279 iu
536 4224 728 4281 ecclesiastica
769 4226 920 4298 disciplina
973 4242 1007 4282 ea
1034 4226 1155 4293 discant,
1192 4241 1257 4299 quae
1282 4226 1327 4281 vel
1352 4223 1443 4280 serior
1470 4223 1625 4297 equalium
1658 4227 1824 4278 nostrorum

68 4308 205 4367 institutis
216 4326 355 4383 apparere
370 4313 490 4383 possint.
512 4313 574 4378 Qua
588 4315 624 4370 de
645 4331 731 4371 causa
752 4331 828 4388 saepe
842 4317 919 4372 acci·
973 4319 1042 4371 estes
1070 4314 1156 4370 modo
1179 4312 1292 4386 assequi
1321 4330 1380 4369 non
1405 4313 1507 4386 possit,
1532 4314 1577 4369 vel
1611 4315 1823 4368 autecessorum

68 4397 117 4465 dit,
132 4403 165 4453 ut
173 4400 211 4455 ad
223 4399 402 4471 prenitentire
414 4401 572 4458 remedium
599 4402 841 4475 conlugientibus,
853 4421 919 4460 curu
973 4402 1151 4474 negligentia
1164 4418 1229 4469 ,uon
1252 4401 1357 4475 attigit
1382 4402 1486 4473 Utpote
1504 4401 1739 4458 decentissimum
1761 4400 1824 4455 lore

69 4487 105 4542 ob
117 4502 264 4543 monum
283 4489 506 4560 descriptionem
527 4489 685 4560 contusam,
710 4495 772 4546 tum
794 4491 831 4546 ob
849 4507 954 4585 pre·B
974 4492 1152 4563 existimans,
1167 4496 1198 4547 nt
1219 4491 1363 4564 quiscum
1383 4491 1463 4546 omni
1495 4489 1639 4561 probitate
1652 4505 1684 4544 se
1704 4488 1827 4562 discipu·

70 4574 246 4647 sbyterernm
263 4583 426 4635 nostrorum
440 4579 645 4650 ignorantiam,
665 4595 722 4634 nou
741 4579 826 4635 facile
848 4581 918 4635 euh-
972 4581 1033 4636 lum
1054 4580 1136 4652 prius
1172 4579 1315 4650 exhibeat,
1339 4594 1428 4651 qoam
1464 4578 1589 4634 doctoris
1623 4578 1824 4634 auctoritatem

68 4664 207 4720 veniatur.
234 4665 317 4730 Quod
333 4684 370 4723 an
384 4666 450 4723 ideo
471 4667 656 4739 potissimum
679 4668 772 4736 lieret,
786 4684 845 4724 non
860 4668 918 4725 im·
971 4668 1049 4739 apud
1067 4670 1185 4740 vulgum
1198 4673 1304 4724 temere
1318 4672 1483 4739 presumat.
1504 4668 1539 4722 Et
1556 4668 1586 4723 in
1601 4666 1704 4722 scholis
1723 4666 1824 4732 discat,

71 4754 210 4823 pudenter
225 4771 258 4811 er
274 4771 321 4812 me
334 4757 454 4829 rogasti.
477 4758 510 4814 lit
533 4773 699 4830 quanquam
721 4756 798 4814 idem
819 4756 919 4814 existi-
973 4758 1051 4831 quod
1074 4773 1135 4813 sure
1162 4757 1228 4813 lldei
1262 4755 1428 4812 commissos
1455 4754 1564 4812 doceat.
1588 4755 1729 4827 Equidem
1751 4755 1826 4809 benc

101 4945 159 5017 (tl)
171 4946 306 5004 Βαναία
315 4948 362 5004 des
380 4951 517 5019 lteqistres
531 4949 564 5004 dc
573 4950 733 5006 Pcrlement.
972 4950 1209 5021 uulhesflibruirea
1219 4957 1245 5008 et
1255 4950 1431 5022 Imprimeurs
1442 4950 1510 5006 dece
1520 4954 1631 5015 reesort,
1642 4947 1745 5016 leettap
1756 4946 1827 5002 liure

102 5017 142 5072 bo
169 5024 256 5085 court,
286 5035 351 5075 oute
374 5020 402 5073 to
430 5023 560 5090 Requerte
586 5023 605 5074 n
630 5022 679 5076 elle
701 5023 840 5091 presuctte
865 5037 921 5092 pur
972 5024 1125 5094 Imprimer,
1140 5023 1408 5092 (nireimprimerou
1421 5036 1536 5091 caperer
1561 5035 1594 5075 en
1617 5024 1704 5085 vente,
1721 5020 1824 5073 omues

74 5086 157 5141 leton
166 5087 290 5142 Foueter
302 5090 428 5145 btbrcire
446 5091 507 5146 lure
520 5106 553 5145 en
568 5091 758 5146 lummene
778 5091 813 5146 de
828 5095 917 5161 puris,
973 5109 1024 5164 que
1045 5095 1124 5150 ceule
1160 5110 1193 5149 ue
1216 5093 1282 5149 ledit
1303 5092 1446 5162 supplicat
1468 5106 1540 5146 oure
1562 5092 1650 5156 triete
1668 5090 1822 5158 lmprtmer,

71 5172 120 5225 por
133 5158 264 5230 laquelle
277 5160 300 5213 tt
317 5162 470 5230 requerotet
488 5163 537 5232 luy
555 5167 624 5217 estre
642 5160 748 5232 porrois
764 5163 917 5233 lmprimer,
972 5179 1036 5220 sons
1051 5180 1099 5220 eoa
1159 5169 1247 5220 umet
1272 5167 1480 5227 ommonem,
1505 5163 1652 5230 torqueat
1673 5161 1738 5230 cinq
1762 5174 1823 5224 aas,

10 5270 13 5281 .
72 5230 188 5295 ostoire
205 5229 366 5297 Imprtmer,
395 5231 536 5299 applicare
564 5234 673 5288 intituli
690 5235 723 5288 o.
749 5234 914 5302 burchardi,
972 5249 1021 5290 eur
1035 5237 1115 5305 petae
1137 5236 1171 5291 de
1193 5237 1369 5306 emptorem
1395 5233 1488 5288 desdis
1514 5233 1609 5299 buret,
1631 5236 1657 5287 ct
1681 5229 1823 5286 d'araeade

76 5299 287 5383 Vuorchr'ensis
319 5303 450 5426 almorum,
483 5303 661 5359 Decretorum
695 5303 757 5358 bib.
790 5305 847 5371 n,
884 5321 919 5360 ec
973 5305 1130 5362 arbitratre.
1164 5308 1243 5362 llotct
1267 5321 1301 5360 en
1331 5305 1484 5360 Perlcment
1510 5305 1528 5358 ei
1551 5303 1635 5357 Poris
1663 5302 1687 5357 le
1711 5300 1821 5357 dernier

73 5368 194 5452 Oenotris
209 5374 235 5424 et
244 5370 322 5425 ortho
379 5386 458 5428 orum
468 5378 584 5444 potrum
600 5375 718 5430 Decretis
737 5379 787 5429 etc.
812 5375 918 5445 Aper·
972 5377 1041 5432 tour
1051 5376 1085 5431 de
1100 5377 1242 5432 Decembre
1256 5376 1307 5431 llil
1317 5378 1380 5444 cinq
1396 5389 1456 5430 cens
1470 5377 1605 5443 quarente
1618 5372 1697 5442 bapt.

72 5453 119 5522 rau
132 5443 159 5495 et
277 5442 538 5514 tuuditsuppliunt
559 5445 714 5514 lmprlmer,
728 5459 764 5498 ou
778 5445 917 5510 tuirelm·
1301 5446 1440 5500 Collatini
1453 5449 1493 5500 tet
1507 5445 1609 5500 latete.

10 5566 12 5573 .
71 5523 171 5577 imm
234 5511 343 5583 'litem
357 5512 818 5584 eteepoeermoentedtdefferree
831 5515 918 5569 ttoeu
1308 5515 1486 5588 Atneyrtprt
1502 5513 1543 5571 Do
1557 5513 1666 5570 Timar.
1784 5554 1786 5559 .

10 5580 14 5647 Ι

10 5722 23 6076 l
