3878 6112
127 260 180 315 ⁸281
777 257 805 314 S.
826 256 975 316 natatur
995 256 1233 316 innumeris
1835 261 1886 315 288

128 389 157 439 et
171 381 372 448 residentibus,
397 386 446 436 aet
464 380 631 438 bominibus
646 381 911 453 supersedentibus
934 383 1014 438 vell
1034 381 1174 455 scriptum
1198 399 1286 438 manu
1310 381 1430 456 propria
1446 381 1612 439 roborantes
1624 381 1712 454 sigilli
1726 384 1819 440 nostri
1831 383 1888 439 im-

130 470 358 527 inhabitanlibus
387 470 565 535 theloneum,
596 475 646 525 aut
682 470 806 542 aliquam
836 469 981 540 publicam
1036 471 1183 543 pressione
1197 471 1329 544 insigniri
1335 472 1484 543 jussimus.

131 560 308 615 lunationem
336 574 388 628 par
411 558 533 629 alicujus
559 559 635 615 tituli
648 559 857 615 districtionem
878 560 982 614 audeat
1072 561 1142 616 bata
1165 565 1263 615 octavo
1277 561 1343 615 Idus
1366 560 1483 631 Aprilis,
1510 559 1609 616 indict.
1627 576 1677 626 vn,
1694 576 1772 616 enno
1786 559 1824 615 ab
1839 560 1885 614 in-

129 645 244 717 exigere
266 646 310 699 val
327 643 490 716 exquirere,
508 661 561 700 nec
587 646 714 718 aliquam
730 644 920 710 invasionem,
937 646 981 699 vel
1035 649 1200 703 carnatione
1227 649 1336 705 Domini
1368 651 1447 716 1009,
1463 664 1539 703 anno
1554 664 1622 704 vero
1636 648 1748 704 domini
1764 649 1887 704 tleinrici

131 733 397 799 diminorationem,
434 740 484 788 aut
515 735 697 788 temerariam
723 733 981 804 praesumptionem
1035 737 1154 793 secundi
1171 737 1508 809 regnantisvrrr.dctum
1523 737 1840 809 Regenspurg.bmen.

132 822 337 895 quoquomodo
365 836 448 892 agere
472 822 516 877 vel
533 823 639 878 inferre
653 823 856 893 praesumendo
868 827 981 894 perten·
1417 825 1499 896 iLlll.

134 916 184 967 tet.
202 910 304 982 Siquis
318 911 407 981 igitur
421 912 492 965 banc
506 916 608 966 nostrie
624 927 738 982 semper
766 917 794 966 et
815 911 922 984 ubique
935 911 982 966 in·
1197 915 1226 971 S.
1241 916 1352 969 chrici
1368 915 1547 984 prioitepium
1561 929 1613 984 pro
1627 914 1731 969 eodem.

134 1000 272 1054 violandae
303 999 453 1068 cautionis,
484 999 672 1064 delinitionis,
700 999 925 1064 deliberationis,
955 1002 983 1052 et
1344 1001 1576 1070 (Annoeodem.)

134 1087 333 1153 concessionis,
354 1092 381 1141 et
400 1087 567 1142 voluntariae
591 1087 802 1142 distributionis
834 1088 981 1159 paginam,
1287 1091 1444 1164 [ludewig.
1465 1091 1513 1146 ubi
1527 1089 1636 1162 supra]

133 1176 210 1248 quod
223 1176 309 1231 absit!
327 1177 531 1247 quoquomodo
552 1175 705 1230 temerario
729 1191 798 1229 ausu
825 1175 982 1245 infringere
1072 1178 1104 1233 ln
1119 1178 1237 1233 nomine
1261 1183 1366 1232 sanctia
1390 1182 1419 1233 et
1440 1177 1596 1232 individere
1618 1176 1779 1245 Trinitatis,
1805 1178 1885 1232 tlara·

132 1269 250 1320 conatus
278 1264 375 1330 faerit,
401 1264 471 1317 sciet
487 1281 516 1317 se
528 1264 754 1334 compositurum
768 1267 884 1317 centum
895 1262 983 1317 libras
1039 1281 1113 1320 arcus
1125 1265 1345 1320 divinalavente
1359 1265 1511 1321 clementia
1521 1281 1582 1319 rex.

133 1351 491 1426 auriautmius[arcendi
504 1353 939 1419 medietatemcemeraenostrce,
954 1354 984 1405 et
1072 1353 1103 1408 Si
1115 1353 1185 1424 quid
1196 1370 1248 1407 nos
1259 1353 1395 1408 Ecclesiae
1415 1352 1478 1421 Dei,
1494 1353 1538 1407 vel
1554 1353 1585 1407 in
1600 1352 1707 1407 eisdem
1717 1352 1884 1419 servientes,

132 1442 316 1496 medietatem
329 1442 477 1510 praelibato
500 1441 673 1495 monasterio
696 1440 785 1494 sancti
798 1439 981 1510 Apollinaris.
1038 1443 1073 1498 de
1096 1442 1201 1519 nostris
1217 1442 1308 1498 ditare
1322 1442 1529 1506 studuerimus,
1543 1443 1642 1514 procul
1663 1441 1752 1496 dubio
1767 1442 1885 1516 immar-

133 1524 530 1595 drodmanniae-edatur,
548 1528 771 1600 diligentiusque
795 1529 830 1583 ab
850 1527 983 1581 omnibus
1037 1530 1168 1585 nescibile
1195 1531 1347 1602 premium
1377 1532 1407 1585 in
1426 1529 1524 1585 futuro
1554 1547 1701 1602 capessere
1732 1530 1884 1585 credimus.

134 1618 308 1683 observetur,
326 1633 413 1672 manu
426 1617 542 1688 propria
556 1623 726 1688 presentem
742 1617 877 1687 paginam
893 1616 983 1671 robo-
998 1659 1019 1712 B
1037 1622 1144 1686 Quada
1168 1636 1198 1674 re
1221 1619 1331 1674 cunctis
1347 1619 1482 1674 fidelibus
1496 1619 1613 1687 nostris,
1635 1618 1830 1690 presentibus
1839 1619 1887 1674 sci·

134 1709 229 1761 rantes
255 1705 347 1761 nostri
375 1706 462 1777 sigilli
485 1705 676 1777 impressione
704 1705 824 1760 inferius
849 1702 983 1776 insigniri
1037 1709 1147 1764 licetet
1165 1708 1280 1774 laturis,
1310 1714 1413 1763 notum
1439 1724 1499 1762 esse
1524 1709 1659 1762 volumus
1674 1707 1801 1778 qualiter
1828 1723 1885 1771 nos,

131 1794 282 1866 jussimus.
1037 1803 1150 1852 aterne
1161 1795 1226 1852 vilre
1254 1796 1397 1852 desiderio
1412 1796 1594 1864 inflammati,
1607 1801 1666 1850 tem
1690 1813 1744 1868 pro
1762 1797 1887 1852 remedio

169 1885 288 1950 stanam
298 1883 391 1938 domni
404 1885 528 1938 Heinrici
540 1885 612 1951 redis
626 1883 810 1937 invictissimi·
1038 1887 1141 1941 anime
1156 1889 1261 1939 nostrae
1284 1900 1370 1957 quam
1390 1890 1541 1956 parentum
1559 1890 1738 1950 nostrorum,
1754 1900 1809 1939 nec
1832 1902 1887 1939 non

172 1972 351 2026 Eberhardus
378 1970 564 2026 cancellarius
579 1971 638 2026 vice
664 1969 795 2042 willigisi
810 1968 982 2042 archicapel·
1038 1979 1066 2029 at
1089 1974 1252 2028 interventu
1285 1972 1395 2027 dilecta
1432 1972 1549 2044 (uxoris)
1579 1971 1745 2026 contectalis
1781 1976 1886 2026 nostrae

136 2060 195 2115 lani
207 2059 369 2131 recognovi.
1037 2062 1245 2133 chunigundae,
1265 2067 1294 2117 et
1312 2078 1364 2132 pro
1393 2060 1570 2116 dilectissimi
1594 2059 1755 2114 altahensis
1777 2059 1887 2114 abbata

172 2149 242 2203 Data
264 2165 302 2202 vn
327 2149 467 2203 Kalendas
490 2148 565 2215 ldaii,
581 2148 737 2203 indictione
760 2147 892 2220 septima,
908 2163 983 2202 anno
1037 2151 1197 2208 Godebardi
1231 2150 1396 2219 gratissimo
1436 2149 1585 2221 obsequio,
1627 2148 1722 2203 eidem
1758 2148 1887 2203 Ecclesia

137 2237 293 2291 Dominicoe
315 2237 520 2292 incarnationis
538 2237 691 2292 millesimo
707 2252 793 2303 nono,
818 2252 893 2290 anno
915 2252 983 2291 vero
1037 2241 1084 2294 cui
1110 2239 1171 2311 ipse
1200 2255 1321 2310 praeesse
1354 2239 1475 2307 videtur,
1503 2238 1535 2292 in
1562 2254 1647 2293 usum
1681 2238 1887 2292 monachorum

136 2323 235 2378 domui
250 2324 374 2379 Heinrici
388 2325 506 2380 secundi
517 2325 663 2395 regnantis
677 2341 725 2378 sn.
1037 2329 1111 2383 inibi
1126 2329 1183 2382 Deo
1195 2327 1409 2395 famulantium,
1421 2326 1450 2381 in
1471 2327 1610 2381 comitatu
1621 2325 1791 2381 Thiemorris
1811 2340 1885 2395 pres-

170 2416 272 2468 rlctum
287 2414 423 2470 Niven....
440 2413 569 2469 leliciter.
584 2417 689 2470 Amen.
1037 2416 1116 2483 sidia,
1137 2432 1230 2488 prope
1258 2415 1477 2486 monasterium,
1501 2414 1613 2470 invilla
1637 2412 1886 2487 llelnigerimpark

514 2503 586 2583 ,¹²¹1·
1038 2505 1123 2570 dicta,
1154 2507 1310 2559 mercatum
1336 2503 1471 2570 hebenti;
1497 2503 1639 2559 telonium
1662 2508 1722 2558 tam
1746 2501 1886 2557 viantium

138 2589 166 2646 S.
183 2591 294 2646 Hmrici
316 2591 494 2662 privatensem
513 2590 676 2645 Godeturdo
700 2589 797 2646 abbati
822 2602 982 2644 concessum·
1038 2610 1125 2665 quam
1149 2592 1346 2663 navigantium
1362 2592 1493 2662 exigendi
1505 2592 1738 2664 jasperpetuum
1753 2606 1809 2663 per
1836 2589 1889 2644 hoc

456 2678 548 2750 (inno
568 2678 657 2748 loos.)
1037 2682 1133 2754 regale
1158 2685 1332 2752 preceptum
1365 2679 1541 2735 contulimus
1569 2686 1656 2752 atque
1684 2677 1887 2734 concessimus.

255 2765 412 2840 [ludewig
429 2768 535 2837 Script.
554 2784 608 2822 rer.
626 2769 726 2832 Germ..
745 2764 868 2838 333·34.]
1037 2772 1117 2837 Quod
1138 2770 1162 2825 si
1177 2786 1233 2842 qua
1248 2785 1370 2840 persona
1380 2768 1475 2824 eidem
1490 2769 1552 2824 loco
1568 2767 1730 2834 abstulerit,
1746 2768 1777 2822 in
1791 2767 1889 2822 tuturo

173 2857 206 2910 ln
231 2856 509 2911 nominesanctaeet
535 2856 691 2910 individua
714 2854 870 2922 Trinitatis,
896 2857 983 2910 llem·
1035 2858 1144 2929 judicio
1159 2856 1349 2912 examinanda
1370 2858 1435 2912 erit.
1464 2858 1497 2912 tlt
1519 2857 1618 2911 uthac
1636 2854 1888 2912 nostrestradilio·

139 2943 449 2999 arcusdivinalavente
464 2944 687 3000 clementiores.
1039 2948 1083 3002 nis
1119 2947 1272 3001 auctoritas
1304 2946 1414 3001 stabilis
1449 2950 1478 3000 et
1511 2945 1679 3000 inconvulsa
1709 2948 1888 3016 permaneat,

172 3032 202 3086 Si
225 3031 361 3086 Ecclesiae
383 3032 438 3088 [tei.
456 3033 576 3103 alicujus
604 3032 673 3088 doni
694 3032 873 3086 incremento
894 3032 984 3087 ditare
1039 3052 1126 3090 manu
1142 3035 1260 3106 propria
1278 3052 1342 3091 eam
1366 3033 1534 3089 roborantes
1558 3033 1679 3102 sigillari
1694 3037 1797 3088 nostra
1820 3032 1889 3087 ima-

137 3119 181 3173 vel
202 3118 355 3173 sublimare
380 3118 585 3187 studuerimus,
629 3119 711 3173 nobis
737 3117 778 3173 id'
798 3118 982 3190 profuturum
1038 3125 1104 3197 gine
1115 3123 1266 3193 jussimus.

136 3222 198 3261 0³³0
219 3207 339 3261 minime
367 3208 541 3264 dubitamus·
571 3208 752 3278 Quapropter
787 3211 899 3262 11⁰V⁰r1l
922 3224 983 3262 ⁰¹11·
1075 3214 1192 3269 Datavn
1208 3213 1274 3267 ldns
1287 3211 1376 3279 lunii,
1396 3209 1553 3266 indictione
1569 3227 1617 3280 vn,
1633 3227 1710 3266 anno
1732 3209 1888 3266 Dominice

136 3295 218 3349 nium
243 3295 346 3350 Cbristi
363 3295 492 3350 fidelium
518 3302 740 3366 nostrorumque
756 3295 898 3350 industria
914 3312 979 3366 qua·
1038 3301 1432 3368 incarnationis1009‚anno
1460 3316 1528 3354 vero
1547 3299 1658 3355 domini
1675 3299 1888 3370 Heinriciregis

136 3384 212 3451 liter,
238 3383 275 3438 ob
287 3384 449 3439 remedium
478 3384 581 3438 animae
601 3389 706 3438 nostrae
739 3391 768 3438 et
790 3384 984 3438 interventum
1038 3388 1391 3459 secundiregnantisvrn.

137 3472 234 3527 dilecti
247 3472 358 3531 abbatis
386 3472 477 3527 nostri
504 3472 679 3542 Godebardi,
703 3488 787 3526 suum
816 3473 984 3543 jegedevo-
1074 3480 1176 3532 Actum
1192 3476 1495 3548 lderseburgleliciter.
1508 3480 1611 3532 Amen.

137 3564 257 3632 tumque
296 3560 446 3615 servitium
484 3561 677 3631 inspicientes,
716 3561 891 3616 monasterio
922 3577 984 3628 suo,

138 3649 240 3704 altaha
255 3649 341 3716 dicto,
359 3649 394 3704 ad
409 3649 557 3703 servitium
571 3658 600 3704 ct
614 3650 648 3705 ad
672 3665 756 3705 usum
783 3651 904 3705 fratrum
927 3651 984 3704 lieo

137 3738 245 3793 ibidem
273 3738 488 3804 tamulantium,
519 3737 549 3792 in
573 3737 640 3793 ville
668 3738 886 3808 llundrichinga
911 3739 986 3793 dicta

139 3843 225 3881 unam
247 3826 406 3893 ecclesiam,
434 3843 499 3881 cum
523 3827 612 3882 dotali
638 3843 737 3882 manso
753 3832 782 3882 et
796 3828 905 3883 duabus
919 3845 985 3899 par·

137 3916 214 3970 tibus
242 3915 439 3971 decimationis
463 3917 497 3970 ed
519 3916 651 3971 eamdem
666 3916 815 3971 ecclesiam
839 3916 987 3986 pertinen·

1435 3567 1498 3622 LlV.

1039 3655 1163 3710 Ecclesia
1175 3654 1344 3723 Nortbwcld‚
1370 3656 1502 3801 «silesia
1517 3669 1612 3721 eremo,
1629 3674 1641 3701 »ι
1673 3653 1762 3708 matta
1784 3653 1891 3724 praedia

1404 3751 1451 3789 con
1466 3738 1517 3789 ert.

1365 3824 1459 3893 (Auno
1477 3820 1566 3890 loos.)

1200 3910 1357 3984 [ludewig¹
1373 3911 1421 3965 ubi
1438 3925 1534 3980 supra,
1553 3926 1581 3981 p.
1603 3907 1730 3980 33l·³t.]

137 4003 226 4071 tibus,
237 4009 266 4057 et
278 4004 309 4058 in
328 4003 394 4058 villa
410 4004 510 4058 eadem
528 4005 617 4058 alium
641 4020 786 4070 mansum,
810 4020 876 4057 eum
905 4021 985 4059 man·
1075 4000 1108 4053 ln
1133 3999 1252 4053 nomine
1266 4005 1371 4054 sanctie
1386 4003 1415 4053 et
1437 3996 1592 4052 individuas
1613 3994 1777 4062 Trinitatis,
1809 3996 1890 4050 llere·-

138 4091 221 4161 cipiis
245 4092 391 4146 Troadum
406 4094 435 4145 et
460 4107 547 4145 uxore
576 4090 665 4161 ipsius
681 4096 710 4144 et
737 4091 804 4145 liliis
826 4091 986 4157 eorum3in
1040 4085 1224 4141 arcnsdivina
1237 4086 1349 4141 favente
1364 4085 1456 4158 gratia
1470 4100 1528 4139 rex.

138 4178 334 4233 Sitlenchoven
349 4183 445 4232 autam
469 4183 527 4231 tres
551 4193 665 4231 mansos
691 4193 755 4231 cum
780 4177 931 4248 mancipiis
956 4179 1020 4252 iun
1075 4168 1891 4246 Plentationiicujusqnesurculustrunmviridiimputa-

138 4266 184 4321 his
215 4264 425 4331 habitantibus;
458 4265 488 4319 in
521 4264 734 4335 blangoltingen
758 4280 824 4320 vero
855 4265 986 4336 superius
1040 4261 1619 4334 tus,quantosaepiusaquiscircumlusis
1642 4259 1793 4332 irrigatur,
1813 4265 1889 4315 tanto

139 4352 382 4406 molendinarium
411 4368 475 4406 cum
508 4353 683 4421 molendino,
700 4352 729 4406 in
757 4369 831 4424 pago
856 4354 988 4408 Wonaul·
1042 4351 1136 4419 citius,
1160 4351 1354 4406 crescentibus
1365 4349 1478 4425 [ramis]
1493 4351 1521 4405 in
1532 4350 1631 4405 orbem
1645 4349 1778 4421 erigitur.
1799 4349 1888 4404 Eccle-

139 4457 229 4512 gowe‚
249 4439 278 4494 in
295 4440 805 4495 comitatuverolluotberticomitis
826 4442 897 4511 sitis,
922 4458 988 4497 cum
1043 4439 1203 4509 siasigitur
1224 4439 1273 4494 [lei
1303 4438 1511 4509 comparationi
1538 4438 1629 4493 eidem
1655 4453 1707 4491 nos
1726 4453 1890 4510 recompan

139 4528 275 4583 omnibus
297 4530 471 4600 appenditiis
492 4529 549 4584 sive
578 4528 750 4584 utilitatibus
773 4546 838 4601 quae
862 4529 917 4584 dici
941 4535 990 4584 aut
1043 4533 1148 4593 santes,
1165 4527 1758 4599 ubicunquelocorumnositcrplantatas,
1776 4525 1890 4581 sibonis

138 4617 285 4672 nominari
305 4623 435 4688 possunt,
451 4619 586 4689 perhanc
601 4618 690 4672 nostri
703 4618 839 4688 praecepti
853 4618 988 4690 paginam
1044 4616 1149 4671 nostris
1171 4616 1318 4686 aliquanto
1346 4616 1498 4687 benignius
1535 4614 1670 4670 adhibitis
1699 4614 1889 4676 sublevamus,

138 4704 322 4761 concedimus
337 4711 423 4776 atque
448 4707 595 4778 largimur.
621 4708 654 4760 Et
681 4707 716 4760 de
743 4710 841 4760 nostro
867 4706 932 4775 jure
957 4721 989 4759 ac
1044 4710 1124 4759 tanto
1139 4705 1284 4759 caecilius
1308 4704 1338 4759 in
1356 4705 1451 4760 divina
1465 4704 1550 4759 laude
1573 4703 1695 4759 feliciter
1719 4717 1889 4765 excrescere,

139 4793 269 4848 dominio
284 4793 314 4848 in
333 4794 539 4864 eorumjusac
562 4793 725 4849 dominium
744 4793 874 4848 omnium
903 4798 991 4848 trans·
1043 4800 1181 4866 tantoque
1195 4810 1248 4848 nos
1262 4793 1374 4848 tirmius
1394 4791 1617 4866 imperiinostri
1633 4792 1749 4847 culmen
1768 4790 1890 4847 stabilire

138 4883 294 4953 tundimus,
318 4899 352 4937 ea
378 4883 486 4954 quippe
512 4882 633 4951 ratione,
651 4888 693 4950 ut,
722 4883 875 4954 praedictus
904 4881 990 4937 abbas
1044 4883 1166 4938 fideliter
1180 4882 1360 4937 confidimus.

140 4973 515 5044 suiqucsuccossores,una
538 4988 603 5026 cum
626 4971 763 5026 iratribus
779 4971 850 5026 inibi
870 4973 928 5026 Deo
947 4973 988 5026 ta·
1079 4971 1258 5043 Quapropter
1272 4970 1403 5026 omnium
1429 4971 1479 5025 Dei
1508 4970 1658 5040 nostrique
1674 4967 1806 5024 fidelium
1831 4966 1890 5023 uni·

29 5062 33 5069 '
140 5061 328 5130 malentibus,
345 5061 379 5116 de
392 5059 603 5130 prenominato
613 5060 990 5132 bonoejusqueutensilibus
1045 5059 1171 5115 versitati
1196 5064 1297 5113 notum
1313 5059 1445 5113 volumus
1470 5059 1673 5129 quarternos,
1697 5057 1734 5112 ob
1750 5057 1890 5112 interven·

140 5148 243 5202 debinc
270 5149 389 5203 liberam
411 5149 536 5204 habeant
555 5152 736 5219 potestatem,
756 5149 791 5203 ad
807 5164 990 5203 communem
1045 5153 1108 5203 tom
1132 5165 1165 5202 ae
1188 5147 1357 5218 petitionem
1384 5149 1494 5202 dilecta
1518 5146 1649 5218 conjugis
1668 5149 1777 5201 nostrae
1795 5145 1891 5202 Chuni·

143 5252 224 5291 usum
248 5239 379 5305 tratrem,
396 5236 539 5311 quidquid
566 5237 606 5290 eis
625 5236 743 5292 libuerit
765 5237 897 5307 faciendi,
926 5253 992 5290 om·
1047 5237 1149 5308 gundae
1163 5236 1354 5308 imperatricis
1363 5240 1502 5307 augustae,
1518 5239 1546 5291 et
1557 5235 1699 5290 Brononis
1707 5234 1890 5307 tagastensis

142 5324 223 5380 nium
248 5325 401 5381 hominum
422 5325 649 5382 contradictione
671 5331 791 5381 remota.
822 5327 854 5381 Et
881 5331 914 5381 ut
933 5326 992 5381 baec
1046 5325 1177 5381 Ecclesia
1191 5327 1332 5397 presulis,
1354 5331 1562 5381 etcaeterorum
1577 5323 1708 5379 lidelium
1719 5330 1889 5385 nostrorum,

143 5413 295 5468 auctoritas
311 5420 416 5469 nostre
435 5413 599 5470 donationis
627 5414 738 5469 stabilis
762 5419 791 5468 et
826 5414 993 5470 inconvulsa
1048 5414 1203 5470 Eberhardi
1227 5415 1451 5486 Ratisponensis‚
1475 5413 1619 5470 Baunonis
1634 5411 1811 5469 pataviensis
1833 5409 1889 5480 epi·

144 5507 312 5574 pervaserat
327 5503 405 5556 omni
427 5508 566 5574 tempore,
587 5504 641 5558 hoc
655 5507 830 5576 preceptum
849 5503 915 5558 inde
929 5518 993 5558 con·
1047 5519 1210 5574 scoporum,
1225 5504 1258 5557 ed
1279 5504 1430 5559 Ecclesiam
1449 5501 1533 5557 sitam
1546 5501 1577 5556 in
1592 5517 1701 5568 eremo,
1726 5517 1794 5573 quas
1816 5515 1889 5554 voca·
