3878 6112
146 265 197 315 975
683 251 883 310 aduentant
904 247 1170 309 WORMACIENSIS
1189 247 1359 305 uniscunt.
1857 251 1902 299 nit

149 388 242 438 morte
265 381 379 448 obierit,
404 381 433 434 in
466 380 528 451 ipso
552 379 682 448 sepulcro
708 381 828 431 matrem
861 390 927 428 curn
955 374 1033 428 iuri
1089 372 1375 427 Comedisticarnern
1399 370 1688 442 inqnadragesima?
1717 370 1746 424 Si
1762 369 1865 433 fecisti,
1881 369 1903 422 in

147 472 227 526 fante
240 471 305 540 palo
319 470 347 522 iu
365 475 469 523 terrani
484 468 665 537 transfigunt.
680 465 709 521 Si
720 464 812 519 fecisti
822 464 866 517 vet
880 479 998 517 consen·
1052 460 1142 532 ipsius
1171 459 1362 514 annicircnlo
1378 460 1414 514 ab
1440 459 1520 514 omrri
1544 475 1595 514 esu
1617 458 1751 513 carnium
1767 463 1796 511 te
1823 456 1903 511 ahsti·

150 559 306 627 sisti,du0s
335 574 424 613 annos
452 573 503 629 per
519 555 662 627 legitimas
686 553 770 608 terias
798 552 883 608 debes
906 551 999 623 poeni·
1053 566 1131 604 neas.

150 653 219 703 tere.
1089 639 1245 694 Comedisti
1265 638 1299 692 de
1315 637 1561 704 ciboludaeorum,
1578 637 1622 692 vel
1640 636 1766 692 aliorum
1785 649 1903 704 pagano

186 734 357 806 oppressisti
377 733 516 788 infantem
532 736 614 786 tirum
626 730 686 784 sine
710 730 855 784 voluntate
875 731 934 794 tua,
950 728 1000 779 aut
1055 743 1129 796 rum,
1141 742 1226 797 quom
1236 726 1290 796 ipsi
1301 726 1354 780 sibi
1369 727 1628 797 preparaverunt?
1641 725 1670 780 Si
1685 724 1794 792 fecisti,
1816 724 1905 778 decen

150 824 279 894 pondere
307 822 541 876 vestimentorum
571 825 685 874 tuorum
711 816 864 884 snilocasti,
895 819 922 868 ct
946 815 1000 868 hoc
1054 816 1114 871 dies
1129 816 1158 869 iu
1175 831 1248 885 pane
1264 820 1292 868 et
1308 830 1383 884 aqna
1396 815 1544 884 poenitens.

151 918 218 983 post
230 910 405 982 baptismum
433 909 540 964 factum
565 908 675 962 luerat?
699 906 729 961 Si
750 905 850 969 iecisti,
865 904 909 959 xt
928 902 998 968 dies,
1090 904 1190 958 Fecisti
1201 903 1276 974 quod
1292 903 1407 972 qnidam
1424 902 1515 956 lacere
1540 900 1655 956 solent?
1672 902 1749 956 Dum
1767 899 1804 954 ad
1820 898 1904 954 Eccle-

152 1001 247 1067 idest,
263 999 389 1054 carinam
411 999 528 1068 inpane
544 1002 573 1051 et
595 1012 681 1067 aqua,
703 999 732 1049 et
751 993 886 1058 oleribus,
914 997 1001 1062 etque
1055 993 1125 1048 siam
1141 993 1259 1059 vadunt,
1284 991 1314 1045 in
1338 991 1400 1062 ipsa
1426 990 1471 1043 via
1495 990 1646 1061 proterunt
1673 1005 1743 1042 suas
1759 988 1902 1050 vanitates,

152 1087 346 1158 leguminibus
374 1086 524 1157 poeniteas,
560 1090 588 1139 et
618 1083 776 1154 aconjuge
804 1086 832 1136 te
860 1079 1001 1134 abstineas
1055 1082 1253 1151 etloqnuntur
1281 1079 1495 1146 otiosa,necin
1526 1077 1688 1133 eademvia
1711 1077 1846 1147 cogitant
1865 1076 1905 1128 ali·

152 1174 241 1230 donoc
269 1173 311 1227 illi
325 1174 367 1228 llL
392 1174 453 1228 dies
479 1176 693 1245 pertranseant3
723 1173 796 1241 post,
828 1173 884 1222 tres
913 1181 1002 1220 aranos
1055 1169 1123 1240 quid
1144 1168 1272 1240 quodad
1301 1168 1405 1221 animas
1434 1167 1587 1221 utilitatem
1614 1167 1777 1237 pertineat;
1799 1169 1904 1218 etcum

91 1238 98 1255 ⁸
151 1262 355 1334 perlegitimas
374 1261 469 1327 ferias,
499 1266 528 1314 et
550 1265 607 1313 tres
623 1257 855 1331 quadragesimas
879 1255 1001 1309 inauno
1055 1256 1226 1312 venerintin
1239 1256 1343 1311 atrium
1360 1255 1490 1311 aeclesia
1504 1255 1554 1310 ubi
1575 1256 1689 1327 sepulta
1704 1259 1776 1308 sunt
1796 1268 1905 1325 corpora

153 1351 293 1404 observes.
316 1349 436 1414 Quodsi
456 1353 522 1402 ante
545 1347 721 1419 baptismum
739 1344 834 1399 inians
848 1357 1002 1414 oppressus
1055 1346 1196 1413 fidetium,
1225 1350 1254 1400 et
1280 1345 1350 1400 dnm
1362 1343 1531 1399 calcaverint
1553 1345 1684 1416 sepulcra
1712 1342 1905 1414 proximorum

152 1437 247 1502 fuerit,
264 1436 550 1507 prosimosllLdies,
573 1439 605 1488 ut
633 1449 720 1504 supra
748 1434 923 1502 praeceptum
949 1432 1002 1497 ast,
1059 1453 1115 1489 non
1143 1435 1332 1489 recordantur
1361 1433 1429 1504 quid
1459 1432 1499 1487 eis
1520 1432 1651 1486 futurum
1678 1431 1727 1497 sit,
1756 1431 1905 1484 uecullam

154 1525 302 1596 poerriteas.
316 1527 414 1578 Postea
430 1540 495 1577 reru
511 1522 742 1594 quinquennium
754 1520 877 1590 expleas.
1058 1523 1246 1587 mentionem,
1272 1538 1325 1576 nec
1351 1522 1421 1575 ullas
1449 1537 1546 1592 preces
1560 1536 1612 1590 pro
1636 1519 1679 1573 eis
1695 1520 1732 1574 ad
1759 1519 1905 1574 Dominum

190 1612 325 1666 lnvenisti
346 1612 483 1666 infantem
505 1617 586 1664 tuum
609 1611 689 1680 juxta
715 1614 742 1662 te
758 1621 937 1678 oppressum,
955 1604 1001 1659 uhi
1019 1648 1039 1702 B
1057 1611 1193 1677 fundunt,
1210 1610 1288 1682 qnod
1304 1611 1395 1663 faeere
1418 1609 1588 1663 debuerunt.
1617 1607 1646 1662 Si
1677 1607 1842 1679 neglexisti,
1864 1607 1907 1662 de-

155 1707 185 1754 tu
201 1705 230 1753 et
248 1700 291 1753 vir
305 1705 372 1752 tuns
391 1700 476 1752 simul
488 1699 517 1752 in
531 1698 603 1752 lacto
620 1697 759 1767 jacuistis,
787 1701 815 1749 et
840 1710 898 1748 nou
915 1709 1003 1764 appa·
1057 1716 1119 1754 cern
1134 1699 1194 1753 dies
1208 1698 1237 1752 in
1252 1714 1326 1769 pane
1346 1702 1374 1752 et
1393 1714 1466 1769 aqua
1485 1697 1633 1763 poenitaas,
1662 1697 1778 1751 atride
1797 1695 1908 1750 ulterius

155 1789 214 1842 ruit
228 1793 325 1842 rurum
341 1794 462 1858 epatre,
474 1804 523 1841 sen
539 1805 552 1839 a
570 1793 596 1839 te
613 1785 766 1839 suffocatus
781 1788 863 1850 esset,
881 1799 916 1836 au
937 1798 1002 1853 pro·
1058 1805 1094 1842 ne
1110 1788 1162 1841 tihi
1189 1787 1344 1857 contingat.
1371 1786 1425 1841 Sed
1441 1786 1673 1857 quandocunque
1694 1785 1724 1839 iu
1740 1785 1848 1840 atrium
1866 1783 1909 1838 Ec·

155 1877 218 1947 pria
234 1880 324 1930 morte
338 1875 488 1930 delnnetus
501 1879 584 1928 esset.
613 1873 675 1927 Non
691 1871 798 1926 dehetis
825 1870 890 1924 inde
912 1868 1003 1922 securi
1057 1876 1153 1930 cresim
1167 1875 1326 1942 intraveris,
1354 1891 1404 1931 nra
1420 1890 1472 1945 pro
1493 1873 1543 1940 eis,
1560 1879 1589 1928 et
1615 1888 1690 1944 roga
1713 1873 1781 1928 illas
1805 1879 1909 1927 sanctu

156 1979 226 2030 csse,
252 1979 304 2016 nec
338 1978 399 2015 esse
428 1962 489 2016 siue
509 1959 687 2031 poeniielliia.
714 1959 766 2013 Sed
793 1962 889 2011 iumen
914 1955 943 2009 in
959 1955 1004 2009 his
1058 1964 1169 2020 animas
1183 1979 1306 2035 quarum
1321 1979 1441 2034 corpora
1452 1962 1490 2016 ibi
1505 1962 1698 2034 requiescunt,
1713 1967 1749 2016 ut

156 2067 260 2121 magna
288 2049 476 2104 consideratio
503 2049 590 2103 debet
617 2063 677 2101 esse
704 2046 828 2118 pictatis,
852 2044 901 2099 ubi
925 2044 1004 2097 nulla
1058 2055 1232 2124 possinrpro
1250 2049 1697 2122 tuispeccatisadoominumin

156 2139 230 2193 mala
245 2138 451 2206 volrrntasfnit,
466 2137 515 2191 sed
531 2136 645 2208 propria
662 2151 749 2190 mors.
765 2135 871 2188 Tamen
888 2138 1005 2203 propter
1095 2140 1233 2211 operatus
1263 2156 1293 2194 es
1318 2139 1426 2210 aliquid
1442 2138 1470 2192 in
1487 2139 1635 2193 nomiman
1660 2137 1734 2193 die?
1762 2138 1792 2194 Si
1809 2137 1906 2202 saciati,

155 2225 371 2296 ssessiissfflliiflffls
389 2225 431 2279 XL
442 2225 501 2278 dies
518 2224 546 2277 1¹¹
557 2238 630 2292 P³¹¹e
647 2228 674 2277 ⁰¹
691 2238 764 2293 ⁸11⁸?
789 2220 898 2274 debilis
912 2219 1005 2290 lloessi·
1059 2234 1117 2283 tres
1130 2229 1191 2284 dies
1204 2228 1232 2282 in
1243 2244 1317 2299 pane
1328 2233 1355 2281 et
1369 2243 1444 2298 aqua
1458 2227 1598 2298 paenitere
1613 2225 1709 2282 debes.

155 2319 226 2366 tere.
251 2312 279 2367 Si
303 2318 400 2367 antem
432 2328 555 2366 noanon
575 2313 642 2365 latet
664 2308 861 2364 interfectores
886 2306 1006 2361 essein·
1095 2316 1195 2372 Fecisti
1229 2317 1306 2388 quod
1341 2316 1472 2387 quaedam
1500 2315 1635 2369 mulieres
1672 2315 1769 2369 lacere
1802 2314 1908 2369 soleat?

156 2398 317 2466 fanii⁵21¹⁰¹¹
332 2400 489 2464 minutalia
508 2398 556 2452 sed
573 2396 759 2468 negligentias
776 2401 833 2449 iles
848 2411 939 2448 ³⁰⁰⁰?
953 2407 1005 2464 per
1060 2407 1213 2476 Deponunt
1238 2404 1408 2458 vestimenta
1436 2419 1487 2458 sua
1506 2407 1533 2457 et
1557 2407 1651 2458 toturn
1678 2419 1783 2474 corpus
1803 2403 1907 2458 nudum

156 2487 299 2559 ¹⁰8iiiffl¹¹³
322 2488 405 2542 ffflss?
436 2489 576 2558 poenitere
602 2486 719 2554 debflfits
755 2501 844 2538 uuum
869 2481 1005 2537 ethim
1059 2493 1144 2547 melle
1167 2492 1320 2562 inungunt,
1345 2494 1372 2544 et
1401 2489 1440 2544 sic
1460 2489 1569 2544 mellito
1598 2507 1649 2544 suo
1672 2506 1795 2562 corpure
1827 2505 1909 2561 supra

156 2582 368 2646 paneetaqua‚
385 2571 899 2647 ettemporepoeuitudinisabomni
919 2572 1005 2624 luxu·
1059 2580 1187 2634 triricum
1212 2580 1242 2633 in
1265 2579 1387 2651 quodam
1413 2579 1502 2633 linteo
1530 2578 1560 2632 in
1587 2582 1664 2632 terra
1685 2578 1830 2649 deposito,
1852 2593 1908 2632 sesa

157 2660 201 2718 ria'
214 2681 262 2719 vos
277 2665 418 2719 custodire
441 2665 561 2718 debetis.
1060 2668 1113 2722 hac
1128 2673 1215 2740 atquc
1243 2668 1305 2721 illac
1326 2665 1429 2737 saepius
1452 2666 1616 2734 revolvunt,
1641 2671 1672 2721 et
1700 2673 1807 2721 cuncta
1828 2665 1908 2721 tritici

193 2754 347 2809 Exercuisti
363 2753 598 2808 lenociniumttul
612 2753 640 2806 in
652 2758 678 2807 le
692 2752 762 2823 ipsa,
774 2756 822 2805 aut
836 2750 865 2804 in
877 2749 948 2812 aliis,
965 2748 1006 2801 ila
1060 2772 1160 2827 grana,
1190 2772 1255 2827 quae
1274 2755 1394 2810 humido
1426 2755 1540 2827 corpori
1566 2755 1726 2821 adhaerent,
1752 2755 1908 2810 cautissima

156 2840 230 2910 dico,
257 2847 330 2895 uttu
361 2843 522 2897 meretricio
539 2859 616 2896 more
633 2841 690 2895 tuis
714 2839 889 2894 amatoribus
903 2853 1005 2907 corpus
1059 2845 1209 2915 coliigunt,
1234 2843 1306 2898 etin
1324 2844 1431 2898 motam
1445 2844 1621 2908 mirrunqer
1643 2848 1803 2898 retrorsum
1814 2849 1908 2898 contra

156 2933 238 2984 tuum
253 2930 288 2983 ad
304 2930 483 2985 tractandum
510 2930 586 2985 etad
602 2929 817 2990 sordidandum,
842 2943 893 2998 pro
910 2925 1005 2998 precio
1021 2929 1042 2985 C
1060 2934 1149 2987 solam
1166 2934 1270 2988 molam
1295 2932 1414 2987 circuire
1442 2931 1552 2986 faciunt
1573 2931 1655 2986 etsie
1683 2932 1714 2986 in
1734 2931 1908 2987 farinamre·

156 3018 331 3085 tradidisses,
352 3035 399 3072 seu
423 3019 499 3088 qnod
527 3019 671 3073 crudelius
692 3023 735 3071 est
760 3021 788 3070 et
817 3015 1004 3086 periculosius
1058 3020 1169 3091 (ligant,
1185 3021 1262 3075 etde
1293 3020 1342 3074 iila
1367 3019 1461 3074 farina
1494 3034 1597 3090 panem
1622 3018 1792 3086 conficiunt,
1821 3025 1849 3073 et
1867 3019 1903 3072 sic

152 3107 343 3168 catabanum
360 3123 474 3177 corpus,
488 3106 556 3161 filioe
576 3106 647 3172 dico,
665 3106 708 3160 vel
722 3105 824 3175 neptis,
838 3110 866 3158 et
883 3103 1003 3173 aliquns
1057 3107 1167 3161 maritis
1189 3105 1247 3160 anis
1276 3107 1313 3161 ad
1339 3106 1547 3162 comedendum
1576 3105 1704 3169 trahunt,
1735 3111 1770 3161 nt
1789 3113 1905 3160 comesto

153 3194 332 3251 Christianae.
360 3195 537 3248 amatoribus
567 3193 728 3257 vendidisti,
753 3193 797 3247 vel
828 3191 1001 3259 concessisti,
1056 3210 1132 3265 pane
1155 3201 1331 3249 marcescant
1363 3199 1391 3248 et
1414 3193 1571 3249 deliciunt?
1591 3193 1621 3249 Si
1647 3193 1753 3261 iecisti,
1790 3194 1904 3266 quadra·

153 3280 198 3333 vel
215 3280 395 3333 internuncia
422 3280 509 3345 luisti,
539 3281 582 3334 vel
608 3279 757 3333 consiliata
776 3295 805 3332 es
820 3283 851 3332 ut
870 3283 1001 3347 stuprum
1057 3282 1136 3353 ginta
1151 3282 1211 3337 dies
1229 3283 1257 3336 iu
1270 3298 1344 3352 pane
1354 3285 1383 3337 et
1395 3298 1470 3353 aqna
1485 3282 1635 3353 poeniteas.

154 3366 893 3438 aliquodtnlimodoperpetraretur?Silecisti,ser
912 3382 1002 3420 annos
1091 3371 1193 3427 Fecisti
1217 3371 1293 3442 quod
1330 3371 1461 3442 quaedarn
1501 3371 1638 3426 mulieres
1671 3369 1768 3425 facere
1797 3370 1902 3426 solent?

152 3470 205 3524 per
220 3454 361 3526 legitimas
372 3455 456 3510 terias
471 3456 619 3526 poeniteas.
636 3456 742 3509 Tamen
757 3453 787 3508 in
809 3452 929 3509 concilio
944 3453 1000 3509 Eli·
1056 3460 1130 3514 Dum
1146 3460 1272 3530 pluviam
1292 3459 1477 3524 annuebant,
1493 3465 1562 3513 area
1572 3458 1715 3530 indigent,
1735 3465 1805 3514 trine
1818 3459 1901 3531 piures

152 3544 271 3599 bertano
287 3544 464 3615 precipitur,
479 3542 931 3615 utillequiboecpcrpetraverit,
947 3542 1002 3597 nisi
1054 3550 1165 3619 puellas
1193 3553 1377 3620 congregant,
1414 3552 1442 3602 et
1470 3563 1557 3602 unam
1585 3549 1739 3619 parvulam
1771 3549 1900 3619 virginem

153 3632 183 3687 in
204 3634 259 3687 linc
276 3649 333 3687 non
349 3633 471 3704 accipiat
483 3633 729 3687 communionem.
767 3702 774 3715 ἡ
1055 3638 1137 3709 qnasi
1152 3637 1254 3692 ducem
1280 3638 1335 3692 sihi
1350 3643 1532 3709 preponnut,
1555 3641 1585 3691 et
1598 3636 1732 3692 eamdem
1752 3637 1899 3703 denudant,

188 3721 289 3775 Fecisti
300 3722 378 3793 qnod
398 3722 531 3793 quaedam
546 3722 680 3776 mutieres
696 3721 787 3775 lacere
798 3718 998 3775 solantiCum
1055 3726 1495 3801 etexrravittamlnhiherham
1521 3725 1723 3797 jusquiamum
1750 3727 1898 3785 inveniunt,

151 3809 245 3865 inians
262 3810 372 3864 noviter
392 3816 476 3866 natus
494 3814 545 3878 est,
563 3811 699 3865 etstatim
723 3811 894 3880 baptizatus,
917 3809 1000 3864 etsie
1054 3829 1118 3885 qnae
1144 3815 1298 3869 Teutonice
1323 3814 1412 3869 belisa
1432 3818 1560 3881 vocatur,
1585 3815 1625 3868 sic
1656 3815 1796 3870 nudatam
1823 3814 1898 3870 dedu

151 3907 281 3953 mortuus
310 3898 406 3960 luerit.
433 3900 501 3954 dum
527 3900 670 3972 sepeliunt
700 3915 777 3966 enm,
794 3898 823 3952 in
852 3898 1000 3952 dexteram
1054 3907 1131 3970 cunt,
1153 3908 1181 3957 et
1195 3903 1325 3957 eamdem
1345 3903 1475 3965 herbam,
1491 3903 1622 3958 eamdem
1641 3903 1787 3973 virginem
1805 3905 1843 3959 sic
1856 3919 1898 3957 nu

151 3987 905 4058 manumponuntcipatenamcereamcumoblata,
926 3987 998 4040 etin
1052 3991 1119 4045 dam
1149 3992 1268 4046 minimo
1295 3991 1384 4062 digito
1405 3991 1512 4046 dextrae
1536 4007 1639 4046 manus
1663 4008 1767 4047 eruere
1789 3992 1897 4057 iaciunt,

150 4076 295 4130 sinistram
323 4093 439 4131 martum
464 4076 581 4131 calicem
611 4093 676 4131 cum
703 4076 768 4130 vino
797 4075 931 4129 similiter
952 4091 998 4129 ce·
1053 4083 1082 4134 et
1096 4080 1231 4134 radicitus
1255 4085 1366 4133 erutam
1385 4095 1452 4134 cum
1469 4080 1607 4151 ligamine
1632 4081 1746 4152 aliquo,
1765 4081 1800 4136 ad
1822 4079 1896 4135 mini·

149 4180 229 4218 reum
241 4170 352 4234 ponunt
365 4164 400 4231 ei,
414 4171 441 4219 et
452 4165 492 4218 sic
502 4181 567 4220 cum
579 4165 730 4236 sepeliunt.
746 4163 775 4218 Si
786 4163 886 4232 fecisti,
898 4165 996 4219 decem
1011 4210 1034 4264 D
1053 4184 1133 4223 mum
1149 4167 1270 4239 digitum
1285 4168 1376 4222 dextri
1390 4167 1472 4238 pedis
1486 4168 1575 4239 ligare
1600 4168 1722 4223 iaciunt.
1737 4169 1773 4224 Et
1789 4168 1897 4239 singule

149 4251 252 4306 diesin
268 4269 341 4323 pane
359 4258 386 4306 et
401 4269 475 4323 aqua
488 4253 734 4324 poeniteredebes.
1052 4256 1156 4327 puelle
1169 4256 1297 4327 singulas
1312 4257 1405 4327 virgas
1428 4255 1458 4310 in
1474 4256 1607 4310 manibus
1628 4256 1782 4324 habentes,
1808 4272 1898 4329 snpra·
1934 4258 1938 4265 '

185 4341 284 4394 Fecisti
311 4341 387 4412 quod
412 4341 543 4412 quadam
574 4343 708 4396 mulieres
736 4341 872 4396 adulterae
904 4340 995 4395 lacere
1049 4345 1152 4400 dictam
1177 4344 1318 4415 virginem
1332 4344 1452 4399 herbam
1473 4350 1539 4416 post
1562 4361 1591 4399 se
1615 4344 1784 4400 trahentem
1808 4344 1896 4401 inlin-

147 4429 262 4483 solent?
284 4430 354 4484 Cum
385 4430 512 4500 primum
541 4430 733 4484 intellexerint
758 4430 833 4501 quod
853 4434 994 4484 amatores
1049 4449 1115 4488 meu
1143 4433 1308 4504 proximum
1327 4431 1524 4500 introducunt,
1548 4438 1659 4488 etcum
1687 4433 1800 4490 eisdam
1820 4433 1895 4504 virgis

146 4534 245 4572 earsrm
278 4519 421 4588 legitimus
449 4535 552 4573 uxores
582 4518 725 4572 voluerint
751 4518 889 4588 accipere,
925 4523 994 4571 tvrnc
1048 4523 1189 4592 virginem
1207 4520 1326 4575 flumine
1349 4525 1517 4593 aspergunt,
1536 4526 1566 4576 et
1588 4520 1628 4575 sic
1649 4523 1712 4577 suis
1741 4522 1895 4579 incantatio
1938 4572 1939 4586 ξ

145 4607 267 4676 quadam
284 4614 344 4661 orte
358 4605 487 4661 malefica
503 4606 651 4660 libidinem
668 4605 795 4660 virorum
813 4606 991 4678 extinguunt,
1047 4609 1132 4664 nibus
1159 4609 1286 4681 pluviam
1313 4625 1343 4663 se
1366 4608 1470 4664 habere
1495 4614 1620 4681 sperant.
1652 4611 1685 4665 Et
1711 4618 1780 4683 post
1805 4610 1894 4666 mem

144 4694 322 4766 utlegitinris
348 4695 482 4766 prodesse
506 4711 563 4749 non
587 4695 708 4766 possint,
737 4710 829 4765 neque
857 4711 922 4749 curn
951 4695 992 4749 eis
1046 4696 1366 4769 virginemsicnudam
1391 4698 1574 4769 transpositis
1596 4702 1627 4752 et
1645 4701 1769 4756 mutatis
1793 4699 1822 4754 in
1839 4713 1892 4754 mo·

142 4784 228 4838 coire.
245 4784 273 4839 Si
307 4784 397 4839 iecisti
426 4789 476 4838 aut
496 4784 568 4839 alios
585 4783 717 4850 dncuisti,
741 4784 785 4838 xl„
799 4783 860 4839 dies
875 4784 990 4855 inpane
1046 4785 1115 4841 dum
1136 4785 1231 4840 cancri
1259 4785 1396 4857 vestigiis,
1423 4802 1440 4840 a
1468 4785 1589 4840 flumine
1616 4785 1654 4840 ad
1685 4786 1796 4854 villam,
1825 4788 1892 4842 iuter

142 4872 405 4943 etaquapoenitere
422 4871 517 4926 debes.
1044 4888 1148 4928 manns
1174 4871 1336 4928 reducunt?
1359 4873 1388 4928 Si
1414 4873 1505 4929 iecisti
1530 4878 1579 4928 aut
1602 4876 1789 4932 consentiens
1812 4873 1889 4938 subd,

177 4960 311 5015 Obtulisti
323 4960 458 5014 infantem
474 4965 555 5015 tuum
565 4960 600 5014 ab
615 4959 832 5030 baptizandum,
849 4959 904 5015 nisi
918 4960 988 5032 legi·
1043 4961 1146 5031 viginti
1158 4962 1218 5016 dies
1234 4961 1264 5015 in
1276 4977 1350 5032 pane
1361 4966 1389 5017 et
1399 4978 1473 5034 aqua
1488 4962 1575 5017 debes
1596 4962 1751 5033 poeuitere.

139 5047 209 5101 timo
224 5053 362 5119 tempore,
392 5049 477 5103 idest
501 5049 531 5103 iu
553 5049 671 5103 sabbato
698 5049 822 5116 Paschae,
839 5049 912 5104 etin
927 5051 988 5104 seb
1043 5049 1108 5105 Car.
1129 5051 1171 5105 Vl.
1191 5081 1225 5090 -
1247 5053 1283 5104 lle
1308 5050 1490 5106 admonitione
1513 5056 1571 5106 octo
1595 5054 1798 5123 principalium
1817 5053 1886 5106 uste

137 5134 203 5190 hato
230 5136 419 5203 pentecostes,
445 5137 500 5192 nisi
527 5137 704 5192 infirmitatis
728 5136 924 5193 necessitate?
959 5138 987 5192 Si
1272 5154 1342 5200 rum,
1363 5143 1389 5193 et
1407 5141 1661 5209 eorumspeciehns.

136 5221 236 5289 fecisti,
254 5224 680 5297 decemdiesinpnneetaqna
699 5225 950 5296 debespoenitere.
1078 5227 1134 5294 (lle
1161 5229 1346 5283 Punitenticti
1372 5228 1481 5294 Theod.)
1508 5229 1589 5283 Nunc
1616 5227 1670 5284 tihi
1702 5234 1768 5285 octo
1792 5227 1883 5301 princi·

170 5311 322 5381 Neglexisti
340 5313 454 5368 visitare
471 5313 610 5382 infirmos,
640 5318 740 5368 etnou
769 5313 986 5368 venistiadeos
1040 5312 1117 5384 p'alia
1140 5315 1209 5369 ritia
1224 5315 1380 5387 explicabo.
1398 5315 1428 5371 si
1450 5316 1482 5371 in
1505 5316 1561 5371 illis
1589 5321 1617 5372 te
1647 5333 1828 5389 percussum,
1848 5322 1882 5370 te-

133 5398 228 5470 quiin
252 5416 363 5456 carcere
391 5407 484 5469 erant,
513 5409 614 5456 etnon
640 5401 863 5458 subministrasti
879 5401 986 5457 cis?Si
1040 5407 1119 5457 ctum
1143 5409 1171 5458 et
1198 5404 1380 5459 vulneratum
1405 5405 1502 5470 sentis,
1529 5405 1595 5460 vide
1614 5422 1652 5461 ne
1680 5422 1729 5463 me
1754 5409 1843 5472 cales,
1861 5402 1881 5458 il

134 5503 193 5543 uon
209 5488 310 5558 fecisti,
326 5490 424 5545 decem
440 5491 499 5545 dies
517 5492 547 5545 iu
561 5506 635 5562 pane
651 5495 678 5545 et
693 5506 767 5562 aqua
778 5490 928 5561 poeniteas.
1039 5496 1092 5560 est,
1124 5492 1297 5563 snperbiam,
1324 5509 1425 5549 vanam
1463 5494 1595 5566 gloriam,
1631 5493 1782 5562 invidiam,
1812 5496 1880 5556 iram
