3878 6112
88 227 140 282 tro
630 212 832 273 subnotant
851 208 1120 275 wortutctttttsls
1137 205 1305 266 Episcopi.
1795 205 1849 258 533

389 339 571 409 temeratio
591 340 637 395 tt.
951 337 975 393 Α
1296 331 1477 400 interrogatio
1495 328 1540 386 tr.

124 434 172 490 list
185 429 291 504 aliquis
302 433 356 503 qut
377 429 497 485 alterius
521 441 657 499 sponsam
680 423 819 498 rapuerit,
835 427 864 480 et
887 423 941 479 sibi
1029 419 1269 493 lnterrogandum
1297 419 1321 474 si
1342 418 1447 492 aliquis
1473 417 1622 474 bominem
1644 415 1772 473 Uberum
1798 421 1851 472 ant

88 518 259 577 sociaverit?
994 526 1108 567 serrum
1122 509 1250 578 alterius,
1284 513 1335 564 aut
1362 507 1549 579 peregrinum
1581 511 1632 562 aut
1656 505 1850 562 adventitium

390 624 576 691 mmmm
593 624 640 678 ῃ,
993 599 1105 656 iuratos
1128 598 1224 665 tuerit,
1256 601 1307 652 eut
1334 611 1402 652 eum
1417 593 1615 651 blandientem
1637 592 1785 649 seduxerit
1817 596 1848 649 et

125 714 173 769 Est
188 711 292 784 aliquis
311 711 362 784 qui
382 725 586 784 quamcunque
613 709 760 778 feminam,
782 707 937 780 virginem,
994 684 1165 785 lenQd0lits
1179 689 1209 785 fi
1220 689 1304 740 0¹³²
1314 684 1440 755 llflfflllm
1458 683 1490 738 1¹¹
1501 681 1698 779 θῑβῧνῖῑέῐῗω
1712 678 1849 735 d⁰¹0fi¹²

90 807 140 859 aut
162 801 276 857 viduam
303 817 355 872 per
376 804 492 873 raptum
518 799 646 867 traxerit,
669 802 698 853 et
721 797 873 854 sociaverit
886 796 942 852 sibi
994 778 1083 873 {utun
1097 774 1201 872 ’mimi
1231 774 1332 871 Jlfdffi‘)
1358 772 1408 870 '9¹'
1425 786 1539 870 l¹f²8⁸¹¹⁰
1558 769 1757 868 ‘Chssfftlffssum
1772 782 1850 823 Μ·

88 891 120 947 in
139 889 355 945 matrimonium
372 905 379 944 :
395 893 424 943 et
436 888 460 942 si
479 887 569 960 aliqui
586 888 663 956 sunt,
685 886 780 959 quiin
806 886 858 941 hoc
872 900 941 941 con·
994 877 1102 931 ⁰¹P¹¹¹¹ss
1115 861 1285 928 ”Undenis
1302 864 1352 916 ⁸¹st
1366 875 1458 931 ³¹¹ll⁸¹
1475 859 1568 914 ΜΗ
1581 857 1743 913 emm&
1763 870 1851 911 mn·

91 980 246 1036 sentiente,
264 983 293 1034 gt
306 978 476 1050 adjuvantes
491 977 623 1032 fuerim?
995 950 1109 1022 cipiain
1127 965 1179 1006 suo
1189 949 1304 1005 servitio
1314 948 1449 1014 habeant,
1471 947 1517 1003 rel
1531 944 1673 1002 vendenti

392 1067 571 1134 lnterrnanio
596 1066 641 1120 29,
1297 1035 1478 1104 iuterrogatio
1493 1035 1538 1089 42.

128 1158 176 1214 Est
199 1154 302 1228 aliquis
325 1153 387 1227 qni,
413 1170 479 1209 enm
508 1153 616 1220 indm,
643 1152 699 1222 vel,
718 1150 743 1206 ,ἰ
766 1151 884 1207 Jugaeu,
897 1151 943 1207 ,01
1031 1123 1273 1197 lnterrogandum
1297 1121 1320 1178 si
1340 1121 1445 1194 aliquis
1459 1121 1496 1176 sit
1525 1136 1637 1192 magus,
1665 1118 1787 1186 ariolus,
1802 1123 1853 1173 aut

91 1259 231 1321 paganus,
243 1259 310 1299 cnm
323 1242 428 1315 aliquis
442 1241 602 1299 Christiana
615 1240 774 1297 moechatus
784 1239 889 1296 luerit?
995 1210 1164 1273 5¹¹⁰³¹¹t⁸20¹2

393 1349 574 1417 interrogatio
596 1349 640 1403 30.

127 1439 175 1494 liet
188 1436 288 1509 aliqui,
314 1435 365 1509 qui
388 1435 646 1505 sanctimonialem,
671 1435 715 1492 vel
735 1434 853 1492 viduam
885 1436 943 1491 Deo

92 1532 230 1583 sacratam
246 1525 384 1598 rapuerit,
401 1529 428 1581 et
460 1524 491 1581 in
520 1525 687 1597 conjugium
717 1523 882 1595 sumpserit,
898 1523 942 1579 vel

92 1615 163 1687 ipsis
178 1613 495 1670 consentientibuscnm
513 1613 553 1668 eis
568 1611 723 1668 fornicatus
733 1612 838 1668 tuerit?
959 1615 979 1670 B

1200 1211 1324 1278 divinus,
1356 1215 1406 1265 aut
1432 1209 1606 1281 sortilegus:
1622 1208 1668 1264 rel
1693 1207 1719 1263 si
1746 1207 1852 1278 aliquis

995 1306 1061 1358 vota
1075 1301 1112 1357 ad
1135 1301 1263 1369 arbores,
1287 1299 1332 1354 uel
1356 1297 1515 1369 adientes,
1543 1297 1587 1353 vel
1613 1295 1725 1370 lapidas
1754 1294 1849 1362 iaciat,

997 1388 1258 1445 autibicandelam
1286 1403 1337 1442 seu
1364 1385 1512 1459 quodlibet
1536 1399 1642 1441 munus
1666 1383 1788 1451 deterat,
1809 1399 1852 1438 re-

996 1476 1103 1534 lutiibi
1118 1476 1263 1549 quoddam
1277 1490 1387 1531 numen
1409 1474 1455 1543 sit,
1472 1473 1549 1546 quod
1569 1473 1688 1542 bonum,
1714 1477 1765 1527 aut
1789 1487 1848 1525 rua·

996 1567 1058 1622 lum
1070 1564 1163 1639 possit
1176 1563 1303 1621 inferre?

555 1719 561 1732 ,
1300 1652 1482 1722 interrogatio
1499 1653 1544 1707 43.

394 1721 576 1789 ¹²²⁶m⁰⁹⁰n⁰
600 1720 644 1773 3¹·
1033 1738 1277 1798 Pcrscrutandum
1298 1739 1322 1794 si
1341 1739 1445 1810 aliquis
1469 1736 1616 1805 subulcus,
1641 1735 1687 1791 vel
1701 1735 1848 1800 bubulcus,

130 1810 178 1864 Μ
203 1807 305 1880 ³¹iq¹¹i³
319 1807 371 1880 qui
401 1807 514 1862 'mm
539 1804 654 1874 Μήιον
684 1805 838 1877 ⁰⁰⁰j¹¹⁸⁸m
867 1802 946 1858 illius
999 1830 1058 1885 siue
1085 1835 1216 1896 venator,
1241 1829 1286 1882 vel
1309 1827 1403 1882 ceteri
1426 1824 1592 1897 hujusmodi
1625 1823 1769 1880 diabolica
1794 1838 1848 1877 car·

94 1898 269 1953 adulterasse
297 1899 456 1961 accusatur,
486 1900 515 1950 et
535 1910 569 1950 eo
594 1893 625 1949 in
652 1893 785 1965 proximo
812 1892 946 1949 defuncto
999 1919 1079 1975 min,
1093 1917 1271 1989 diffisum
1286 1930 1402 1988 panem,
1429 1920 1578 1986 amum,
1602 1912 1720 1982 herbas,
1734 1914 1786 1967 aut
1809 1926 1849 1965 su,

95 1986 227 2044 ‘mem
238 2000 395 2057 ΜΡ81889
410 1984 594 2040 mmmm?
999 2023 1051 2080 per
1071 2006 1205 2079 quaedam
1218 2004 1330 2060 nefaria
1343 2004 1512 2074 ligamenta,
1526 2007 1555 2056 et
1565 2001 1628 2057 brec
1646 2007 1698 2057 aut
1708 1999 1740 2055 in
1755 1999 1849 2055 arbore
1883 2060 1887 2067 ,

396 2093 577 2161 interrogatio
599 2091 643 2147 32·
1000 2095 1165 2164 abscondat,
1188 2093 1288 2150 autin
1312 2093 1400 2161 bivio,
1426 2090 1517 2147 autin
1543 2090 1628 2147 trivio
1652 2089 1798 2162 projiciat,
1825 2093 1851 2144 ut

130 2180 284 2254 Estaliqua
314 2179 419 2235 mulier
441 2196 507 2251 quae
530 2178 607 2235 dicat
628 2175 706 2250 quod
729 2175 775 2232 vir
798 2175 860 2248 ejus
888 2191 948 2231 non
999 2201 1053 2241 sun
1071 2183 1210 2240 animalia
1231 2182 1334 2238 liberat
1347 2196 1364 2234 a
1377 2184 1459 2252 peste
1473 2185 1503 2234 et
1516 2179 1608 2250 clade,
1621 2183 1651 2235 et
1659 2177 1780 2234 alterins
1791 2191 1849 2249 per-

93 2269 262 2344 possitcum
275 2285 309 2324 ea
334 2268 422 2335 coire,
437 2273 466 2323 et
489 2267 527 2322 ob
554 2267 629 2323 bane
654 2281 771 2321 causam
797 2263 948 2322 dissidium
1001 2273 1069 2328 dat?
1542 2250 1550 2263 ”

93 2358 207 2432 querit,
219 2363 248 2413 et
262 2358 353 2412 alium
370 2356 466 2412 virum
484 2350 553 2412 velit
566 2355 717 2427 accipere?
1305 2358 1486 2427 iuterrogatio
1505 2355 1550 2411 44.

397 2447 583 2514 lerterroqotio
598 2447 641 2501 33.
1036 2446 1267 2520 Perqnirendum
1280 2445 1306 2501 si
1315 2447 1413 2518 aliqua
1426 2444 1545 2501 tormina
1558 2443 1606 2510 sit,
1622 2458 1688 2514 quae
1706 2456 1762 2514 per
1777 2456 1851 2513 que-

97 2563 99 2568 *
130 2533 295 2606 Estaliquis
309 2533 441 2606 quicum
462 2536 619 2589 commatre
643 2530 765 2606 spiritali
790 2530 947 2587 moechatus
1001 2538 1068 2594 dnm
1092 2537 1243 2604 maleficia,
1270 2539 1300 2590 et
1326 2534 1546 2599 incantationes,
1570 2540 1683 2587 mantes
1704 2530 1852 2587 bominum

95 2623 191 2693 luerit,
211 2623 256 2677 vel
271 2638 333 2677 eam
349 2621 379 2677 in
400 2621 616 2678 matrimonium
628 2619 780 2693 acceperit,
800 2619 950 2675 similiter·
1002 2643 1032 2681 nn
1046 2625 1201 2681 immntnre
1215 2638 1300 2696 posse
1318 2623 1403 2687 dicat,
1414 2623 1444 2678 id
1459 2629 1513 2691 est,
1531 2628 1562 2675 nt
1576 2620 1611 2675 de
1633 2619 1702 2675 odio
1717 2619 1750 2674 in
1774 2634 1853 2674 amo·

96 2729 152 2786 que
167 2728 233 2767 curn
248 2711 344 2767 liliola⁴
355 2726 443 2782 quam
459 2726 493 2766 er
505 2726 586 2767 sacro
605 2709 685 2767 fonte
707 2708 874 2780 susceperit,
897 2711 964 2784 aut,
1003 2729 1076 2782 rem,
1091 2719 1141 2768 eut
1168 2713 1203 2769 de
1232 2727 1330 2767 amore
1345 2711 1377 2767 in
1399 2711 1499 2766 odium
1518 2713 1676 2777 convertat,
1710 2715 1764 2764 aut
1783 2707 1855 2763 bona

96 2805 162 2856 ante
180 2799 350 2873 episcopum
365 2798 480 2854 tenuit?
700 2794 707 2803 ’
1002 2803 1165 2870 hominum,
1192 2806 1242 2855 aut
1256 2800 1383 2868 damnet,
1399 2798 1622 2870 autsurripiatt
1647 2799 1681 2853 Et
1707 2798 1732 2852 si
1761 2796 1856 2869 aliqua

402 2888 581 2954 lnlmtlsslt'o
596 2885 641 2942 ³4·
963 2894 984 2950 C
1003 2898 1046 2948 est
1060 2906 1125 2964 quaa
1140 2905 1169 2945 se
1182 2889 1259 2945 dicat
1272 2904 1339 2944 cum
1353 2888 1520 2944 damonum
1535 2887 1619 2943 turba
1636 2887 1668 2942 in
1689 2886 1856 2942 similitudi-

132 2977 181 3033 Est
189 2976 294 3048 aliquis
305 2974 355 3048 qui
366 2975 560 3047 propinquam
571 2978 599 3029 et
609 2972 853 3044 consanguineam
866 2988 948 3028 suam
1004 2994 1071 3033 nem
1090 2978 1246 3034 mulierum
1262 2977 1467 3034 transformata
1480 2975 1565 3032 certis
1579 2976 1712 3031 noctibus
1725 2975 1856 3047 equitare

98 3064 129 3121 in
145 3064 364 3122 matrimonium
382 3063 564 3134 accepit,aut
576 3079 643 3118 cum
658 3078 692 3118 ea
707 3061 865 3118 fornicatus
884 3060 947 3117 est?
984 3081 986 3084 ⁴
1003 3081 1090 3136 super
1104 3065 1242 3138 quasdam
1252 3065 1367 3133 bestias,
1375 3070 1402 3119 et
1417 3065 1448 3120 in
1467 3080 1568 3120 eorum
1591 3064 1740 3119 consortio
1765 3078 1857 3119 annu·

397 3153 582 3218 interrogatio
599 3154 642 3207 35.
1004 3160 1144 3210 meretum
1155 3156 1237 3210 esse?

135 3243 184 3298 Est
193 3239 299 3312 aliquis
318 3239 368 3311 qui
391 3237 638 3304 irrationabiliter,
663 3236 693 3293 id
707 3242 760 3305 est,
780 3241 879 3293 contra
897 3254 949 3293 na·
1303 3244 1487 3313 interrogatio
1509 3243 1554 3298 45.

101 3334 197 3386 turam
221 3343 287 3383 cum
314 3326 459 3395 masculis,
484 3329 514 3382 et
540 3325 629 3382 mutis
653 3324 807 3381 misceatur
843 3325 950 3382 anima·
1041 3330 1281 3409 lnterrogandum
1295 3330 1319 3385 si
1338 3331 1444 3403 aliquia
1463 3328 1633 3402 sanguinem
1656 3327 1857 3393 morticinum.

101 3417 200 3493 libus?
973 3408 976 3431 ⁹
1006 3420 1254 3476 antdilaeeratum
1270 3437 1287 3475 a
1301 3419 1393 3475 bestia
1406 3418 1581 3474 comederit?

411 3503 592 3572 interrogatio
606 3504 650 3560 36.
1306 3509 1487 3575 interrogatio
1509 3507 1554 3562 46.

134 3593 291 3667 Esteliqua
310 3593 415 3650 mulier
429 3609 494 3665 qum
507 3591 685 3649 lenocinium
702 3591 820 3649 fecerit?
1041 3597 1090 3653 Est
1098 3596 1203 3670 aliquis
1217 3596 1268 3670 qui
1287 3596 1396 3670 jurarit
1417 3595 1496 3668 quod
1519 3595 1578 3650 lleo
1603 3592 1785 3649 contrariom
1806 3597 1860 3661 est,

393 3683 580 3752 Innocentio
607 3684 650 3736 37.
1007 3685 1291 3757 ultratrinunquam
1314 3682 1524 3748 reconcilietur,
1552 3683 1631 3755 qood
1645 3686 1689 3738 est
1710 3687 1861 3750 peccatum

137 3773 184 3829 Est
198 3771 304 3845 aliquis
330 3771 381 3844 qoi
405 3771 436 3826 in
464 3787 516 3828 sua
536 3771 624 3827 domo
641 3770 785 3827 consentit
796 3786 863 3827 cum
884 3786 952 3842 pro·
1008 3790 1100 3848 usque
1114 3774 1149 3830 ad
1164 3773 1309 3831 mortem?

101 3860 173 3934 priis
190 3860 311 3932 ancillis,
333 3861 378 3916 rel
407 3859 568 3932 genitiariis
598 3857 657 3914 suis
679 3859 821 3916 adulteria
847 3875 954 3932 perpe·
1308 3863 1488 3930 internecatis
1510 3862 1555 3916 47.

100 3949 191 4006 trerii
1043 3952 1091 4007 Est
1104 3949 1208 4023 aliquis
1223 3950 1274 4022 qui
1287 3950 1361 4006 bibit
1386 3950 1421 4005 de
1443 3950 1556 4022 liquore
1574 3948 1607 4004 in
1632 3964 1689 4021 quo
1723 3948 1860 4013 mustela,

402 4038 583 4106 [ermonario
606 4038 651 4092 38.
1008 4042 1053 4096 vel
1068 4057 1143 4107 mus,
1164 4039 1223 4096 sire
1247 4038 1365 4111 aliquod
1390 4039 1575 4095 immundum
1593 4037 1703 4094 animal
1726 4043 1861 4093 necatum

138 4126 379 4198 lnterrogandum
393 4125 417 4181 si
445 4123 551 4198 aliquis
571 4125 627 4192 lor,
641 4124 853 4196 autsacrilegus
872 4124 909 4180 sit
922 4125 952 4180 in
969 4171 990 4226 D
1009 4131 1072 4188 nni?

102 4214 205 4272 eadem
219 4215 314 4287 plebe,
328 4214 379 4287 qui
389 4214 522 4269 ecelesias
539 4213 591 4270 Dei
605 4212 765 4284 introgerit,
780 4213 825 4268 vel
844 4213 953 4286 aliquid
1316 4218 1496 4287 interrogatio
1512 4217 1557 4273 48.

47 4346 54 4355 .
103 4303 139 4360 de
158 4302 278 4360 ecclesia
291 4303 404 4359 iuratus
418 4303 465 4373 sit,
492 4308 544 4358 aut
567 4302 683 4374 publice
703 4301 842 4374 rapuerit,
854 4303 899 4358 rel
911 4304 954 4358 la·
1044 4310 1091 4365 Est
1104 4306 1269 4381 aliquisqui
1280 4307 1426 4380 jejunium
1438 4303 1696 4377 quadragesimale,
1719 4303 1767 4359 rel
1793 4318 1861 4375 que·

103 4395 200 4448 tenter
216 4391 410 4463 surripuerit:
439 4389 536 4447 antei
563 4390 668 4463 aliquia
682 4406 779 4463 rapax,
799 4394 829 4446 et
845 4397 953 4464 raptor,
1008 4401 1075 4454 tuor
1086 4402 1261 4470 temporum,
1277 4396 1336 4452 aire
1354 4395 1480 4452 Lemniae
1504 4391 1633 4464 maioris,
1657 4393 1704 4447 rel
1722 4392 1860 4465 liogatio·

103 4485 133 4536 ol
146 4480 298 4536 damnator
312 4479 444 4536 Ecclesia
452 4479 503 4536 Dei
516 4480 586 4536 est?-
1010 4502 1091 4555 num,
1106 4486 1165 4541 sire
1183 4485 1325 4541 indictum
1340 4484 1376 4539 ab
1391 4483 1528 4555 episcopo
1549 4481 1696 4554 jejunium
1709 4497 1765 4554 pro
1788 4497 1859 4553 qua·

405 4588 585 4655 primasio
609 4587 653 4641 39,
736 4558 742 4574 ⁸
1010 4590 1122 4647 conque
1137 4575 1231 4648 plaga,
1246 4589 1304 4630 non
1321 4571 1532 4629 observaverit?

139 4675 378 4750 lnterrogandum
392 4675 417 4730 si
426 4674 532 4748 aliquis
541 4674 674 4748 perjuros
683 4673 729 4743 sit,
744 4678 795 4730 aut
808 4673 834 4731 si
852 4674 955 4746 sciens,
1313 4663 1493 4730 Idimum
1508 4662 1552 4716 49·

103 4766 132 4819 et
145 4778 199 4835 pro
215 4763 371 4836 cupiditate
387 4768 501 4820 terrena
520 4763 693 4837 pejeraverit
708 4779 715 4820 :
732 4766 761 4819 et
774 4762 800 4818 si
816 4763 956 4831 nesciens,
1046 4754 1094 4808 Est
1108 4751 1212 4825 eliquit
1226 4751 1277 4824 (1¹¹1
1300 4751 1383 4819 bibit,
1400 4756 1450 4806 &ui
1464 4748 1660 4818 m⁸¹¹d¹¹0⁸llb
1672 4752 1725 4804 ⁸¹st
1737 4748 1863 4821 imin

102 4856 153 4908 eut
176 4851 200 4908 si
227 4856 341 4909 coactus
366 4852 449 4924 jussu
481 4852 612 4922 senioris,
642 4857 693 4908 aut
721 4868 774 4925 pro
807 4853 955 4920 membris,
1011 4857 1138 4913 superse
1154 4856 1210 4912 (1110
1228 4841 1442 4897 existimaverat
1466 4854 1497 4894 so
1518 4838 1569 4895 bai
1588 4836 1733 4910 judicium
1747 4853 1861 4909 perrer-

102 4946 154 4997 aut
167 4957 220 5013 pro
233 4941 290 4997 rita
302 4941 473 4998 redimenda
485 4957 493 4996 ι
505 4944 555 4996 aut
573 4940 598 4996 si
626 4940 731 5012 aliquis
757 4938 879 4996 scienter
897 4955 957 4995 non
1010 4933 1071 4985 ῑθῐθ
1086 4930 1190 5002 pom?

103 5030 197 5085 solum
220 5030 402 5103 pejeraverit,
440 5029 491 5085 sed
518 5028 605 5084 etiarn
630 5029 704 5085 alios
726 5029 758 5085 in
795 5028 957 5101 perjurium
1315 5018 1494 5085 Inmiti&
1509 5018 1552 5071 5⁰·

103 5117 235 5173 duxerit?
1047 5109 1095 5164 Est
1105 5107 1210 5180 aliquis
1223 5106 1275 5179 qui
1286 5105 1317 5163 in
1333 5107 1454 5162 Kalend.
1473 5104 1602 5162 ianuarii
1616 5103 1731 5174 aliquid
1746 5103 1861 5166 lecerat.

407 5207 588 5274 iuterrogatio
605 5205 649 5260 40.
1012 5198 1089 5270 qnod
1101 5213 1119 5253 a
1132 5196 1254 5270 paganis
1280 5196 1431 5250 inventam
1455 5200 1509 5263 est,
1520 5198 1549 5249 et
1567 5194 1628 5249 dies
1648 5193 1823 5258 observarit,
1838 5207 1865 5247 aa

141 5294 380 5365 lnterrogandum
405 5295 428 5349 si
444 5293 548 5366 aliquis
569 5292 692 5348 scienter
714 5295 814 5347 contra
830 5291 958 5365 aliquem
1011 5287 1121 5356 lunam,
1134 5292 1163 5341 ct
1177 5300 1299 5356 menses,
1313 5285 1455 5341 ethorum
1468 5284 1596 5340 allectiva
1605 5281 1738 5355 potentia
1754 5280 1865 5354 aliquid

104 5381 208 5439 talsnm
234 5381 434 5438 testimonium
461 5381 624 5455 protulerit,
649 5385 677 5436 et
696 5379 792 5452 lqnele
819 5379 958 5438 damnum
1011 5380 1176 5449 speraverat
1200 5375 1232 5431 in
1256 5375 1370 5443 melius,
1394 5373 1498 5429 autin
1536 5371 1664 5429 deterius
1686 5387 1775 5444 posse
1797 5386 1865 5426 een·

106 5469 277 5542 aliquisper
291 5468 769 5526 banctestiticationemhebnerit‘l
1012 5464 1105 5521 verti?
