3878 6112
98 244 147 300 llll
922 245 1021 303 ACTA·
1799 253 1850 311 lta

94 384 130 424 no
154 382 244 440 qnam
268 366 304 423 in·
318 364 506 422 emendandis
527 363 597 421 cleri
631 370 660 422 st
686 365 787 440 populi
809 366 975 425 moribusrt
995 367 1185 440 patrocinium
1200 367 1339 441 conlugil.
1353 368 1388 424 itt
1408 373 1442 426 ut
1462 368 1582 428 haberet
1601 371 1738 444 adjutorii
1755 373 1848 447 ipsius

92 472 246 528 aggressus
265 455 348 520 luitr
380 460 466 526 atque
495 453 558 526 ipsa
591 455 790 527 magnitudine
824 472 945 529 operum
999 457 1124 526 arrham,
1140 457 1264 513 obtinuit
1282 458 1319 513 ab
1334 459 1495 515 Eberhardo
1521 462 1688 532 augustano
1701 462 1847 536 episcopo,

91 560 157 618 quasa
186 546 305 618 peregit,
338 545 435 615 palam
465 544 600 598 omnibns
636 544 712 608 lecit,
746 561 776 600 se
801 561 859 600 non
886 551 944 602 tam
999 551 1195 602 consecratore
1218 562 1280 612 suo,
1310 548 1440 619 gladium
1467 564 1525 620 quo
1553 554 1666 604 sanctus
1692 551 1850 624 imperator

92 634 243 690 hominnm
268 649 356 706 qnam
384 633 495 687 cmlitus
521 630 664 702 suffragiis
687 632 722 687 ad
737 632 943 703 episcopatum,
1000 635 1145 707 qnondam
1159 636 1189 690 in
1215 636 1321 708 praeliis
1347 635 1385 690 ad
1413 636 1588 692 edomandos
1612 639 1741 695 Ecclesiae
1754 639 1850 697 hostes

91 738 144 793 pro
166 723 244 778 bono
270 722 399 778 Ecclesiae
424 726 612 791 assumptum.
640 720 709 786 Once
734 723 850 792 egregia
871 722 945 777 lacta
1000 738 1068 778 nans
1087 723 1179 779 luerat
1203 739 1210 778 :
1231 740 1318 795 quaem
1341 729 1473 780 sanctum
1501 726 1629 796 gladium
1654 727 1764 800 accepit
1787 732 1850 784 tan·

90 826 157 866 cnm
181 811 303 867 Romam
321 812 416 865 latere
449 825 506 865 non
542 814 666 880 possent,
700 809 945 865 eminentissimus
1000 827 1239 884 quamnrunusa
1259 813 1315 867 Dec
1341 814 1472 878 missum,
1501 814 1583 886 cnjus
1610 815 1716 871 virtute
1741 821 1851 872 arceret

93 897 284 952 Bsharminns
308 897 404 952 denno
432 897 467 951 ad
492 897 630 953 loannem
657 897 843 953 Godelridum
867 913 943 953 anno
999 900 1175 955 adversarios
1190 901 1291 971 populi
1316 901 1370 967 sui,
1386 901 1532 973 quierant
1547 903 1630 958 multi
1659 909 1688 959 et
1709 908 1849 976 potantes.

93 987 188 1042 snex
205 986 247 1042 ita
267 986 396 1042 scribit:
419 984 499 1050 Quod
521 985 567 1057 egi
596 985 786 1040 incensa...
815 985 945 1057 quamvis
1000 988 1319 1060 lmprinrisFridericns
1349 990 1381 1054 V,
1396 1005 1491 1044 comes
1524 990 1668 1060 palatinus
1688 993 1852 1060 Rheni,in-

93 1075 493 1146 magnavoluntatsegerim,
518 1091 576 1129 non
593 1073 665 1129 tanti
680 1074 819 1129 momenti
833 1073 897 1134 luit.
913 1079 945 1128 ut
1001 1092 1081 1131 vasor
1118 1092 1230 1131 coronae
1256 1077 1417 1132 bohemicae
1441 1093 1449 1147 ;
1480 1078 1687 1148 llansleldius;
1718 1082 1847 1137 marchio

91 1168 253 1233 oposessst
276 1163 391 1234 latigari
409 1163 440 1218 in
463 1163 613 1218 scribendo
640 1167 754 1217 tanturn
776 1163 944 1236 episcopum
1000 1165 1189 1230 llnrlaccnsis,
1217 1166 1273 1219 dux
1303 1166 1485 1235 Anhaltinns,
1501 1153 1680 1223 Christianus
1708 1170 1849 1224 Brunswi·

91 1251 260 1306 etinrabns
273 1251 454 1323 gravioribus
468 1255 649 1322 occupatum.
666 1251 738 1315 Quia
753 1254 849 1305 tamen
874 1251 943 1305 scri-
998 1252 1090 1307 censis
1119 1268 1170 1306 sau
1204 1252 1470 1321 llalberstadiensis‚
1503 1270 1661 1326 eorumque
1689 1256 1770 1323 socii,
1798 1258 1850 1330 qui

91 1339 160 1395 bere
174 1339 271 1407 libuit,
283 1338 354 1394 mihi
369 1353 486 1411 qnoque
514 1338 688 1405 respondere
700 1338 943 1410 jucundissimum
999 1340 1142 1396 dioecesim
1160 1341 1410 1411 bambergensem,
1431 1341 1474 1396 nti
1503 1347 1531 1396 et
1545 1341 1792 1414 herbipolensem,
1805 1345 1849 1400 lo·

90 1428 177 1482 estei
196 1428 269 1495 viro,
293 1427 478 1499 quemqnasi
499 1427 534 1481 de
560 1428 631 1482 coslo
658 1427 777 1482 missum
806 1428 941 1498 suspicio.
999 1428 1393 1500 liispulamimpressis,sibi
1416 1429 1446 1484 in
1474 1430 1600 1500 predam
1628 1431 1851 1500 destinaverant,

91 1515 279 1571 Nonnovide
298 1515 369 1570 lacis
394 1516 561 1586 episcopum
577 1521 605 1569 et
629 1516 788 1587 principem
814 1516 944 1570 Bnmbar-
998 1523 1028 1572 at
1041 1534 1091 1587 spe
1103 1516 1384 1588 jamdevoravoranl.

88 1617 210 1674 genam
225 1602 419 1671 Godetridum,
436 1603 486 1657 sed
509 1602 693 1675 exoperibus
709 1603 833 1674 egregiis
851 1604 981 1706 notis·B
1035 1609 1079 1661 58.
1099 1627 1110 1654 a
1128 1604 1263 1670 Quamvis
1278 1610 1376 1659 autem
1398 1605 1429 1659 in
1455 1611 1607 1678 utramque
1626 1606 1771 1663 diaecesim
1790 1607 1852 1679 pln-

88 1690 198 1747 simnm
217 1691 400 1747 vehementer
421 1690 511 1762 diligo
527 1696 691 1747 etveneror
709 1711 717 1759 3
732 1697 761 1747 et
782 1707 883 1762 precor
898 1709 944 1747 as·
999 1694 1055 1748 ries
1096 1693 1287 1765 irruptionem
1314 1694 1499 1763 tentaverint,
1530 1695 1655 1749 loannes
1681 1694 1851 1750 Godelridus

89 1779 173 1834 sidoo
206 1779 298 1835 Deum
333 1784 375 1845 ut,
410 1795 498 1851 quem
525 1786 689 1851 opportuno
723 1785 863 1852 tempore,
900 1782 943 1835 la·
999 1787 1096 1837 umen
1124 1781 1185 1854 (qni
1211 1781 1322 1837 interea
1348 1784 1434 1836 otiam
1460 1782 1675 1853 llerbipolensis
1697 1782 1851 1855 episcopus

89 1867 171 1923 henli
184 1867 317 1922 Ecclesiae
343 1869 545 1940 bambergensi
561 1869 706 1935 praeficere
728 1869 863 1940 dignatus
889 1874 942 1936 est,
999 1875 1110 1925 creatus
1130 1870 1232 1941 luerat)
1259 1869 1376 1924 hostiles
1404 1875 1524 1924 conatus
1536 1870 1640 1940 partim
1659 1869 1746 1925 elusit
1758 1870 1852 1925 consi-

89 1972 155 2012 eum
171 1957 260 2031 longo
270 1961 400 2027 tempore
425 1957 602 2012 ineolumem
617 1972 741 2023 servare,
764 1957 889 2030 dirigere
915 1965 945 2012 et
998 1959 1048 2025 lio,
1068 1958 1173 2029 partim
1197 1957 1284 2029 lregit
1309 1957 1486 2025 tortitudine,
1516 1958 1689 2029 opponendo
1718 1957 1853 2014 hostibus

89 2049 252 2117 protegere,
269 2045 429 2100 attendam
452 2045 538 2100 eham
553 2046 671 2116 plenum
686 2045 800 2101 dierum
815 2045 943 2101 etmeri·
998 2048 1193 2118 copiosarum,
1222 2062 1293 2117 quas
1321 2045 1540 2116 conscripserat,
1580 2062 1636 2100 una
1668 2062 1735 2101 cum
1760 2046 1851 2118 copiis

89 2140 186 2188 torum
201 2132 325 2205 gloriose
334 2149 472 2188 coronare
488 2133 633 2204 dignetur.
998 2134 1185 2190 auxiliaribus
1202 2134 1377 2188 serenissimi
1405 2134 1485 2189 ducis
1511 2134 1646 2190 bavariae.
1663 2136 1697 2190 Et
1711 2136 1782 2190 dnm
1797 2134 1854 2190 mi·

124 2224 168 2276 55.
187 2221 295 2277 «tdam
322 2220 475 2276 cardinalis
503 2236 579 2276 anno
604 2238 706 2289 unctu,
731 2238 768 2277 ru
787 2221 942 2288 Februarii,
998 2224 1061 2279 lites
1084 2227 1248 2294 pugnarent
1284 2222 1315 2276 in
1343 2221 1442 2292 patrie
1470 2221 1614 2289 conliniis,
1640 2222 1702 2292 ipse
1727 2221 1853 2277 interdiu

89 2311 126 2364 ad
140 2309 320 2365 l'ridericum
347 2311 505 2365 Fornernm
520 2309 735 2380 suffraganeum
753 2311 943 2381 Bnrnborgen·
998 2317 1154 2384 noctuque,
1166 2312 1292 2383 projecta
1308 2310 1339 2365 in
1358 2315 1463 2365 terram
1486 2310 1568 2378 lacie,
1592 2310 1670 2365 velut
1684 2310 1756 2364 alter
1769 2310 1848 2381 Moy·

90 2396 301 2466 commitens,
316 2396 397 2452 addit
411 2396 560 2467 sequentia
579 2413 585 2452 :
607 2397 662 2453 Sed
679 2399 723 2452 his
738 2398 861 2464 omissis,
876 2415 943 2470 gra·
998 2418 1053 2467 ses,
1074 2417 1126 2472 pro
1151 2400 1257 2471 populo
1283 2415 1335 2454 suo
1361 2398 1506 2453 orationes
1532 2398 1568 2452 ad
1598 2397 1851 2454 Daumlundchat.

92 2485 144 2539 lias
157 2485 291 2557 ingentes
316 2485 407 2541 habeo
422 2501 475 2557 pro
499 2485 535 2540 iis
553 2501 619 2557 qnae
645 2486 680 2540 ad
696 2501 742 2541 me
757 2486 893 2558 scripsisti
909 2487 944 2543 de
999 2489 1033 2543 Et
1048 2489 1126 2560 qnod
1148 2488 1183 2544 de
1212 2487 1259 2542 die
1281 2486 1427 2543 interdum
1441 2486 1478 2541 ob
1496 2487 1669 2557 legatorum,
1694 2502 1727 2542 ac
1741 2485 1854 2542 militias

92 2572 200 2644 insigni
215 2588 370 2645 progressu
396 2573 497 2644 optimi
510 2573 648 2645 principis
664 2579 693 2628 et
706 2574 833 2646 episcopi
848 2574 944 2641 vestri,
1000 2578 1210 2649 praefectorum.
1230 2577 1361 2630 euntium
1378 2591 1410 2629 ac
1437 2575 1622 2630 redeuntium
1639 2574 1852 2645 interpellatio-

92 2678 178 2733 quem
194 2677 252 2716 non
268 2662 419 2716 hominnm
448 2667 514 2717 vota
529 2666 578 2716 aut
593 2662 697 2729 studia,
719 2662 767 2716 sed
784 2661 943 2733 Densipse,
1000 2682 1060 2733 nas,
1094 2669 1229 2736 praestare
1257 2679 1317 2718 non
1344 2668 1466 2734 poterat,
1484 2663 1579 2718 media
1607 2679 1728 2734 surgens
1759 2667 1851 2731 nocte,

92 2766 142 2820 pm
155 2766 208 2804 sua
223 2750 337 2805 inlicita
366 2751 480 2821 pietate.
510 2749 641 2806 Ecclesiae
656 2767 715 2805 suae
744 2751 870 2806 donavit.
887 2752 944 2822 Ego
999 2770 1099 2808 somno
1129 2752 1305 2806 antelucanis
1340 2750 1465 2806 excubiis
1505 2752 1644 2820 majorem
1674 2751 1705 2806 in
1733 2751 1852 2807 modum

92 2837 217 2893 certeita
232 2837 275 2892 illi
290 2853 428 2908 germana
443 2837 582 2892 charitate
597 2837 716 2904 allicior,
734 2843 776 2905 nt,
797 2839 820 2894 si
835 2854 945 2910 pennas
999 2826 1151 2907 coarctato,
1163 2839 1281 2909 integris
1300 2838 1380 2893 horis
1398 2855 1463 2894 enm
1485 2839 1541 2894 Deo
1564 2839 1754 2911 colloquendo
1769 2855 1850 2894 com·

92 2927 233 2982 columbae
247 2941 393 2981 assumere
421 2942 544 2997 possem,
562 2927 634 2981 nihil
660 2942 706 2981 me
720 2928 861 2982 detineret
873 2929 978 2998 quint}
998 2930 1144 2998 pensabat.
1176 2928 1256 2983 llisce
1293 2927 1382 2982 armis
1406 2927 1524 2982 devotus
1548 2927 1577 2983 S.
1608 2927 1734 2982 heinrici
1763 2927 1853 2983 cliens

91 3015 232 3070 slatimad
258 3015 320 3085 ejus
342 3015 522 3086 cornplaium
551 3016 687 3070 volarem.
708 3015 821 3071 Utinam
839 3016 944 3070 multos
1000 3018 1149 3072 Ecclesiam
1165 3033 1256 3083 soem,
1272 3020 1332 3070 toto
1348 3015 1496 3086 regiminis
1510 3014 1554 3069 sni
1579 3021 1721 3087 tempore,
1749 3015 1851 3070 ahho-

93 3102 236 3158 eisimiles
267 3119 327 3158 non
355 3104 449 3158 solum
476 3103 507 3157 in
531 3103 693 3170 Germania,
721 3103 772 3158 sed
791 3104 879 3158 ctiam
914 3104 944 3158 in
998 3105 1082 3159 etium
1113 3103 1332 3173 irruptionibus,
1358 3102 1621 3174 depredationibus
1649 3108 1677 3158 at
1711 3103 1852 3159 incendiis

94 3190 172 3246 ltalia
197 3195 226 3246 et
253 3190 285 3246 in
317 3191 428 3262 reliquo
470 3191 538 3246 orba
557 3191 718 3246 Christiano
742 3190 942 3246 haberemnsl
998 3190 1668 3265 (quinetapeste,quaeantoasingulisannis
1687 3191 1853 3262 bambergae

94 3279 259 3334 videremus
273 3279 351 3334 onim
364 3278 502 3333 continuo
517 3278 629 3334 vineam
646 3279 760 3334 Domini
785 3284 844 3334 tam
860 3280 945 3335 bonis
998 3280 1141 3346 saeviebat)
1155 3280 1277 3335 servarit
1285 3280 1459 3335 immunem.

95 3369 225 3441 agricolis
258 3368 441 3424 commissam
458 3368 578 3424 mirilico
608 3369 799 3424 rellorescere.
843 3372 946 3426 Precor
1034 3373 1103 3425 bb«
1134 3369 1339 3440 Supremuma
1360 3369 1388 3425 S.
1419 3367 1551 3424 Heinrico
1573 3367 1701 3423 lavarem
1722 3368 1848 3423 loannes

95 3457 182 3513 illies
197 3456 284 3512 corde
308 3456 517 3527 longitudinem
544 3456 666 3523 dierum,
693 3462 802 3528 quanta
817 3474 945 3513 necessa·
998 3458 1167 3514 Godelridns
1182 3463 1316 3528 expertus
1331 3457 1386 3513 luit
1413 3462 1480 3512 ante
1505 3461 1628 3512 mortain
1651 3470 1744 3523 snam,
1760 3470 1849 3527 qnam
1936 3507 1937 3510 ,

96 3545 134 3599 ria
148 3549 194 3599 est
208 3544 244 3599 ad
259 3544 391 3599 Ecclesia
405 3544 650 3612 reformationem,
666 3551 720 3601 etc.
998 3547 1025 3602 ei
1035 3553 1149 3602 sanctus
1163 3546 1321 3617 imperator
1347 3562 1404 3600 nna
1433 3561 1499 3601 cum
1515 3544 1642 3617 virginea
1665 3545 1788 3616 conjugo
1804 3559 1854 3615 ap·

127 3637 171 3689 tt.
189 3654 204 3682 κ
234 3634 319 3688 l'lnra
347 3633 490 3705 ejusmodi
514 3633 687 3704 inepistulis
704 3633 946 3689 suishabetlau-
999 3634 1324 3707 parenspronuntiavit‚
1341 3637 1373 3687 nt
1390 3633 1515 3689 retertur
1533 3633 1642 3688 inllita
1657 3631 1853 3703 manuscripta

95 3721 173 3777 datns
187 3721 352 3786 cardinalis,
380 3720 528 3794 signanter
549 3722 687 3776 extollens
715 3723 947 3793 magnitudinem
999 3725 1084 3793 hujus
1100 3723 1246 3794 principis.
1261 3722 1303 3776 Ab
1319 3738 1353 3776 eo
1368 3726 1499 3792 tempora
1515 3738 1572 3776 non
1585 3721 1682 3775 omisit
1710 3736 1740 3774 sa
1765 3735 1853 3790 quam

95 3809 225 3866 beneficii
253 3808 332 3882 qnod
361 3808 458 3865 divina
475 3809 588 3864 bonitas
604 3810 736 3880 prestitit
758 3811 865 3865 labenti
894 3812 947 3866 lic-
999 3811 1209 3865 accuratissime
1224 3808 1258 3864 ad
1287 3809 1445 3864 lelicemex
1471 3810 1524 3863 huc
1538 3808 1594 3862 vita
1608 3806 1759 3862 transitum
1774 3822 1854 3861 com·

94 3897 185 3953 uate
200 3897 849 3970 bambergensi,illiprovidendodeepiscopo,
868 3922 878 3949 ι
897 3899 947 3971 qui
1000 3915 1110 3972 parare.
1127 3900 1197 3954 Tota
1221 3897 1338 3968 quidem
1363 3897 1422 3951 rita
1446 3897 1518 3967 ejus,
1545 3894 1806 3968 praesertimquanr
1823 3894 1854 3949 in

95 3985 122 4040 in
137 3987 194 4041 rita
209 4001 263 4039 sna
278 3985 402 4041 suffulsit
415 3987 546 4054 domum,
570 3992 598 4042 et
620 3986 651 4042 in
667 3986 836 4042 diebussuis
848 4003 948 4041 corro-
1001 3987 1165 4059 episcopatu
1182 3986 1274 4053 duxit,
1300 3984 1355 4040 luit
1380 3991 1521 4056 perpetuu
1546 3983 1581 4038 ad
1597 3983 1711 4037 beatam
1732 3985 1853 4037 mortem

95 4073 204 4128 borarit
214 4073 356 4145 templum
372 4090 379 4127 :
395 4074 445 4146 qui
469 4075 579 4129 curavit
591 4080 706 4147 gentem
723 4091 805 4129 stram
834 4076 947 4130 etlibe·
1001 4074 1173 4147 praeparatio
1191 4090 1198 4128 :
1215 4071 1594 4129 habitotamencoelestide
1623 4070 1783 4136 eaindieio,
1801 4086 1854 4124 cu-

94 4161 165 4213 rarit
178 4175 244 4214 eam
257 4175 275 4213 a
287 4160 449 4231 perditione
476 4161 571 4227 (tiocli.
597 4160 633 4230 n).
653 4184 663 4209 ι
692 4161 773 4225 Quod
798 4161 907 4215 meritis
918 4164 982 4256 etn
1002 4180 1047 4219 ras
1062 4179 1127 4217 snas
1141 4163 1176 4217 ad
1199 4177 1367 4232 supremum
1394 4160 1466 4216 illud
1485 4159 1633 4230 nogotium
1653 4157 1745 4228 magis
1758 4158 1855 4212 inteu-

94 4245 292 4303 inlareessioni
306 4248 354 4304 sb.
371 4247 496 4304 heinrici
520 4253 548 4303 et
572 4248 756 4319 Cunegundis
770 4248 800 4303 in
824 4250 947 4320 acceptis
1002 4252 1052 4307 dit.
1069 4252 1151 4317 Cum,
1167 4250 1217 4305 illo
1244 4251 1305 4321 ipso
1335 4265 1410 4304 anno
1435 4265 1493 4319 qno
1516 4247 1597 4313 obiit,
1625 4262 1658 4301 ex
1686 4245 1854 4316 praescripto

93 4334 246 4391 tarandm
263 4352 324 4391 esse
344 4337 445 4407 probat
472 4337 593 4408 pervigil
616 4351 718 4391 eornm
731 4337 861 4392 studium
874 4338 948 4392 circa
1004 4341 1192 4407 medicorum,
1228 4340 1259 4393 in
1294 4354 1357 4392 arca
1387 4335 1646 4402 Waldaschaeensi,
1660 4333 1854 4389 instaurandas

94 4424 264 4479 electionem
278 4424 364 4495 hrrJ'us
375 4425 501 4496 episcopi
518 4423 690 4490 exhibitum,
715 4429 847 4497 utsupra
870 4426 947 4480 rala·
1004 4428 1160 4483 valetudini
1189 4431 1310 4491 vacaret,
1341 4431 1400 4480 toto
1425 4441 1459 4479 oo
1480 4430 1620 4495 tempore,
1652 4422 1711 4477 sive
1742 4421 1855 4493 publice

94 4518 153 4567 tom
172 4512 241 4579 tuit,
256 4527 309 4567 nec
323 4527 382 4566 non
394 4512 685 4585 singularisepiscopi
697 4514 810 4569 devotio
829 4520 856 4568 ct
871 4514 947 4569 lidu-
1003 4517 1060 4571 sire
1089 4515 1222 4586 privatim
1253 4514 1395 4586 panderet
1426 4519 1477 4568 ant
1512 4517 1647 4577 coenaret,
1678 4510 1740 4581 ejus
1771 4512 1855 4581 jussu

94 4600 137 4654 eis
159 4615 231 4670 erga
258 4605 369 4655 unctos
397 4599 585 4669 londatoros;
613 4601 696 4672 cujus
724 4601 883 4657 dovotionis
916 4604 948 4656 ae
1002 4620 1116 4674 semper
1161 4603 1266 4674 aliquis
1298 4619 1313 4656 a
1341 4600 1523 4656 cubiculariis
1556 4600 1685 4654 libellum
1724 4597 1856 4653 ieremias

95 4687 206 4743 lldnciae
219 4689 366 4758 specimen
381 4689 498 4761 aliquod
508 4690 554 4744 hic
569 4689 772 4761 subjungitur:
1005 4692 1167 4746 [trosellis.
1183 4690 1259 4745 lde
1288 4691 1449 4745 aeternitate
1473 4688 1658 4759 praelegebat,
1679 4701 1767 4758 qnam
1778 4690 1856 4740 tem·
1918 4745 1923 4750 ,

128 4781 173 4832 57.
205 4777 268 4831 ·tJt
290 4777 418 4848 primum
436 4778 559 4832 loannes
586 4777 756 4834 Godelridus
787 4793 860 4833 onus
887 4777 949 4848 epi·
1003 4780 1245 4849 porcillotolnm
1276 4777 1361 4832 terlio
1384 4778 1535 4848 percurrit.
1563 4772 1855 4841 Intereavero,dum
1907 4803 1910 4809 ·

93 4867 206 4935 scopata
220 4865 356 4936 suscepit,
385 4865 549 4920 colluctatio
564 4865 676 4921 illilnit
695 4882 752 4920 non
768 4871 881 4920 tantum
897 4866 946 4920 ad·
1002 4872 1052 4922 aut
1063 4867 1173 4922 balneis
1186 4871 1317 4921 uteretur
1342 4869 1393 4920 aut
1419 4865 1571 4921 sudoribus
1603 4860 1752 4917 eliciendis
1780 4873 1858 4912 raca-

93 4953 369 5023 rersusspiritnalia
404 4953 541 5025 nequitiae
564 4953 595 5008 in
623 4953 794 5021 coelestibus,
818 4954 948 5009 videlicet
1002 4962 1055 5025 ret,
1071 4956 1135 5011 aliis
1149 4955 1203 5026 piis
1214 4955 1328 5021 libellis,
1355 4953 1537 5026 potissimum
1554 4949 1680 5006 historiis
1709 4947 1744 5002 de
1770 4945 1856 5000 rebns

91 5043 227 5096 adversos
240 5040 383 5108 haeresim,
410 5041 546 5114 magiam,
565 5042 711 5111 venalicia,
736 5042 946 5098 daemoniacum
1001 5045 1088 5116 gestis
1103 5049 1267 5100 sanctorum
1283 5043 1421 5114 legendis,
1437 5042 1567 5097 animum
1589 5035 1746 5094 relaxabat,

92 5130 309 5199 idolomaniam,
339 5130 510 5186 lmdissimas
551 5130 645 5185 carnis
682 5131 892 5199 corruptiones,
919 5137 948 5185 et
1037 5134 1081 5187 60.
1098 5150 1113 5184 a
1131 5132 1246 5188 hiemini
1259 5131 1346 5186 luisse
1375 5130 1470 5202 quiin
1487 5142 1552 5181 mea
1579 5122 1732 5195 praesentia
1747 5120 1774 5178 ei
1790 5138 1857 5176 sua·

91 5218 247 5275 innumera
275 5219 452 5291 llagitiornm
480 5225 619 5285 monstra,
656 5219 705 5274 sed
734 5219 821 5273 etiam
849 5224 947 5273 contra
1001 5219 1082 5274 deret
1097 5236 1141 5275 ras
1157 5221 1250 5291 potius
1268 5219 1412 5291 jucundas
1440 5231 1526 5287 quam
1556 5214 1670 5267 tetricas
1689 5215 1718 5266 et
1745 5210 1858 5265 molan·

91 5307 292 5364 lormidabiles
335 5307 499 5379 principum
546 5307 748 5363 hereticorum
796 5309 945 5375 exercitus,
1002 5308 1170 5364 cholicasde
1193 5314 1295 5374 morte,
1310 5308 1345 5363 da
1360 5306 1485 5369 interno,
1507 5302 1542 5357 de
1561 5302 1678 5356 aetarnis
1706 5301 1854 5356 damnato

93 5396 261 5452 armachie
284 5402 424 5468 perpetuo
438 5396 633 5453 imminentes.
655 5397 761 5454 Contra
775 5412 848 5468 quos
863 5397 946 5452 acela·
1002 5412 1066 5451 rom
1100 5396 1201 5468 poenis,
1236 5396 1278 5450 illi
1307 5393 1432 5463 tempori
1456 5389 1610 5446 convenire
1633 5403 1690 5461 quo
1724 5383 1857 5442 valetudo

92 5484 130 5539 sti
143 5485 277 5557 praesidio
292 5485 346 5540 sihi
360 5501 508 5559 opnsossc
535 5485 710 5557 intelligens,
725 5484 759 5539 ad
776 5485 805 5541 S.
823 5483 947 5539 heinrici
1000 5490 1132 5540 curatur:
1158 5484 1324 5556 respoudit:
1350 5482 1414 5536 Scio
1438 5496 1482 5536 me
1503 5479 1581 5535 bravi
1605 5479 1789 5533 moriturum.
1805 5474 1854 5529 Sto
