3894 6120
158 255 226 310 1039

158 465 321 520 videantur.

160 573 224 628 Cle.
240 569 333 625 Llllll.
347 598 385 610 —
397 568 473 636 Quod
484 567 587 621 lentius
606 564 643 618 ειι
657 576 790 632 quemque
813 559 929 615 liberum
949 559 1011 614 ltiuc

249 642 334 703 caira,
346 656 428 709 quum
439 641 616 708 postmortem
628 634 780 688 libertatem
790 647 920 701 quaerere.

197 728 358 799 (Greqorius
373 731 403 781 ιἰι
415 741 462 782 sun
478 725 585 791 dictoqe
599 721 669 776 dicit
679 719 702 789 r)
719 720 836 775 Cunctis
851 717 1012 773 ostenditur

161 817 266 890 quiesi
292 815 462 870 insolubiles
483 813 575 882 culpae
600 809 716 875 luerint,
736 809 776 862 ad
801 807 1010 863 ahsolutionem

161 905 295 977 prodesse
309 903 431 958 minime
448 900 536 956 etiam
557 899 679 954 mortuis
692 897 809 951 victima
832 911 919 950 sacrae
934 894 1012 948 obla·

161 993 247 1049 tionis
273 993 376 1063 possit.
403 991 459 1046 Sed
485 988 632 1043 sciendum
662 991 714 1053 εει,
749 985 818 1057 quio
847 984 904 1038 illis
933 997 1012 1037 sacra

161 1081 275 1135 victima
290 1079 414 1133 mortuis
429 1077 531 1148 prosit,
546 1077 594 1148 qui
622 1075 667 1129 bic
690 1075 811 1126 vivendo
832 1071 1013 1125 obtinuerint

160 1175 193 1224 ut
206 1184 255 1224 eos
269 1168 357 1222 etiam
384 1172 587 1238 postmortem
614 1165 689 1217 bona
714 1163 851 1230 adjurent
875 1177 940 1232 quae
966 1159 1012 1214 hic

160 1276 213 1331 pro
228 1258 296 1331 ipsis
307 1258 344 1312 ab
362 1257 425 1311 aliis
439 1257 522 1310 liunt.
540 1257 619 1309 luter
633 1255 694 1308 haec
718 1256 814 1305 autem
829 1250 1011 1321 pensandum
1065 1212 1143 1283 q⁰⁰d
1159 1228 1218 1265 '¹⁰¹¹
1234 1217 1296 1266 Μ

162 1353 213 1416 εει,
231 1355 263 1403 ιιι
277 1346 369 1401 tutior
382 1346 428 1399 via
451 1346 497 1405 sit.
516 1348 547 1398 ut
562 1344 671 1397 honum
693 1341 771 1412 qrrod
797 1339 918 1410 quisque
948 1342 1013 1407 post

57 1490 59 1495 .
163 1443 283 1491 mortem
301 1439 397 1504 sperat
413 1433 459 1502 agi
470 1446 521 1502 per
535 1430 617 1495 alios,
633 1433 699 1499 agat
718 1427 786 1482 dum
803 1427 871 1480 vivit
884 1425 945 1495 ipse
962 1439 1013 1494 per

162 1540 201 1578 se.
227 1524 341 1577 beatius
367 1520 474 1592 quippe
504 1523 545 1573 εει
570 1519 692 1573 liberum
717 1517 803 1583 exire,
836 1530 922 1586 quiam
947 1516 1012 1583 post

163 1609 275 1661 vincula
292 1607 455 1661 libertatem
471 1619 610 1674 quaerere.

164 1714 228 1769 Car.
246 1712 312 1767 LlX.
330 1741 364 1750 -
385 1709 463 1776 Quod
482 1707 679 1763 nullusdcbent
699 1721 797 1774 roqcre
817 1719 870 1776 pro
890 1709 1009 1774 peccato,

437 1779 509 1848 qued
525 1785 563 1833 est
574 1779 611 1831 od
626 1782 746 1832 mortem.

199 1872 361 1942 (Greporius
395 1871 425 1922 in
444 1871 502 1921 suis
527 1866 700 1932 liuentibus.)
732 1866 880 1919 Peccatum
905 1864 1012 1935 qnippe

165 1959 313 2031 usquead
350 1955 456 2010 inferos
495 1955 608 2008 ducitur
631 1953 707 2025 quod
737 1961 803 2006 ante
831 1952 917 2007 linem
946 1955 1011 2005 vitae

164 2046 314 2121 praesentis
341 2059 393 2114 per
434 2041 637 2096 correctionum
671 2057 703 2095 ac
726 2041 923 2112 paenitentiam
955 2053 1012 2093 nou

164 2135 344 2192 emendatur.
383 2131 420 2185 lie
439 2146 497 2200 quo
522 2130 652 2184 videlicet
667 2135 783 2199 peccato
800 2143 851 2199 per
874 2129 1012 2182 loannem

165 2224 268 2280 dicitur
283 2239 289 2276 :
312 2222 359 2275 Est
374 2226 521 2290 peccatum
536 2219 571 2272 ad
585 2222 716 2285 mortem,
732 2233 791 2271 non
808 2233 859 2287 prn
875 2215 925 2270 illo
938 2215 1010 2282 dico,

164 2319 196 2366 nt
211 2316 292 2380 roget
318 2307 392 2378 quis.
416 2309 563 2360 Peccatum
585 2321 709 2376 namque
738 2307 773 2358 ad
805 2308 926 2357 mortem
947 2306 1010 2356 cst:

164 2399 232 2471 quia
247 2397 355 2450 scilicet
370 2399 514 2465 peccatum
537 2394 611 2464 quod
635 2393 749 2447 hicnon
771 2391 935 2462 corrigitur,
950 2391 1012 2462 ejus

167 2486 247 2541 renio
264 2485 370 2539 trustra
395 2482 564 2551 postolatur.
595 2481 633 2534 lle
660 2482 712 2534 hoc
737 2481 831 2534 adhuc
855 2479 1010 2533 subditur:

165 2574 356 2631 obliviscatur
383 2571 444 2639 ejus
473 2568 678 2622 misericordia.
713 2567 926 2638 Oniuipotentis
961 2567 1012 2620 liei

165 2660 363 2717 misericordia
379 2656 506 2710 oblivisci
521 2655 582 2725 ειιιε
596 2655 711 2721 dicitnr,
728 2656 777 2726 qni
806 2654 1012 2725 omnipotentis

167 2747 379 2818 deijustitiam
416 2743 500 2798 luerit
529 2743 643 2797 oblitus.
676 2741 810 2814 Quisquis
837 2757 903 2796 eum
936 2758 1012 2796 nrrnc

162 2839 272 2909 justum
296 2849 354 2888 non
379 2832 470 2897 timet,
497 2837 560 2901 post
574 2830 702 2884 invenire
724 2846 782 2885 nou
801 2830 878 2883 volet
897 2829 1012 2883 miseri-

166 2925 291 2979 cordum.

688 242 893 301 BURCHXRDI
912 237 1181 299 wouuactettsrs
1201 239 1371 296 arrscoet.

56 360 63 381 ⁸
158 371 409 449 percuteretque
427 372 556 429 indicant
577 365 682 440 quibus
710 383 762 439 per
788 382 852 422 eam
879 365 1043 421 absolutiA
1063 363 1127 418 Car.
1147 363 1227 418 LXII.
1243 363 1371 428 -Quod
1385 365 1426 418 itu
1444 378 1498 418 nou
1513 366 1560 429 sit,
1575 369 1607 419 ut
1629 363 1746 433 quidem
1762 365 1914 432 affirment,

1852 243 1915 294 tutu

1101 435 1176 504 quod
1204 434 1277 488 Deus
1300 434 1332 488 ob
1362 436 1408 488 boc
1437 437 1557 489 minutus
1591 437 1629 489 ειι
1655 441 1789 489 almum
1812 450 1915 504 penora

1099 507 1288 576 peccantibus,
1300 510 1330 560 ut
1343 508 1489 575 corriperet
1502 522 1519 559 a
1533 507 1623 560 molis.

1101 594 1271 661 (Ecdiolnq.
1291 595 1424 662 Gruqorr'i.
1446 597 1541 650 Petrus
1559 597 1721 661 iuterrequt.
1741 595 1869 663 Greqorii
1881 610 1917 648 re·

1065 685 1196 752 sponsio.)
1212 682 1285 746 Quid
1297 683 1319 736 si
1332 684 1395 754 quis
1410 682 1496 751 dicat,
1513 683 1617 738 idcirco
1642 684 1720 737 Deus
1734 684 1917 754 peccantibus

1065 776 1205 824 aeternam
1221 786 1335 842 poenam
1352 772 1478 826 minatus
1494 778 1546 839 est,
1562 777 1593 825 ut
1616 789 1666 825 eos
1687 788 1705 824 a
1734 779 1916 842 pcccatorum

1065 859 1279 929 perpetratione
1289 859 1503 929 compesceret?
1514 890 1546 900 —
1558 859 1585 916 Si
1599 859 1703 913 laisum
1716 864 1762 913 est
1777 860 1857 930 quod
1869 859 1916 914 mi·

1065 951 1217 1013 natusest,
1234 950 1266 1001 ιιι
1280 947 1315 1001 ab
1329 948 1468 1017 injustitia
1488 947 1656 1018 corrigeret,
1680 948 1773 1002 ctiam
1794 948 1868 1002 laisa
1881 953 1914 1002 est

1064 1034 1221 1104 pollicitus,
1242 1039 1274 1089 ιιι
1295 1035 1484 1105 adjustitiam
1498 1041 1678 1107 provocaret.
1705 1035 1762 1090 Sed
1778 1035 1846 1105 quis
1869 1037 1913 1089 lior

1064 1124 1171 1191 dicere,
1200 1124 1244 1177 νει
1269 1124 1385 1178 ιιιεειιιιε
1409 1126 1583 1195 prasumat?
1615 1126 1649 1179 Et
1674 1125 1698 1177 ει
1722 1124 1854 1179 ιιιιιιειιιε
1880 1130 1912 1178 εει

1310 1212 1489 1282 impleturus,
1505 1213 1573 1267 dum
1589 1229 1721 1266 asserere
1748 1229 1818 1267 eum
1838 1213 1911 1267 mise·

1066 1301 1208 1355 ricordem
1232 1301 1374 1368 volumus,
1398 1301 1538 1367 fallacem,
1560 1301 1638 1373 quod
1654 1302 1739 1355 celas
1753 1306 1797 1356 est
1817 1301 1909 1369 dicere,

1064 1387 1222 1458 praedicare
1237 1388 1451 1459 compellimur.

1067 1476 1129 1531 Cau.
1146 1475 1238 1531 LXill.
1255 1506 1289 1515 -
1306 1478 1364 1530 Cur
1382 1482 1494 1547 peccatu
1519 1492 1579 1546 que
1603 1494 1664 1532 eum
1676 1479 1740 1547 fiee
1763 1483 1913 1551 perpetratu

1297 1553 1369 1615 sunt,
1381 1550 1441 1602 sinc
1453 1549 1508 1618 fine
1519 1551 1685 1618 puniantur.

1102 1634 1159 1700 (Ec
1174 1633 1274 1690 codem.
1290 1636 1360 1690 Pete.
1379 1637 1430 1690 int.
1446 1636 1524 1703 Grec.
1551 1636 1636 1706 resp.)
1649 1636 1732 1691 Scire
1749 1636 1834 1690 velim
1850 1652 1913 1706 quo·

1067 1725 1152 1779 modo
1163 1725 1273 1795 justum
1290 1724 1336 1791 sil,
1360 1729 1392 1779 ιιι
1414 1724 1496 1796 culpa
1513 1741 1659 1796 quaecum
1682 1725 1743 1780 ιιιιε
1759 1730 1913 1796 perpetrata

1066 1818 1118 1880 est,
1133 1812 1192 1867 sine
1208 1812 1265 1867 tine
1277 1812 1422 1884 puniatur.
1439 1815 1543 1868 -Hoc
1566 1819 1643 1868 recte
1665 1814 1825 1879 dicoretur,
1844 1814 1865 1867 si
1880 1813 1914 1868 di-

1066 1901 1179 1954 strictus
1200 1899 1289 1969 judea
1306 1915 1362 1954 non
1391 1902 1476 1955 corda
1497 1902 1660 1968 hominum,
1689 1901 1741 1955 sed
1770 1902 1842 1956 lacta
1854 1918 1913 1972 pen-

1066 1994 1150 2043 saret.
1168 1987 1262 2060 lniqui
1277 1989 1353 2043 enim
1368 1989 1432 2043 ideo
1455 2004 1521 2043 cum
1545 1990 1603 2043 line
1628 1989 1829 2062 deliquerunt,
1853 1990 1912 2062 quia

1065 2093 1131 2132 cum
1147 2077 1203 2131 line
1220 2076 1360 2131 vixerunt.
1377 2077 1446 2131 Nam
1462 2077 1618 2130 voluisseut
1639 2076 1758 2147 utique,
1775 2077 1799 2130 ει
1811 2077 1912 2146 potuis-

1066 2168 1138 2234 sent,
1155 2165 1216 2219 sinc
1227 2166 1284 2219 line
1295 2165 1399 2233 virere,
1418 2169 1448 2217 ιιι
1462 2163 1622 2234 potuissent
1636 2163 1703 2218 siue
1719 2163 1779 2218 fine
1797 2179 1910 2234 peccate.

1065 2254 1226 2309 Ostendent
1241 2253 1330 2321 enim,
1347 2252 1414 2324 qnia
1439 2252 1469 2306 iu
1494 2257 1610 2323 peccalo
1627 2252 1727 2307 risere
1743 2269 1857 2323 semper
1867 2269 1911 2305 cu·

1065 2344 1158 2415 piunt,
1178 2344 1227 2414 qui
1243 2359 1392 2415 nunquam
1409 2341 1545 2398 desinunt
1561 2358 1695 2414 peccare,
1717 2343 1790 2397 dum
1814 2343 1910 2396 vivunt.

1065 2434 1107 2487 ad
1123 2448 1256 2502 magnam
1267 2430 1644 2502 ergojustitiamjudicautis
1654 2432 1797 2502 pertinet,
1807 2437 1839 2486 ut
1848 2447 1910 2485 ιιιιιι-

1066 2537 1151 2592 quam
1167 2525 1283 2574 careant
1306 2520 1446 2591 supplicio
1474 2519 1524 2591 qui
1549 2519 1580 2574 iu
1605 2521 1660 2575 lrac
1686 2520 1747 2576 vita
1773 2535 1909 2592 nunquan

1065 2610 1217 2662 voluerunt
1231 2623 1328 2662 carere
1344 2611 1467 2679 peccato.

1066 2696 1128 2751 Car.
1144 2696 1229 2750 LXlV.
1245 2724 1282 2737 -
1296 2696 1373 2762 Quod
1387 2697 1457 2750 Deru
1472 2697 1535 2765 pius
1550 2699 1597 2763 sit,
1614 2701 1640 2751 ct
1651 2712 1708 2751 uon
1716 2701 1852 2767 praecatur
1861 2712 1909 2751 cres

1100 2769 1174 2821 rictu
1190 2770 1359 2831 miserorum,
1371 2767 1464 2832 justus
1477 2773 1577 2832 autem,
1594 2771 1620 2821 et
1648 2768 1712 2823 ideo
1739 2769 1910 2824 consedetur

1101 2840 1131 2891 in
1144 2842 1303 2906 perpetuum
1314 2837 1348 2891 ab
1358 2840 1513 2907 iniquorum
1528 2839 1640 2891 ιιιιιιιιιε.

1029 2924 1050 2981 C
1104 2925 1158 2996 (Ea
1170 2925 1268 2979 rectem.
1286 2926 1358 2979 Petr.
1370 2928 1420 2980 int.
1437 2927 1509 2993 Greq
1537 2925 1622 2995 resp.)
1636 2924 1695 2980 Sed
1716 2926 1819 2980 nullus
1828 2927 1908 2997 J'ustus

166 3033 231 3088 ρει»,
256 3029 306 3083 Lx,
337 3056 371 3065 -
401 3025 435 3079 Ut
460 3039 549 3078 omnes
579 3026 675 3078 nnimae
704 3025 846 3078 electorum
875 3023 1013 3078 credenuae
1067 3013 1236 3067 crudelitate
1266 3012 1401 3083 pascitur,
1429 3017 1458 3066 et
1479 3012 1656 3083 delinquens
1682 3029 1788 3067 sersus
1810 3014 1908 3085 ajusto

219 3104 276 3155 sint
288 3113 343 3153 esse
358 3099 387 3150 ιιι
401 3097 474 3161 coelo,
488 3101 513 3149 et
528 3096 683 3163 iniquorum
693 3096 791 3148 anima
801 3097 830 3148 iu
840 3096 956 3161 infnsae.

1067 3099 1186 3154 domino
1200 3100 1307 3154 idcirco
1323 3100 1393 3154 cradi
1411 3100 1586 3171 praecipitur,
1604 3107 1669 3154 uta
1704 3103 1835 3173 nequitia
1855 3117 1908 3155 cor·

203 3189 260 3254 (Ea
287 3186 394 3250 diatono
419 3183 552 3250 Greqorii.
574 3183 666 3235 Petrus
685 3184 844 3248 interroqot.
868 3182 1012 3250 Responsio
1067 3186 1185 3259 rigatur.
1203 3189 1244 3241 Ad
1261 3186 1315 3240 hoc
1329 3186 1407 3240 enim
1432 3188 1558 3257 vapulat,
1585 3189 1618 3239 ut
1633 3186 1797 3240 emendare
1810 3186 1906 3241 debeat

167 3277 311 3345 Greqorii.)
332 3269 515 3343 lnquisitioni
540 3285 611 3322 mcae
642 3269 701 3338 jam
731 3269 814 3322 video
836 3269 1012 3324 sufficienter
1066 3275 1160 3347 iniqui
1176 3281 1271 3329 autem
1294 3275 1433 3346 gehennae
1447 3274 1507 3345 igni
1531 3273 1641 3336 traditi,
1657 3274 1682 3328 si
1711 3275 1749 3329 ad
1774 3274 1907 3329 correctio

167 3366 353 3428 satisfactum,
370 3360 418 3413 sed
444 3359 497 3412 hoc
520 3363 562 3411 εει
577 3358 668 3411 adhuc
683 3357 760 3428 quod
776 3358 933 3427 quaestione
947 3360 1010 3412 ani·
1065 3378 1130 3417 nem
1146 3378 1297 3433 nunquam
1311 3363 1436 3428 veniant,
1453 3378 1510 3433 quo
1532 3362 1590 3416 line
1615 3377 1739 3432 semper
1763 3360 1907 3417 ardebunt!

166 3469 245 3509 mum
261 3454 364 3522 pulsat.
381 3447 453 3512 Ouia
467 3462 531 3499 cum
548 3446 680 3515 superius
695 3446 801 3501 dictum
815 3445 851 3500 sit
875 3461 935 3499 esse
950 3446 1009 3516 jam
1063 3451 1303 3520 —0muip0tens
1320 3451 1404 3519 Deus,
1429 3450 1498 3521 quia
1520 3449 1585 3520 pius
1599 3454 1654 3515 εει,
1671 3451 1906 3505 miserorumcro·
1946 3512 1947 3521 ἵ

166 3546 328 3597 sanctorum
354 3536 463 3590 animas
488 3534 517 3587 ιιι
532 3535 613 3598 coelo,
638 3538 726 3587 restat
742 3535 840 3604 procul
864 3534 962 3600 dubini,
980 3539 1010 3590 ut
1064 3539 1141 3594 cintu
1157 3555 1214 3594 non
1230 3539 1358 3610 pascitur
1373 3554 1380 3594 :
1396 3539 1464 3610 quia
1484 3543 1580 3592 eutem
1604 3537 1708 3608 justus
1723 3544 1778 3604 εει,
1802 3540 1836 3594 ab
1859 3539 1905 3592 ini·

166 3632 331 3702 iniquorum
347 3638 463 3697 quoque
478 3622 582 3676 animae
598 3638 658 3676 εεεε
680 3638 739 3676 non
766 3621 821 3676 nisi
850 3622 879 3677 in
898 3622 1010 3677 interno
1063 3643 1188 3698 quorum
1215 3627 1325 3681 ultione
1354 3626 1384 3682 in
1416 3631 1587 3698 perpetuum
1624 3642 1687 3681 uon
1716 3630 1841 3683 sadatur.
1862 3626 1905 3681 Sed

164 3721 328 3782 credantur,
344 3711 453 3783 etquid
469 3711 504 3766 de
520 3711 573 3791 lmc
595 3727 625 3764 re
649 3710 752 3764 habeat
775 3711 880 3766 veritas
899 3711 1007 3781 ignoro.
1063 3716 1157 3787 iniqui
1173 3732 1273 3770 οιιιιιεε
1287 3720 1394 3770 aeterno
1409 3714 1549 3786 supplicio
1564 3714 1710 3785 deputati,
1738 3733 1790 3770 sua
1803 3715 1904 3787 quiden

166 3810 235 3864 Nam
251 3807 380 3861 hnmana
392 3799 544 3854 aestimatio
567 3815 626 3852 non
642 3798 739 3864 habet,
754 3804 934 3868 peccatorum
950 3799 1010 3854 aui·
1062 3804 1215 3877 iniquitate
1231 3805 1401 3875 puniuntur.
1418 3809 1447 3859 et
1461 3809 1557 3858 tamen
1575 3805 1611 3858 ad
1629 3805 1745 3876 aliquid
1767 3805 1903 3866 ardebunt

164 3886 1008 3966 masposseantejudiciumcruciari.-Siessesanctorum
1062 3894 1179 3961 scilicet,
1197 3897 1230 3946 ιιι
1245 3893 1317 3963 justi
1341 3908 1452 3954 omnes.
1478 3897 1508 3947 ει
1528 3894 1557 3946 ιιι
1584 3892 1645 3946 Deo
1672 3893 1794 3949 videant
1816 3893 1905 3964 gaudia

164 3986 274 4041 animas
289 3983 318 4036 in
334 3979 404 4034 coelo
419 3977 491 4032 sacri
514 3976 622 4047 eloquii
636 3974 828 4030 satisfactione
852 3975 1007 4043 credidisti,
1062 3998 1127 4054 qaae
1142 3981 1315 4052 percipiunt,
1330 3982 1359 4034 ει
1382 3980 1412 4035 ιιι
1431 3980 1487 4034 illis
1513 3979 1673 4050 respiciant
1690 3983 1904 4053 suppliciaque

164 4078 275 4145 oportet
293 4072 326 4124 ιιι
341 4085 393 4140 per
406 4064 505 4121 omnia
519 4081 580 4118 esse
604 4064 701 4119 credas
713 4064 879 4136 iniquorum
899 4065 1009 4120 animas
1061 4074 1222 4138 evaserunt,
1239 4073 1380 4138 quatemus
1394 4068 1425 4122 in
1438 4074 1577 4124 eternum
1599 4074 1684 4123 tanto
1700 4070 1795 4141 magis
1814 4070 1905 4125 divine

162 4163 194 4218 in
205 4162 318 4218 interno
335 4175 341 4212 ι
357 4156 425 4228 quia
438 4170 469 4208 ειι
485 4153 672 4209 retributione
688 4158 803 4208 mteruae
818 4152 947 4222 Justittae.
974 4169 1006 4208 cr
1022 4200 1044 4255 n
1063 4159 1160 4231 gratias
1176 4158 1320 4213 debitores
1334 4172 1363 4212 se
1376 4172 1436 4212 esse
1450 4145 1635 4228 cognoscant,
1657 4165 1774 4229 quanto
1790 4159 1819 4214 iu
1833 4164 1904 4213 reter-

164 4269 220 4325 qua
230 4252 288 4321 jam
299 4245 370 4319 justi
394 4243 562 4314 gloriantur,
583 4256 696 4296 necesse
720 4245 763 4295 εει
782 4256 834 4311 per
854 4240 959 4307 omnia,
976 4246 1008 4296 ιιι

162 4338 261 4411 injusti
277 4335 448 4390 crucientur.
466 4332 537 4385 Nam
552 4330 626 4384 sicut
640 4331 746 4385 clectos
761 4329 909 4384 beatitudo
934 4329 1006 4383 laeti·

162 4425 238 4491 licat,
253 4425 294 4478 ita
314 4420 392 4476 credi
419 4435 532 4475 neeesse
556 4421 599 4473 est
627 4419 701 4490 quod
728 4436 743 4472 a
773 4417 819 4473 die
845 4417 936 4472 exitus
962 4416 1006 4471 sni

161 4513 237 4584 ignis
251 4509 388 4582 reprobos
400 4512 510 4563 exurat.

162 4620 225 4675 Car.
242 4617 306 4674 LXl.
320 4645 357 4657 -
370 4613 448 4680 Quod
462 4616 532 4668 sicut
549 4613 612 4682 ιιιιιε
627 4627 679 4665 nen
692 4615 731 4665 est
751 4609 853 4677 qeudr’o
868 4609 1005 4680 bonorum,

312 4688 351 4742 sie
365 4687 428 4756 finis
442 4700 496 4739 nou
509 4690 548 4738 εει
560 4684 699 4737 tormentis
710 4683 853 4735 melorum.

196 4775 361 4844 (Ecdiutnq.
387 4770 516 4840 Greqorii
538 4771 621 4825 luter.
648 4770 720 4823 Patr.
746 4767 869 4836 Greqore‘e'
895 4783 1006 4838 respon·

159 4866 223 4936 sio.)
239 4860 473 4933 Numquidnam,
488 4873 585 4929 quaeso
595 4862 631 4924 te,
642 4856 762 4910 dicimus
777 4871 836 4922 εοε,
853 4857 904 4928 qai
917 4859 1006 4914 semel

159 4955 217 5009 illic
232 4951 318 5006 mersi
332 4949 449 5016 luerint,
465 4960 579 5014 semper
594 4945 729 4998 arsuros?
739 4945 901 4999 -Constat
909 4944 1004 5014 nimis,

159 5048 187 5099 ει
201 5042 400 5096 incunctanter
413 5049 513 5090 verum
530 5049 590 5087 esso
608 5049 615 5087 :
632 5034 700 5104 quia
716 5032 789 5086 sicut
805 5031 871 5087 linis
885 5049 943 5088 uon
964 5039 1005 5089 εει

159 5129 273 5201 glaudio
288 5127 441 5190 bonorum,
457 5123 496 5177 ita
511 5123 576 5176 tlnis
591 5137 649 5175 uon
674 5126 717 5174 εει
737 5120 887 5174 ιοιιιιειιιιε
915 5122 1004 5176 molo-

158 5235 231 5273 rum.
246 5217 316 5272 Nam
332 5229 397 5268 cum
410 5213 522 5268 Veritas
534 5211 611 5264 dicat
625 5227 633 5263 ι
645 5209 729 5264 Ιιιιιιιι
745 5208 775 5262 hi
787 5209 814 5262 iu
832 5209 1004 5280 supplicium

159 5314 309 5367 mterrnun,
323 5302 394 5374 justi
409 5306 505 5354 autem
523 5299 791 5355 inritamecternam
805 5313 812 5351 :
828 5297 1003 5368 quieverum

158 5393 292 5464 estquod
309 5391 449 5462 promisit,
466 5390 568 5444 falsum
583 5385 774 5459 proculdubio
786 5401 845 5440 noo
858 5385 912 5440 erit
927 5387 1004 5456 qnod

159 5482 285 5537 minatus
300 5487 343 5534 εει
358 5481 440 5535 Deras.

1063 4262 1132 4302 nom
1163 4248 1237 4300 male
1261 4245 1360 4317 puniri
1388 4245 1569 4316 conspiciunt
1590 4259 1658 4315 quaa
1689 4246 1756 4317 ejus
1780 4246 1904 4318 adjutorio

1061 4331 1200 4385 vicerunt.

1060 4433 1125 4492 Gur.
1143 4435 1212 4489 LXV.
1229 4463 1263 4473 -
1281 4433 1321 4487 De
1340 4432 1397 4495 boe,
1417 4434 1442 4487 ει
1463 4437 1526 4488 unte
1548 4434 1759 4489 restitutionem
1780 4448 1902 4505 corporee

1190 4505 1287 4560 enimse
1296 4505 1432 4573 justorum
1456 4503 1487 4559 in
1498 4504 1591 4558 celum
1604 4507 1793 4574 recipientem.

1096 4595 1151 4658 (Ec
1163 4591 1262 4647 eodem
1274 4593 1346 4646 Petr.
1357 4592 1408 4645 int.
1425 4591 1505 4658 eree.
1519 4595 1608 4661 resp.)
1622 4591 1727 4648 Placet
1737 4595 1816 4665 quod
1829 4593 1900 4648 dicis:

1060 4681 1109 4738 sed
1124 4681 1210 4736 velim
1225 4696 1319 4747 nosse,
1335 4680 1359 4735 si
1387 4696 1464 4735 nunc
1490 4685 1556 4735 oute
1580 4681 1804 4738 restitutionem
1817 4696 1901 4752 corpo·

1059 4785 1125 4825 rum
1139 4769 1169 4823 in
1186 4769 1288 4824 coelum
1300 4768 1388 4840 recipi
1400 4766 1801 4838 valeantanimoeJ'usterum.
1816 4801 1848 4812 -
1859 4771 1902 4826 ιιιι

1059 4872 1185 4927 nemque
1199 4856 1375 4911 deomnibus
1378 4855 1465 4927 justis
1477 4854 1560 4910 lateri
1568 4871 1625 4910 non
1638 4872 1810 4927 possumus,
1826 4870 1901 4929 neque

1059 4945 1094 5000 de
1107 4944 1241 4999 omnibus
1251 4960 1366 5015 negare.
1386 4944 1455 4999 Nam
1471 4948 1539 4998 suot
1560 4947 1754 5014 quorundam
1774 4949 1902 5019 justorum

1059 5034 1175 5098 animae,
1191 5048 1254 5104 quae
1270 5049 1285 5087 a
1300 5032 1407 5088 coeiesti
1427 5047 1516 5103 regno
1526 5031 1707 5103 quibusdam
1722 5037 1822 5092 adhuc
1836 5050 1901 5090 maa·

1059 5121 1188 5176 sionibus
1220 5120 1402 5176 differuntur.
1443 5121 1474 5175 ln
1505 5136 1563 5191 quo
1598 5120 1754 5178 dilationis
1800 5125 1900 5187 damno,

1058 5211 1127 5282 quid
1143 5210 1220 5264 aliud
1236 5209 1379 5274 innuitur,
1395 5208 1450 5263 nisi
1474 5206 1550 5278 quod
1566 5208 1705 5278 perfectas
1726 5213 1847 5278 institiae
1860 5211 1900 5266 ali·

1058 5298 1129 5369 qnid
1145 5296 1240 5351 minus
1262 5296 1445 5352 hahuerunt?
1468 5295 1502 5350 Et
1518 5303 1616 5350 tamen
1635 5297 1703 5353 luce
1717 5300 1825 5356 clarius
1845 5313 1898 5355 coo·

1059 5391 1115 5440 stat
1129 5385 1195 5456 quia
1208 5385 1402 5455 perlectorum
1413 5385 1557 5456 justorum
1568 5384 1688 5454 animm,
1700 5404 1771 5444 mox
1781 5396 1814 5444 ut
1827 5388 1898 5459 hujus

1059 5472 1152 5528 carnis
1173 5473 1297 5528 claustra
1318 5477 1434 5542 exeunt,
1459 5472 1489 5529 iu
1512 5473 1678 5530 coelestibus
1699 5479 1820 5535 sedibus
1837 5475 1896 5533 reci·
