3878 6112
89 255 142 306 965
507 248 743 306 11116111110111111
766 248 858 303 LIBRI
877 248 928 302 1611.
951 276 974 286 -
1004 247 1110 303 LIBER
1129 245 1280 302 DECIMUS
1298 244 1423 301 NONUS.
1795 251 1846 301 966

89 376 237 432 66666666
256 372 340 428 tacite
360 388 408 427 vas
425 388 491 427 cum
511 388 595 443 aqua,
618 377 657 438 et,
682 372 976 428 666666161666666.Α
995 374 1024 425 66
1045 386 1132 425 66666
1153 374 1203 425 666
1213 369 1373 440 ignorante,
1387 369 1505 423 intrarit
1524 371 1801 439 666666666166666,
1819 375 1848 426 61

92 476 199 531 666666
218 459 335 523 mortui,
358 457 487 512 eamdem
507 457 856 529 66666616666616616666
867 456 942 510 1666·
997 464 1028 514 tu
1053 458 1160 530 putasti
1195 474 1258 513 eam
1289 462 1502 512 uxoremtuam
1524 473 1596 522 6666,
1620 462 1648 511 66
1671 459 1849 514 concubuisti

87 555 176 616 16666,
193 547 465 611 etbocobservant,
487 544 555 599 dum
572 549 648 599 extra
665 546 783 599 domum
800 550 932 614 6666616-
997 563 1063 602 cum
1087 564 1130 614 ea,
1159 547 1184 601 si
1212 546 1314 614 fecisti,
1345 546 1513 617 poenitentia
1541 551 1665 617 peracta,
1685 546 1848 617 legitimum

88 642 138 693 tur
152 637 250 703 funns,
272 633 326 708 [ut]
338 651 396 688 non
409 634 494 688 altius
508 650 595 706 quam
611 633 645 688 66
656 648 751 704 genna
761 634 897 698 elevetur,
909 636 937 687 et
995 638 1078 689 tuum
1093 633 1568 705 6666661666166166666666666.1116
1590 640 1687 690 autem
1708 636 1847 704 adultera,

91 727 148 781 boc
175 725 284 779 faciunt
310 740 363 794 pro
391 722 515 794 quadam
543 722 686 777 sanitate‘l
714 722 743 778 Si
763 722 864 789 fecisti,
895 726 945 776 aut
997 721 1438 794 61666666616666616666611ςί,
1455 727 1483 775 66
1505 721 1534 776 16
1555 728 1696 777 aeteruum
1713 724 1848 796 conjugio

90 811 273 880 consensisti,
289 812 310 866 ll
331 811 392 866 dies
409 811 531 882 inpane
550 814 579 865 et
599 827 673 881 aqua
693 810 778 865 661666
792 809 942 881 666611666-
999 810 1113 883 privari,
1430 859 1433 865 .

129 900 231 956 Fecisti
251 904 303 954 aut
327 900 494 954 consensisti
515 900 592 971 quod
618 898 735 971 qnidam
759 898 868 953 faciunt
891 899 944 953 ho·
1274 896 1581 963 ltemdesomicatioue.

90 989 165 1045 mini
181 988 286 1055 occiso,
300 1004 365 1042 cum
382 987 541 1060 sepelitur?
562 989 636 1042 Dant
658 988 685 1042 66
701 987 731 1041 66
754 1003 872 1042 manum
888 1003 946 1041 un·
1035 985 1136 1041 Fecisti
1159 984 1377 1039 fornicationem
1401 1001 1465 1039 cum
1495 985 1607 1040 duabus
1630 987 1787 1055 sororibus,
1817 993 1847 1044 et

92 1082 234 1148 guentam
250 1077 406 1148 quoddam,
424 1077 504 1147 quasi
520 1077 570 1131 illo
586 1080 732 1147 unguento
744 1081 809 1147 post
823 1081 945 1130 mortem
999 1090 1081 1130 soror
1095 1088 1221 1127 sororem
1237 1089 1254 1126 a
1269 1078 1296 1126 66
1311 1078 1468 1144 stupratam
1482 1089 1539 1127 non
1552 1074 1742 1145 intellexerat,
1767 1083 1796 1132 61
1815 1082 1848 1133 66

93 1167 200 1221 vulnus
215 1166 310 1219 sanari
322 1165 421 1236 possit,
438 1170 468 1220 et
483 1168 523 1220 sic
544 1181 609 1220 cum
628 1170 775 1235 unguento
789 1165 941 1236 sepeliunt.
998 1161 1197 1233 posteriorem,
1221 1176 1350 1215 sororem
1375 1161 1477 1232 prioris
1506 1178 1567 1216 esse
1583 1163 1743 1233 ignorasti?
1759 1164 1788 1220 Si
1809 1164 1849 1221 fe-

94 1255 126 1310 si
140 1254 244 1322 fecisti,
257 1254 305 1310 xx
320 1253 380 1308 dies
394 1255 422 1309 in
432 1271 506 1325 pane
521 1259 549 1309 et
563 1270 638 1326 aqua
653 1253 802 1325 poeniteas.
1000 1251 1072 1317 cisti,
1090 1256 1200 1321 septem
1216 1266 1305 1305 annos
1320 1265 1371 1321 per
1392 1249 1535 1321 legitimas
1550 1250 1634 1305 ferias
1653 1251 1740 1307 debes
1754 1252 1847 1324 paeni·
1886 1288 1890 1294 -

130 1342 233 1397 Fecisti
247 1342 357 1413 aliquid
373 1343 415 1396 tel
431 1343 527 1397 dixisti
543 1342 574 1397 in
584 1359 755 1414 quocunque
769 1357 855 1412 opere
868 1342 946 1413 quod
1000 1345 1070 1402 tere,
1098 1344 1200 1409 etpost
1215 1344 1297 1410 potes
1312 1339 1355 1392 uti
1374 1338 1505 1409 legitimo
1528 1339 1674 1411 conJ'ugio.
1692 1342 1724 1395 Et
1737 1340 1796 1396 illae
1808 1357 1851 1396 so·

92 1429 236 1485 inchoasti
265 1447 318 1501 per
345 1431 510 1503 sortilegam
535 1431 579 1485 vel
603 1431 743 1501 magicam
768 1435 871 1499 artem,
891 1430 947 1484 nisi
1001 1443 1089 1494 rores,
1106 1427 1129 1480 si
1149 1428 1234 1497 digne
1258 1427 1456 1497 poenituerint‚
1480 1432 1509 1481 et
1527 1427 1597 1481 6166
1620 1428 1767 1484 continere
1790 1446 1849 1485 non

96 1518 147 1573 Dei
163 1535 268 1573 nomen
283 1519 421 1573 invocasti
443 1518 499 1575 681
517 1518 618 1586 1666611,
643 1519 665 1574 X
689 1519 750 1574 dies
779 1518 809 1573 in
832 1523 947 1589 paueat
1001 1513 1154 1578 valuerint,
1166 1514 1278 1568 nubant
1290 1514 1320 1567 in
1346 1514 1477 1568 Domino.
1494 1513 1523 1568 81
1537 1520 1632 1568 autem
1653 1531 1713 1570 non
1733 1517 1849 1588 ignora·

93 1622 172 1678 aqua
188 1607 274 1661 debes
288 1608 436 1678 poenitere.
1002 1607 1113 1669 rerunt,
1131 1617 1220 1673 66666
1235 1602 1270 1656 66
1283 1606 1404 1657 mortem
1416 1601 1583 1672 poeniteant,
1598 1609 1627 1657 et
1640 1619 1670 1657 se
1683 1620 1700 1657 6
1714 1605 1850 1677 conjugio

131 1695 233 1749 Fecisti
248 1694 355 1765 aliquid
371 1694 524 1765 1616666616
539 1693 646 1764 pagani
670 1693 837 1748 1666666661
853 1694 946 1749 adhuc
1002 1691 1171 1746 abstineant.

93 1783 250 1839 faciuntin
271 1783 391 1837 llalend.
415 1782 554 1848 ianuarii,
576 1781 605 1835 in
627 1782 749 1849 cervulo,
773 1781 815 1835 ael
843 1781 874 1835 in
900 1797 946 1835 ve·
1037 1778 1138 1834 Fecisti
1184 1777 1403 1833 fornicationem
1439 1795 1503 1834 cum
1537 1779 1635 1851 aliqua
1671 1780 1789 1849 femina,
1823 1787 1852 1837 et

97 1872 228 1943 gula‘fsi
244 1871 343 1940 fecisti,
377 1871 494 1941 triginta
516 1869 621 1925 diesin
650 1885 723 1940 pane
746 1873 867 1940 616666
889 1884 948 1939 666·
1001 1866 1089 1921 166666
1115 1872 1182 1920 1666
1204 1871 1232 1920 66
1258 1867 1364 1921 6616616
1391 1869 1521 1923 eamdem
1550 1869 1632 1924 duxit
1651 1871 1793 1926 66666666
1822 1871 1851 1927 86

98 1961 201 2014 niteas.
1002 1954 1102 2020 fecisti,
1127 1970 1161 2008 eo
1187 1954 1265 2025 quod
1299 1954 1417 2009 fratrem
1440 1961 1521 2010 16666
1541 1957 1649 2011 crimen
1674 1960 1781 2027 celasti,
1807 1977 1851 2016 se·

135 2047 286 2103 Detraxisti
301 2048 345 2101 sel
360 2045 534 2101 maledixisti
555 2044 639 2098 alicui
660 2060 746 2099 causa
769 2045 903 2099 invidiae?
919 2044 948 2098 Si
1002 2047 1083 2112 ptem
1108 2058 1199 2096 annos
1218 2058 1270 2112 per
1288 2042 1433 2113 legitimas
1460 2043 1546 2097 ferias
1570 2045 1719 2114 poeniteas,
1735 2052 1765 2102 et
1786 2053 1850 2118 post

93 2135 200 2204 fecisti,
229 2142 338 2206 septem
364 2135 424 2189 dies
450 2133 480 2188 in
506 2149 580 2204 pane
610 2137 639 2187 et
667 2149 741 2203 aqua
767 2133 853 2188 debes
888 2148 946 2204 666-
1002 2131 1213 2202 poenitentiam,
1238 2136 1270 2186 tu
1291 2135 1320 2185 et
1338 2131 1427 2185 166666
1449 2148 1552 2186 666666
1577 2133 1706 2204 66616666
1730 2137 1848 2205 66166616

98 2223 204 2279 nitere.
1003 2225 1113 2275 tantum
1128 2220 1159 2275 in
1175 2219 1305 2274 Domino.
1322 2220 1423 2274 Mulier
1438 2225 1534 2273 autem
1549 2236 1640 2291 usque
1664 2222 1701 2277 66
1723 2228 1850 2277 mortem

133 2312 237 2366 Fecisti
261 2311 339 2382 6666
364 2311 463 2381 6166666
487 2309 614 2364 16616616
633 2310 757 2381 8666661
784 2310 878 2365 locum
899 2309 948 2364 nbi
1002 2308 1150 2378 poeniteat,
1163 2314 1192 2362 66
1206 2307 1267 2362 6166
1283 2323 1333 2377 666
1347 2307 1475 2378 conjugii
1490 2312 1667 2378 permaneat.

96 2400 192 2455 facere
207 2400 300 2454 solent
314 2401 411 2469 ignem
427 2399 456 2453 in
472 2400 558 2453 domo
584 2415 643 2463 sua,
665 2404 694 2453 et
718 2399 837 2453 mittunt
859 2415 949 2469 grana
1039 2396 1139 2451 Fecisti
1154 2395 1372 2450 fornicationem
1386 2412 1452 2450 cum
1469 2396 1588 2450 filiastra
1612 2397 1725 2453 166681
1746 2398 1850 2468 fecisti,

100 2487 202 2543 hordei
219 2488 311 2542 adbuc
324 2487 488 2542 1666661666
505 2502 511 2540 :
526 2492 563 2552 et,
582 2487 605 2541 66
620 2487 749 2540 salierint
759 2503 857 2557 grana,
872 2488 949 2557 peri·
1004 2499 1056 2538 nec
1081 2489 1200 2538 matrem
1225 2499 1277 2537 nec
1299 2483 1389 2538 filiam
1410 2485 1516 2555 poteris
1540 2485 1657 2554 habere,
1682 2502 1735 2541 nec
1748 2492 1779 2541 tu
1794 2505 1851 2558 po·

101 2577 233 2632 culosum
261 2577 329 2643 erit;
356 2577 379 2630 si
404 2581 499 2630 eutem
526 2575 566 2630 ibi
587 2577 809 2647 permanserint,
840 2577 949 2631 bonum
1004 2573 1073 2626 teris
1087 2588 1203 2625 6666666
1224 2571 1364 2643 accipere,
1389 2588 1442 2626 nec
1460 2572 1509 2626 1116
1523 2573 1670 2642 maritum,
1696 2575 1851 2649 66666666

99 2667 165 2722 erit.
183 2665 212 2721 Si
228 2665 329 2731 fecisti,
358 2667 456 2721 decem
483 2664 543 2720 dies
566 2664 597 2718 in
623 2681 698 2736 6666
724 2669 751 2719 66
771 2665 950 2736 666666661-
1003 2661 1039 2715 66
1066 2667 1189 2714 mortem
1208 2660 1350 2731 paenitere
1380 2661 1499 2715 debetis.
1528 2662 1601 2716 Uxor
1624 2668 1719 2718 autem
1742 2671 1801 2735 tua,
1827 2666 1851 2720 66

102 2755 173 2806 6666.
970 2740 978 2754 ’
1004 2753 1156 2819 postquam
1176 2749 1310 2819 cognorit
1328 2749 1407 2820 6666
1431 2765 1496 2803 cum
1521 2749 1580 2804 16116
1604 2767 1656 2805 666
1678 2752 1851 2810 adulterium

137 2837 238 2893 Fecisti
253 2837 329 2909 6666
345 2837 462 2908 quidam
479 2836 596 2905 faciunt,
607 2837 676 2892 dum
692 2835 809 2892 visitant
824 2837 950 2909 aliquem
1003 2841 1201 2906 perpetratum
1220 2836 1355 2905 habuisti,
1381 2842 1477 2891 tecum
1498 2853 1555 2892 non
1571 2839 1734 2909 concubuit,
1760 2842 1852 2897 nubat

100 2925 249 2980 infirmum
266 2941 273 2978 :
299 2942 365 2980 cum
388 2925 685 2997 appropinquaverint
707 2925 806 2980 domui
830 2926 879 2980 ubi
904 2926 948 2980 in·
965 2929 986 2983 G
1003 2924 1035 2979 in
1050 2924 1185 2991 Domino,
1200 2925 1224 2978 si
1239 2924 1370 2979 voluerit.

100 3013 203 3068 firmus
215 3013 370 3081 decumbit,
388 3014 410 3067 si
427 3013 589 3068 invenerint
600 3013 726 3084 aliquem
736 3014 861 3083 lapidem
869 3015 951 3084 juxta
1041 3013 1145 3067 Fecisti
1159 3013 1379 3069 fornicationem
1396 3030 1461 3068 cum
1485 3030 1606 3069 noverca
1620 3018 1689 3071 tua?
1703 3018 1733 3073 Si
1748 3018 1850 3087 Fecisti,

98 3103 251 3174 iacentem,
277 3103 429 3156 revolvunt
452 3102 587 3173 lapidem,
613 3106 641 3155 et
661 3102 814 3172 requirunt
836 3102 865 3157 in
888 3104 950 3158 loco
1005 3117 1099 3173 neque
1114 3107 1144 3155 tu
1160 3118 1253 3173 neque
1276 3102 1339 3173 ipsa
1361 3103 1482 3156 ulterius
1505 3104 1541 3157 ad
1562 3106 1732 3176 conjugium
1754 3123 1853 3178 perve-

101 3188 844 3260 6161]666166116616,611166611611661666161666666
863 3190 950 3256 vivat,
1004 3191 1067 3245 nire
1093 3191 1219 3261 potestis.
1246 3192 1330 3246 Pater
1349 3195 1447 3247 6661666
1472 3196 1551 3257 1666,
1575 3192 1598 3246 si
1617 3194 1749 3263 voluerit,
1766 3196 1852 3250 aliam

101 3281 131 3332 ct
154 3277 178 3330 si
202 3276 368 3330 invenerint
397 3277 438 3330 ibi
461 3275 614 3344 lubricum,
649 3281 699 3330 aut
731 3292 869 3341 muscam,
902 3281 952 3332 aut
1004 3279 1247 3349 acciperepotest·

99 3364 263 3430 formicam,
279 3369 329 3418 ant
350 3364 459 3434 aliquid
483 3364 561 3434 6666
582 3370 756 3429 semoveat,
783 3371 852 3420 tuuc
870 3366 950 3420 aftir·
1040 3366 1142 3421 Fecisti
1164 3366 1385 3422 fornicationem
1412 3383 1478 3422 cum
1502 3384 1590 3423 uxore
1615 3367 1712 3424 fratris
1737 3370 1803 3426 1611
1824 3370 1854 3426 86

100 3457 184 3507 mant
212 3456 354 3523 aegrotum
381 3452 588 3506 convalescere.
618 3452 647 3507 si
675 3458 770 3506 autem
811 3453 883 3508 nihil
910 3454 950 3508 ibi
1004 3453 1105 3520 fecisti,
1122 3455 1261 3525 poenitere
1278 3454 1399 3521 debetis,
1419 3462 1449 3509 tu
1472 3457 1578 3527 etipsa
1603 3473 1693 3527 666666
1716 3458 1752 3512 66
1774 3474 1852 3514 mor-

99 3541 265 3596 invenerint
279 3540 355 3611 quod
371 3556 400 3595 se
423 3539 666 3606 moveat,dicunt
680 3556 743 3594 esse
767 3542 949 3597 moriturum.
1005 3546 1073 3606 tem,
1087 3545 1116 3596 61
1132 3541 1194 3595 6166
1209 3557 1259 3612 666
1271 3543 1399 3612 conJ'ugii
1422 3558 1602 3613 permanere.
1628 3545 1725 3599 Frater
1756 3552 1853 3601 autem

98 3629 129 3684 Si
146 3628 247 3694 fecisti,
259 3633 308 3683 aut
322 3628 477 3697 credidisti,
495 3629 599 3699 viginti
617 3627 677 3682 dies
695 3629 815 3699 inpane
832 3634 861 3683 et
876 3646 952 3700 aqua
1005 3633 1079 3692 tuus,
1096 3628 1120 3683 si
1134 3629 1203 3694 vult,
1220 3628 1305 3682 aliam
1315 3629 1443 3699 accipiat.

99 3717 250 3788 poeniteas.
1040 3716 1142 3772 Fecisti
1168 3715 1386 3772 fornicationem
1422 3732 1486 3771 cum
1514 3733 1620 3788 sponsa
1651 3720 1704 3774 filii
1736 3721 1789 3788 tui,
1824 3726 1853 3777 et

137 3803 238 3860 Fecisti
251 3803 377 3874 pueriles
389 3819 471 3858 arcus
485 3805 630 3874 parvulos,
647 3807 676 3858 et
698 3820 855 3874 puerorum
873 3808 951 3858 sutu-
1004 3809 1102 3876 postea
1121 3804 1198 3859 filius
1212 3809 1279 3859 tuus
1293 3805 1375 3860 66616
1388 3822 1452 3860 eam
1481 3807 1621 3861 66666666
1637 3808 1665 3862 81
1688 3809 1789 3877 fecisti,
1816 3827 1850 3865 eo

98 3889 183 3958 ralis,
209 3896 238 3944 et
262 3891 406 3961 projecisti
431 3891 489 3945 sive
522 3891 553 3944 in
576 3891 725 3946 cellarium
749 3892 810 3946 sire
834 3893 864 3946 in
887 3892 951 3947 hor·
1005 3894 1083 3965 6666
1100 3893 1208 3947 crimen
1223 3893 1320 3947 celasti
1337 3892 1429 3948 fllium
1449 3897 1542 3961 tuum,
1559 3911 1650 3966 usque
1667 3897 1704 3952 ad
1731 3904 1852 3954 mortem

99 3994 185 4034 reum
199 3983 291 4047 tunm,
309 3984 340 4035 nt
352 3979 439 4050 satyri
454 3979 498 4033 vel
517 3979 603 4049 pilosi
623 3996 688 4034 cum
712 3981 754 4035 616
769 3981 810 4035 1161
820 3982 951 4052 6666666-
1005 3981 1154 4052 poeniteas,
1180 3987 1209 4036 et
1237 3981 1300 4034 sine
1331 3998 1382 4052 spe
1409 3982 1538 4053 conjugii
1562 3987 1854 4055 permaneas-Filius

100 4069 158 4120 tor.
181 4071 214 4121 nt
235 4066 287 4121 tibi
314 4067 436 4122 aliorum
470 4068 545 4123 bena
570 4074 793 4140 comportarent,
822 4075 851 4124 et
882 4070 950 4125 iude
1005 4074 1242 4136 autemtuus,eo
1268 4070 1344 4141 6666
1368 4071 1519 4142 ignorabat
1546 4078 1694 4144 peccatum
1723 4078 1854 4145 tuum,si

100 4153 190 4209 ditior
204 4154 307 4209 1666666
332 4155 361 4210 86
388 4155 489 4224 fecisti,
504 4157 525 4211 ll
541 4156 602 4211 dies
624 4158 654 4211 in
668 4162 783 4227 panset
798 4174 873 4229 aqua
887 4175 949 4229 666-
963 4210 1025 4264 D
1005 4159 1075 4228 vult,
1092 4159 1179 4213 aliam
1192 4158 1322 4229 66666166.
1340 4158 1391 4214 1116
1407 4165 1513 4229 autem,
1531 4163 1699 4232 paenitentia
1724 4170 1852 4236 peracta,

99 4242 202 4298 niteas.
1005 4247 1066 4301 6666
1082 4263 1131 4318 666
1145 4248 1271 4318 conjugii
1285 4254 1461 4319 permaneat

137 4329 240 4385 Fecisti
256 4330 465 4402 quodquidam
481 4330 590 4386 faciunt
614 4331 644 4385 in
663 4331 795 4388 Kalendis
810 4326 948 4401 Jauuarii,
1042 4335 1143 4390 Fecisti
1169 4335 1388 4392 fornicationem
1409 4354 1475 4393 cnm
1500 4344 1592 4394 matre
1617 4339 1685 4395 1666
1706 4341 1737 4396 81
1750 4304 1854 4412 fecisti,

98 4416 131 4471 id
160 4418 256 4473 estin
285 4424 382 4473 octava
413 4418 522 4474 Natalis
551 4419 684 4475 Domini?
712 4419 766 4485 Qui
794 4436 828 4475 ea
853 4426 951 4476 sancta
1003 4425 1216 4495 111166666666
1237 4424 1380 4496 legitimas
1403 4426 1489 4481 ferias
1514 4430 1675 4499 poeniteas:
1701 4446 1793 4485 unum
1814 4429 1855 4503 {ex

97 4509 185 4560 nocte
199 4505 291 4573 filant,
312 4511 391 4572 nent,
416 4512 569 4575 consuunt,
594 4524 694 4562 omnes
714 4525 785 4580 opus
800 4511 949 4580 quodcun·
1003 4510 1072 4566 his'
1064 4528 1094 4566 tn
1113 4528 1187 4583 pane
1204 4517 1232 4568 et
1246 4530 1330 4585 aqua,
1345 4518 1374 4569 et
1387 4515 1495 4587 absque
1511 4533 1562 4588 spe
1584 4519 1714 4588 conjugii
1738 4535 1853 4590 perma-

97 4608 156 4665 que
170 4592 296 4665 incipere
312 4600 441 4666 possunt.
454 4596 568 4650 diabolo
581 4596 748 4667 instigante,
760 4603 879 4669 propter
894 4615 951 4653 no·
1003 4616 1082 4669 neas,
1098 4605 1127 4655 et
1142 4617 1291 4672 nunquam
1306 4603 1345 4657 sis
1364 4603 1426 4657 sine
1449 4605 1629 4675 poenitentia.
1656 4608 1743 4661 Mater
1756 4614 1854 4664 autem

99 4697 168 4737 sum
184 4698 291 4737 annum
323 4683 648 4755 6661616666811666611,
676 4686 866 4756 qnadraginta
890 4687 951 4742 dies
1004 4689 1103 4757 16661
1128 4691 1386 4745 66666611666666
1411 4690 1475 4758 fuit,
1497 4693 1577 4763 juxta
1594 4694 1747 4750 arbitrium
1762 4713 1854 4751 sacer·

98 4769 131 4824 in
145 4786 219 4840 pane
233 4777 261 4826 et
275 4788 349 4843 aqua
366 4772 516 4842 poeniteas.
1004 4777 1078 4832 dotis
1093 4777 1231 4848 poeniteat
1247 4794 1254 4833 ε
1269 4783 1298 4832 61
1310 4778 1336 4833 si
1350 4794 1379 4832 66
1392 4780 1539 4835 continere
1553 4797 1611 4837 nen
1626 4783 1696 4850 vult,
1714 4783 1804 4839 nubat
1823 4785 1854 4839 in

385 4863 451 4915 ltem
464 4861 497 4915 de
511 4861 656 4917 adulterio.
1005 4866 1137 4921 11666166.

137 4946 324 5003 Concubuisti
351 4964 416 5003 cum
441 4965 538 5004 sorore
567 4951 666 5004 uxoris
689 4949 767 5004 66666
791 4950 820 5006 81
846 4951 948 5021 fecisti,
1039 4953 1140 5008 Fecisti
1157 4953 1376 5010 fornicationem
1399 4971 1467 5012 cum
1492 4961 1620 5013 comatre
1643 4960 1713 5014 6666
1736 4959 1765 5016 81
1787 4959 1854 5015 1661·

99 5036 365 5092 neutramhabeas.
394 5037 533 5091 16666616
557 5044 767 5109 quoeuxortua
791 5038 856 5108 fuit,
879 5056 950 5094 con·
1003 5040 1049 5106 661,
1072 5041 1199 5112 separari
1222 5041 1366 5097 66166661)
1392 5060 1437 5112 ea,
1461 5048 1490 5100 et
1513 5044 1704 5117 quadraginta
1728 5047 1799 5115 dies,
1823 5048 1854 5104 id

99 5123 158 5176 scia
174 5123 288 5177 sceleris
303 5140 362 5179 non
377 5124 441 5193 fuit,
459 5124 484 5178 66
497 5142 526 5179 66
539 5126 686 5180 666616666
702 5142 761 5180 666
775 5127 846 5194 vult,
861 5127 950 5182 nubat
1004 5131 1046 5182 est
1060 5128 1197 5197 carinam,
1213 5128 1244 5184 in
1263 5146 1339 5201 pane
1360 5136 1388 5187 et
1411 5148 1497 5203 aqua,
1519 5149 1586 5187 cum
1608 5138 1718 5232 septem
1731 5151 1855 5207 sequen-

99 5209 324 5265 inllominocui
348 5212 426 5267 velit
451 5213 605 5268 Tuantem
632 5219 660 5267 et
674 5213 803 5269 adultera
818 5231 879 5270 stne
899 5232 949 5286 spe
1004 5216 1080 5270 111666
1069 5217 1342 5290 anuispoenitere.

99 5299 228 5369 conjugii
261 5300 464 5370 permaneatis,
509 5305 546 5369 et,
572 5301 700 5373 6666666
728 5302 839 5371 vivatis,
860 5304 949 5375 juxta
1040 5305 1140 5360 Fecisti
1164 5306 1382 5362 fornicationem
1410 5324 1475 5363 cum
1509 5308 1599 5365 filiola
1630 5314 1681 5366 tua
1710 5311 1854 5383 6666116616

100 5392 245 5457 praecepta
260 5389 426 5457 sacerdotis,
441 5390 639 5460 poenitentiam
655 5391 739 5462 agite.
1003 5394 1145 5464 quamde
1167 5393 1245 5450 fonte
1272 5396 1432 5468 6666666666,
1463 5401 1511 5452 666
1538 5400 1573 5454 ad
1600 5415 1702 5455 manus
1727 5401 1854 5472 episcopi

137 5473 167 5529 st
181 5473 299 5531 absente
313 5493 400 5533 uxore
415 5482 465 5534 166
483 5479 633 5534 inlectam
654 5483 746 5544 tuum,
763 5484 791 5536 te
804 5480 949 5537 nesciente
1003 5481 1139 5536 tenuisti?
1155 5482 1183 5538 81
1197 5483 1299 5554 fecisti,
1313 5485 1440 5556 separari
1464 5486 1551 5542 debes
1564 5487 1600 5543 ab
1623 5504 1667 5557 ea,
1684 5494 1714 5545 et
1725 5490 1767 5545 xl.
1780 5489 1852 5556 dies,
