3878 6112
136 197 194 290 aaa*
783 230 811 286 s.
832 226 981 286 hunnici
1000 224 1239 286 tuasniroms

170 331 337 428 anttptjt'n
359 324 415 410 ilde
432 337 461 410 el
475 352 592 409 lenitate
611 351 701 424 ipsius
716 354 845 408 sanctum
863 350 928 408 fecit
950 351 1022 406 tl-it

15 492 18 497 .
133 448 206 512 lum,
222 449 249 500 et
263 443 351 515 elegit
364 459 431 498 eum
445 457 480 497 ex
500 441 580 497 omni
599 456 697 496 carne.
716 442 800 496 Eccli.
817 455 877 511 aar,

179 601 183 606 ⁴
200 534 226 608 ι7
238 533 388 607 Memento,
407 531 534 591 Domine.
550 528 648 596 David,

207 617 228 693 ἢ
245 622 278 676 Et
296 620 389 677 omnis
403 617 630 674 mansuetudinis
644 619 715 689 ejus.
736 618 813 673 Psul.
825 633 911 671 cxxxi.

168 777 172 785 ¹
205 716 476 779 oasr10,uteupru.

470 815 518 868 All
532 811 695 868 ubertati.

208 904 227 970 7
242 905 318 959 Deus
328 901 360 957 in
372 900 558 973 adjutorium,
574 904 625 954 etc.

506 987 640 1058 Hymnus.

314 1082 374 1133 fill.
390 1078 474 1132 Pium
488 1076 607 1148 perinde
621 1092 773 1148 pauperes,

277 1165 396 1237 lleique,
412 1169 523 1231 natum,
539 1163 662 1235 publica

278 1253 361 1308 Plebs
374 1254 463 1307 sensit
472 1251 644 1306 imbecillior
657 1268 663 1305 :

276 1339 393 1411 Sihique
408 1339 442 1394 de
457 1339 526 1393 calo
542 1340 651 1394 datum.

312 1429 559 1499 Orbaepatrunum
582 1426 722 1481 dictitant.

279 1516 393 1570 Patrem
407 1514 531 1587 pupilli:
547 1520 575 1568 te
589 1515 660 1569 duce

279 1603 313 1658 Se
327 1619 419 1657 caecus
433 1602 475 1658 ire
490 1602 628 1667 clamitat,

245 1693 427 1762 Claudusque
439 1692 478 1746 Tc
493 1691 547 1745 niti
557 1691 640 1761 pede.

315 1778 395 1835 Oliva
409 1778 496 1833 nullis
510 1778 634 1832 dexteris

282 1868 343 1922 Non
361 1872 469 1937 carpta,
481 1883 540 1921 non
554 1866 633 1938 large
648 1866 743 1921 ferens

280 1957 370 2027 Opem
383 1954 463 2009 fuisti
479 1974 487 2023 3
506 1954 602 2022 ditior,

281 2042 353 2097 Cum
369 2057 480 2114 pauper
493 2042 586 2097 aufert
599 2042 705 2098 omnia.

317 2129 429 2194 Qiranto
442 2130 509 2200 poli,
528 2129 650 2185 beatior.

280 2218 343 2272 lam
358 2216 471 2288 gaudiis
484 2217 676 2287 perfunderis.

280 2306 370 2360 Tanto
383 2306 438 2360 tuis
452 2305 597 2377 profusior

281 2393 435 2464 Indulgens
447 2395 484 2448 Te
500 2393 632 2448 subditis.

175 2482 292 2552 Antiph.
304 2481 409 2537 Oculus
423 2480 464 2535 fui
476 2497 551 2535 eaeco
567 2486 596 2535 et
622 2497 673 2553 pes
689 2481 800 2547 claudo,
816 2487 897 2554 pater
912 2498 990 2536 eram

140 2586 301 2642 pauperum
318 2585 462 2637 :causam
480 2585 567 2641 quam
585 2569 758 2636 nesciebam,
773 2571 991 2642 diligentissime

140 2658 359 2731 investigabam.
376 2660 510 2714 Jobxxrx.
603 2644 626 2691 ⁰

214 2747 232 2814 l
247 2746 376 2802 Stabilita
386 2750 454 2800 sunt
465 2745 542 2800 bona
561 2745 640 2801 illius
654 2745 684 2801 in
700 2747 832 2813 Domino,

213 2829 234 2900 fl
250 2832 285 2885 Et
298 2833 492 2901 eleemosynas
506 2832 583 2886 illius
602 2833 749 2888 enarrabit
763 2833 857 2888 omnis
871 2835 992 2888 Ecclesia

175 2920 354 2974 Sanctorum.
371 2920 453 2973 Ecctt'.
475 2934 550 2973 xxxi.
1012 2926 1032 2979 f.

212 3022 322 3072 orario,
338 3011 369 3059 ut
381 3021 477 3075 supra.

477 3109 524 3163 Al)
544 3108 689 3164 satiati.

220 3213 237 3280 l
254 3215 328 3268 Deus
339 3213 371 3269 in
384 3213 572 3284 anjutorium,
584 3219 637 3269 etc.

514 3319 646 3387 Hymnus.

322 3410 381 3461 tir.
395 3410 540 3477 Augustus
552 3422 614 3461 esse
627 3422 684 3461 non
700 3408 805 3476 minus,

216 3505 219 3508 ⁴
286 3494 415 3561 ilenrice,
429 3510 516 3564 quam
532 3494 574 3548 vis
586 3494 692 3550 dicier:

284 3583 381 3637 Clerns
395 3599 528 3638 coronam
542 3583 653 3653 gloria,

286 3670 418 3742 Cirisque
432 3671 521 3725 nectit
534 3671 607 3725 hunc
621 3671 684 3727 tibi.

320 3761 393 3814 Dum
409 3759 567 3831 Coujugem
581 3760 630 3814 das
644 3761 780 3831 Huugaro

285 3848 366 3919 Regi,
378 3864 505 3903 sororem
519 3847 653 3912 Giselam,

286 3936 376 4007 Regni
391 3954 465 3991 nova
479 3937 637 4008 propagine

285 4025 415 4089 Matrem,
428 4025 505 4092 beas,
523 4024 685 4079 Ecclesiam.

321 4117 466 4182 Augustus
477 4117 563 4183 atque
578 4112 742 4182 Apostolus,

286 4200 377 4262 Onam
392 4214 456 4253 rara
468 4197 568 4269 jungis
582 4198 717 4252 nomina:

288 4287 386 4341 Fasces
400 4292 428 4340 et
443 4285 627 4357 Euangeliou,

289 4373 405 4428 Virtutis
419 4374 484 4428 altae
500 4378 660 4428 stemmata.

324 4463 468 4534 adaugeat
482 4461 587 4517 nostris
601 4461 698 4528 tidem,

288 4551 322 4605 Ut
334 4549 462 4605 Christus
474 4550 587 4619 author,
602 4550 746 4618 cordibus,

281 4639 311 4692 ut
324 4637 454 4693 infideles
470 4640 641 4694 Pannunum

274 4727 433 4796 Propulset,
451 4743 509 4791 ora,
526 4727 643 4783 finibus.

181 4815 302 4884 Antiph.
319 4815 420 4869 fteatus
442 4815 497 4870 iste
519 4815 649 4882 Sanctus,
680 4815 731 4888 qui
754 4817 880 4871 confisus
908 4823 951 4872 est
966 4818 995 4872 in

147 4903 287 4970 Domino,
304 4903 468 4974 predicavit
484 4909 660 4977 preceptum
684 4905 807 4973 Domini,
823 4905 996 4960 constitutos

59 5012 63 5019 ·
147 4992 229 5048 estin
244 4995 453 5046 montesancto
472 4991 543 5062 ejus.

219 5078 236 5143 t
258 5077 348 5142 Quam
364 5077 487 5150 speciosi
500 5094 588 5149 penes
607 5080 870 5150 Evangelizantium
884 5096 994 5153 pacem.

217 5167 239 5232 tl
255 5167 515 5239 Evangelizantium
526 5166 611 5221 bona.
627 5168 708 5223 Rom.
724 5184 749 5223 x.

219 5270 326 5322 orario,
340 5260 371 5308 ut
384 5271 478 5325 supra.

480 5361 527 5415 hl)
545 5361 678 5416 Nouam.

217 5455 235 5521 7
255 5455 329 5510 fleus
339 5455 369 5511 in
384 5456 571 5528 adjutorium,
584 5460 637 5512 etc.

1293 357 1297 367 ·
1346 360 1349 365 ·
1412 352 1545 424 Hymnus

1214 444 1272 496 ild.
1288 441 1350 495 lam
1365 441 1403 495 Te
1424 440 1538 496 caducis
1552 440 1683 497 eminens

1205 528 1392 584 Commendat
1405 529 1487 584 astris
1502 530 1645 600 Spiritus:

1184 616 1332 689 Liberque,
1348 617 1423 672 ferre
1438 618 1594 689 compedes

1181 704 1274 776 Opum
1291 705 1424 773 pisitanae
1438 708 1564 760 nescius.

1236 794 1307 848 Nem
1322 810 1423 847 censos
1436 809 1536 849 omnes
1551 793 1655 865 imperi

1183 882 1214 936 ln
1231 881 1363 936 Numinis
1376 881 1570 952 profunditur,

1184 969 1344 1041 bicumque
1356 970 1465 1024 cultum
1480 971 1610 1036 vertitur,

1183 1058 1344 1130 Christique
1359 1057 1433 1112 cedit
1447 1058 1560 1113 usibus.

1237 1146 1308 1201 Eine
1327 1147 1635 1202 unusheresscribitnr

1185 1237 1223 1290 Er
1239 1250 1299 1289 asse
1316 1251 1323 1289 :
1339 1235 1410 1290 coelo
1431 1234 1575 1299 conditur,

1185 1323 1238 1378 Ubi
1253 1323 1385 1378 voluntas
1400 1322 1510 1394 figitur,

1183 1411 1283 1466 Omnis
1296 1411 1416 1466 facultas
1429 1411 1518 1482 regia.

1237 1499 1299 1564 Quo
1314 1499 1486 1553 transtulisti
1497 1515 1628 1567 munera,

1185 1586 1316 1654 llenrice,
1327 1602 1379 1641 noe
1395 1586 1561 1658 potissimae,

1185 1677 1260 1731 fnos
1270 1674 1399 1740 clientes,
1416 1674 1551 1747 subsequi

1187 1763 1283 1831 Bonis,
1299 1779 1377 1833 roga,
1392 1763 1570 1830 substantiae,

1080 1852 1198 1922 Aatlph.
1231 1853 1281 1907 llic
1308 1851 1352 1906 vir
1374 1851 1533 1923 despiciens
1557 1852 1709 1915 mundum.
1732 1858 1759 1907 et
1786 1859 1900 1910 terrena

1046 1940 1236 2011 triumphans,
1249 1939 1363 1994 divitias
1371 1940 1441 1993 caelo
1451 1939 1581 1995 condidit
1595 1955 1654 2006 ore,
1672 1956 1769 1995 mann.

1082 2028 1222 2093 blastum
1237 2027 1353 2082 deduxit
1366 2027 1504 2082 Dominus
1524 2044 1577 2100 per
1595 2028 1652 2082 vias
1669 2033 1772 2082 rectas.

1080 2116 1101 2181 it
1116 2117 1150 2169 Et
1162 2116 1287 2170 ostendit
1300 2114 1342 2169 illi
1362 2129 1483 2185 regnum
1497 2108 1557 2170 itai.
1572 2116 1642 2185 Sap.
1657 2131 1688 2170 x.

1089 2219 1197 2269 enarro,
1212 2208 1243 2258 ut
1252 2219 1347 2273 sapen

1362 2291 1409 2346 au
1426 2291 1611 2347 VESPERAS.

1118 2377 1135 2442 t
1152 2378 1225 2433 fletis
1240 2377 1270 2432 in
1285 2378 1471 2449 adjutorium,
1486 2384 1541 2434 etc.

1399 2467 1541 2537 Hpmaus.

1226 2557 1283 2610 llll.
1298 2554 1381 2621 Quid,
1399 2555 1476 2626 quod
1490 2556 1580 2610 litatis
1594 2555 1731 2612 omnibus

1189 2643 1291 2707 Rebus,
1306 2643 1383 2713 polo,
1395 2643 1560 2711 fluentibus,

1188 2731 1322 2785 lmctatur
1336 2731 1407 2802 ipsis
1421 2731 1530 2801 egredi,

1189 2821 1267 2874 Mens
1277 2821 1345 2886 alta,
1360 2825 1445 2875 terrae
1460 2820 1595 2875 finibus?

1245 2909 1358 2963 Calcare
1373 2907 1478 2963 fastum
1493 2909 1589 2963 saculi

1189 2996 1326 3050 llenricus
1336 2996 1495 3068 ardet,jam
1511 3002 1590 3050 satur

1190 3085 1313 3151 luxisse,
1330 3085 1428 3139 lumen
1445 3085 1568 3141 condere

1189 3172 1315 3226 Lttcerna
1329 3171 1433 3228 Christi
1446 3172 1592 3244 quaeritat.

1241 3261 1350 3315 lfutarc
1366 3260 1470 3331 pannis
1483 3276 1653 3333 purpuram,

1188 3349 1383 3419 claustrisque
1397 3347 1484 3402 sacris
1494 3349 1604 3403 curiam
1620 3366 1627 3402 :

1190 3436 1222 3490 Ni
1237 3435 1314 3490 sidus
1329 3436 1392 3491 orbi
1407 3436 1537 3492 subtrahi

1191 3524 1271 3577 Vetat
1282 3523 1399 3579 Creator
1408 3523 1518 3579 sideris.

1242 3611 1301 3666 Hoc
1317 3611 1420 3664 mentis
1432 3613 1497 3666 altae
1511 3611 1634 3682 Spiritus

1189 3700 1310 3754 Tentare
1324 3698 1361 3754 da
1375 3698 1544 3769 praecordia,

1192 3789 1323 3858 Deusque
1338 3793 1464 3841 mentem
1476 3788 1576 3853 gratiae

1192 3875 1292 3945 vigore
1308 3875 1337 3929 in
1353 3882 1428 3929 astra
1443 3875 1568 3929 subleva.

1085 3963 1201 4033 Autiph.
1221 3964 1354 4017 Existimo
1370 3963 1467 4018 omitia
1482 3964 1690 4019 detrimentum
1708 3980 1769 4019 esse
1785 3970 1897 4035 propter

1050 4050 1225 4104 eminentem
1251 4051 1399 4105 scientiam
1432 4051 1498 4105 Jesu
1537 4051 1642 4107 Christi
1677 4052 1794 4108 Domini
1823 4052 1895 4107 mei:

1050 4143 1168 4209 propter
1206 4153 1293 4209 quem
1331 4137 1428 4192 omnia
1466 4138 1671 4194 detrimentum
1706 4140 1772 4208 feci,
1800 4148 1829 4195 et
1856 4157 1897 4194 ar·

1010 4218 1140 4280 Dbitror
1164 4230 1195 4279 ut
1218 4230 1352 4291 stercora,
1387 4232 1419 4281 ut
1446 4227 1592 4282 Christum
1617 4228 1803 4285 lucrifaciam.
1837 4230 1898 4284 utt-

1050 4315 1174 4384 lippari.

1122 4402 1139 4467 t
1153 4404 1208 4457 lste
1220 4403 1322 4475 estqui
1336 4402 1506 4474 contempsit
1520 4403 1608 4458 vitam
1625 4405 1736 4472 muudi,

1121 4491 1142 4557 ft
1160 4493 1191 4546 Et
1205 4491 1335 4563 persenit
1352 4491 1387 4545 ad
1404 4491 1510 4562 gaudia
1522 4491 1614 4562 regni.

1120 4596 1217 4634 enarro
1231 4585 1269 4648 ut,
1282 4595 1378 4648 supra.

1337 4666 1615 4723 cuuetmouluu.

1122 4755 1139 4820 t
1159 4755 1295 4836 Convmm
1310 4770 1361 4809 noe
1376 4756 1450 4810 Deus
1465 4755 1597 4811 saluteris
1617 4761 1724 4811 noster.

1120 4842 1186 4909 aar
1199 4845 1295 4896 everte
1313 4841 1384 4896 iram
1400 4848 1479 4897 tuam
1495 4842 1617 4897 anobis.

1123 4930 1140 4997 l
1156 4931 1229 4985 Deus
1244 4931 1273 4984 in
1290 4929 1474 5001 adjutorium,
1490 4935 1542 4985 etc.

1402 5019 1535 5090 Hymnus

1212 5108 1271 5162 ¹20.
1288 5106 1391 5163 bfirare
1405 5106 1520 5161 undem
1536 5106 1655 5162 Caesaris

1191 5194 1233 5251 ed
1248 5210 1339 5266 usque
1352 5193 1421 5249 lethi
1436 5193 1537 5249 limina
1712 5256 1717 5266 Ι

1210 5282 1301 5352 (Quod
1316 5283 1495 5374 integrarum
1508 5281 1649 5337 mentium

1193 5371 1271 5438 Certi,
1287 5370 1498 5442 obstupescant,
1513 5371 1651 5441 agmina).

1206 5459 1238 5513 ln
1251 5474 1314 5513 vase
1328 5458 1422 5513 cernis
1436 5458 1528 5514 fictili
