3878 6112
127 285 177 338 iii
589 269 598 285 ‘
775 284 803 337 s.
825 281 968 338 sisuiiici
986 280 1224 339 iurararonis
1832 288 1883 342 ιιι

128 405 350 462 sannsdiscessit
374 405 1016 477 abeoautemtempore,etdeinceps.qua-A
1035 404 1187 477 precipuis
1210 405 1331 478 angelis,
1356 421 1468 461 sacrum
1504 405 1648 478 Evangelii
1675 412 1782 462 testum
1816 424 1883 462 cuin

129 497 199 566 dam,
210 494 326 566 speciali
343 494 497 551 dilectione
510 499 539 550 et
553 495 735 550 veneratione
752 495 780 550 S.
812 493 973 561 Benedicta,
1032 493 1154 549 maxime
1177 494 1338 550 reverentia
1366 494 1383 549 d
1388 532 1466 549 .......
1507 494 1611 549 detulit
1644 510 1790 565 personre;
1826 512 1885 567 quo

127 584 482 639 etomnibusmonesticae
506 583 653 655 religionis
675 581 833 638 cultoribus
865 580 976 636 studuit
1029 582 1111 637 illum
1128 583 1441 638 deosculanterinnuit
1467 583 1581 654 angelo,
1610 589 1641 637 ut
1666 583 1802 638 eumdem
1830 585 1882 639 de·

126 672 280 740 deservire,
305 678 334 727 et
354 672 384 727 in
402 671 612 742 amplificandis
636 686 667 725 ac
692 668 873 742 protegendis
889 668 975 723 rebus
1030 671 1218 726 oseiilandiim
1232 672 1357 726 deterret
1372 671 1554 742 Imperatori,
1570 673 1599 725 iii
1615 673 1720 740 angulo
1725 712 1799 727 .......
1826 676 1884 728 Aii-

127 760 328 817 ecclesiasticis
356 760 499 828 benignus
526 776 559 814 ee
583 759 701 814 devotus
734 760 818 813 Peter
841 757 973 812 existere.
1030 761 1095 831 gelo
1115 776 1182 815 vero
1203 760 1286 830 jussu
1310 760 1363 814 sibi
1393 760 1566 830 complente,
1593 759 1747 830 praedictus
1774 759 1883 816 Christi

130 851 195 905 llaec
208 847 239 902 in
251 847 366 904 Cessino
381 854 478 902 monte
492 846 596 917 scripte
608 846 806 912 inveniuntur,
821 850 854 901 ut
870 850 899 900 et
917 861 976 899 mo·
1030 849 1154 904 famulos
1168 849 1204 904 ad
1219 848 1365 903 insolitam
1388 853 1475 902 tentes
1490 847 1648 918 mejestatis
1662 854 1692 902 et
1706 848 1807 920 gloria
1841 850 1883 902 ri·

129 936 209 992 derni
236 936 380 1007 magnalia
399 935 450 990 llei
475 935 505 990 in
519 935 660 990 memoria
676 935 812 1002 habeant,
827 933 874 1003 let
899 934 976 1005 apud
1030 941 1141 993 sionem
1155 937 1241 1008 coepit
1256 937 1355 992 animo.
1368 952 1528 1007 pavescere,
1551 943 1579 991 st
1594 936 1729 991 omnibus
1744 937 1884 991 memhris

130 1029 327 1096 posterosper
346 1024 548 1095 antiquitatem
575 1024 713 1094 temporis
742 1023 773 1077 in
799 1022 975 1078 oblivionem
1030 1026 1264 1092 contreiniscere3
1300 1030 1446 1096 tamquam
1475 1025 1582 1080 diceret
1605 1041 1671 1080 oum
1708 1025 1882 1096 Propheta:

131 1130 188 1169 non
205 1113 331 1168 veniant.
349 1115 391 1180 Et,
417 1113 441 1167 si
462 1112 527 1183 qais
553 1112 624 1167 scire
641 1111 784 1166 desiderat
808 1125 897 1182 quere
913 1111 974 1183 glo·
1031 1115 1190 1170 Contritum
1202 1118 1246 1169 est
1257 1130 1305 1168 eor
1321 1129 1418 1168 meuin
1434 1113 1464 1168 in
1484 1113 1581 1168 medio
1607 1113 1674 1176 mei,
1695 1118 1883 1167 contremue-

127 1201 303 1258 riosissimns
322 1201 479 1273 imperator
494 1200 643 1256 heinricus
670 1200 880 1266 claudicaverit,
910 1215 976 1254 cum
1030 1207 1100 1257 runt
1113 1202 1211 1257 omnia
1226 1218 1290 1257 ossa
1306 1216 1380 1257 mea.

128 1291 258 1361 primum
273 1305 394 1362 corpore
414 1294 473 1345 toto
493 1288 895 1344 senestueritbsncceusam
923 1304 976 1342 no·
1066 1293 1110 1347 30.
1137 1293 1201 1346 llaec
1237 1291 1355 1363 angelus
1379 1291 1427 1346 illa
1462 1289 1577 1358 ridens3
1615 1290 1743 1345 modeste
1786 1290 1883 1345 temer

130 1379 213 1434 verit.
331 1375 343 1402 ‘
1032 1380 1094 1451 sJ'us
1108 1379 1211 1452 tetigit,
1226 1379 1359 1450 inquiens
1376 1396 1383 1434 :
1400 1381 1440 1436 ils
1455 1378 1569 1447 timeas,
1584 1379 1673 1434 electe
1701 1377 1759 1444 Dei,
1792 1394 1880 1450 surge

163 1469 208 1522 28.
229 1468 300 1523 Cum
320 1465 522 1537 ipsequodsm
548 1469 680 1536 tempore
695 1465 818 1520 venisset
841 1465 872 1521 iii
896 1469 975 1536 Apu·
1030 1466 1176 1535 uelociter,
1204 1466 1335 1538 {signum
1372 1467 1451 1537 pacis
1482 1466 1621 1521 divinitus
1644 1466 1700 1521 sibi
1731 1467 1882 1520 transmis-

128 1554 207 1619 liam‚
246 1570 300 1624 pro
332 1553 519 1625 disponendis
546 1554 711 1625 reipublicae
740 1555 872 1625 negotiis,
911 1570 976 1626 per·
1031 1571 1096 1610 suni
1120 1554 1277 1627 suscipiens
1289 1555 1595 1627 alacriter;extemplo
1610 1559 1639 1610 et
1662 1554 1759 1610 stetim
1786 1555 1880 1610 lemur

129 1643 207 1698 venit
235 1642 266 1696 in
303 1647 432 1697 moutam
469 1644 644 1713 Garganum,
683 1643 715 1697 in
733 1643 795 1714 ejus
829 1643 977 1714 crepidine
1031 1644 1262 1716 ojusemareuit3
1284 1650 1313 1699 et
1331 1644 1434 1700 exinde
1463 1644 1697 1715 omnitempore
1724 1644 1792 1699 ritas
1824 1660 1881 1698 sue

129 1730 184 1786 sita
226 1734 269 1785 est
303 1729 419 1796 laevitas,
458 1735 487 1785 et
525 1730 554 1785 in
578 1731 666 1786 latere
705 1731 804 1786 mortis
833 1730 863 1785 in
905 1746 976 1803 rupe
1031 1733 1211 1790 claudicavit.
1228 1733 1335 1789 Similis
1361 1748 1413 1803 per
1432 1732 1662 1788 omniserentus
1685 1732 1722 1787 de
1737 1732 1822 1787 beato
1837 1734 1880 1787 le-

130 1834 262 1882 ooncara,
280 1822 321 1873 est
345 1818 462 1873 basilica
491 1835 549 1874 non
576 1820 611 1874 ab
640 1819 806 1875 hominibus
829 1818 976 1885 fabricate,
1032 1822 1083 1878 cob
1114 1822 1231 1893 legitur,
1259 1822 1341 1891 cujus
1356 1822 1451 1876 lemur
1466 1821 1503 1876 ad
1531 1824 1639 1876 tactum
1660 1820 1757 1892 angeli
1784 1836 1881 1875 secum

131 1923 224 1979 neque
252 1922 303 1979 per
322 1907 470 1962 bominem
496 1907 636 1975 dedicata,
666 1906 715 1961 sed
740 1906 907 1978 operatione
933 1906 976 1961 di·
1031 1910 1166 1966 luctantis
1180 1910 1328 1965 emarcuit.
1341 1911 1405 1966 lieo
1420 1909 1548 1981 quidem,
1564 1912 1596 1963 ot
1619 1924 1718 1964 rerum
1734 1909 1836 1976 lateas,
1852 1909 1881 1964 iii

129 1995 198 2050 rina
219 1995 383 2051 velvirtute
412 2001 554 2050 exstructa
577 1995 769 2051 :mirabiliter
800 1995 907 2050 etenim
934 1994 976 2050 di·
1032 1999 1249 2070 seripturisnon
1274 1998 1382 2062 inveni,
1412 1998 1462 2053 sed
1480 1999 1573 2053 relatu
1588 1997 1733 2052 veracium
1756 2002 1787 2052 et
1799 2013 1881 2052 rene-

130 2084 197 2140 vina
230 2084 430 2140 benedictione
481 2084 682 2141 venerabiliter
717 2089 881 2140 consecrata
925 2088 974 2139 est.
1032 2087 1169 2143 rabitiom
1192 2087 1332 2153 virerum,
1352 2087 1413 2142 brec
1438 2102 1587 2151 reraesse,
1602 2086 1633 2142 in
1662 2086 1782 2141 ienitate
1797 2101 1880 2141 com-

133 2174 222 2244 llujus
254 2173 378 2228 basilicae
419 2177 508 2229 exstat
532 2179 671 2244 patronus
706 2173 824 2229 ldichael
850 2172 978 2228 lirehan-
1032 2176 1105 2248 peri.
1120 2176 1261 2249 Equidem
1276 2180 1441 2248 prepotens
1460 2175 1654 2231 Cancellarius
1670 2174 1798 2247 episcopi
1814 2175 1883 2229 ller-

131 2260 224 2332 gelus.
240 2263 272 2317 ln
289 2263 342 2317 hec
360 2261 468 2317 etenim
483 2262 610 2327 ecclesia,
640 2262 768 2333 qualibet
800 2261 980 2317 bebdomada
1032 2263 1199 2335 bipolensis,
1226 2265 1374 2320 Conrsdns
1403 2262 1530 2329 nomine,
1569 2262 1620 2335 qui
1650 2263 1884 2334 persecutionem

131 2354 233 2406 cantus
247 2350 405 2421 angelicus,
425 2351 518 2406 abhis
534 2350 583 2422 qui
609 2351 697 2422 digna
711 2355 789 2417 sunt,
804 2350 898 2406 audiri
911 2366 978 2421 per·
1033 2368 1133 2425 passus
1147 2356 1190 2408 est
1204 2356 1322 2424 propter
1347 2352 1499 2423 justitiam,
1528 2352 1600 2419 haec,
1625 2351 1781 2424 quisdiote
1804 2356 1883 2416 sunt,

131 2440 257 2495 hibetur.
288 2441 366 2495 Hane
394 2440 492 2510 itaque
531 2439 687 2508 basilicam,
715 2438 854 2494 orationis
883 2453 978 2504 cause,
1033 2458 1063 2496 se
1084 2441 1196 2511 legisse,
1217 2445 1380 2495 constanter
1409 2440 1574 2501 ettlrmarit.
1590 2445 1619 2495 et
1641 2438 1812 2496 inlieclesia
1830 2441 1884 2495 ua·

131 2545 197 2585 euni
223 2528 325 2584 ceteris
353 2528 458 2584 Christi
485 2528 618 2584 fidelibus
641 2528 686 2583 eir
704 2530 762 2583 lleo
788 2528 910 2583 devotus
937 2533 982 2582 est
1033 2529 1225 2601 banbergensi
1247 2528 1366 2600 positus,
1391 2529 1491 2583 multis
1515 2527 1697 2583 audientibus
1723 2528 1885 2594 enarrarit3

132 2617 287 2688 ingressus.
304 2618 544 2689 Cumquetaiides
558 2617 669 2672 divinas
688 2616 761 2672 inibi
776 2615 979 2683 celebrassent,
1034 2618 1187 2690 exquibus
1210 2634 1286 2673 unus
1315 2617 1384 2673 mibi
1413 2618 1573 2683 familiaris,
1603 2618 1707 2690 etipse
1735 2617 1823 2688 plens
1843 2619 1886 2670 vir

132 2708 161 2759 et
181 2708 248 2760 vota
280 2721 398 2777 precum
423 2720 540 2760 suarum
564 2720 630 2760 cuni
654 2704 745 2759 multa
761 2703 911 2758 devotione
925 2704 980 2759 Leo
1034 2707 1187 2775 veridicus,
1205 2705 1418 2761 mihitldeliter
1436 2707 1590 2773 intimarit,
1619 2707 1773 2761 etvolente
1789 2707 1886 2760 mesi·

133 2782 340 2849 reddidissent:
355 2799 471 2863 tempus
482 2794 543 2864 jein
556 2793 663 2860 aderat,
677 2808 735 2863 quo
750 2791 982 2848 caelestisererci·
1033 2796 1123 2852 lentio
1146 2795 1336 2868 supprimere,
1359 2795 1465 2850 obnixe
1488 2797 1612 2866 rogarit,
1634 2799 1667 2850 ut
1689 2795 1847 2850 scriberem
1875 2811 1882 2850 ε

133 2884 181 2936 tus
195 2880 232 2937 ed
246 2881 345 2935 laudes
355 2882 413 2936 lieo
427 2881 638 2950 persolvendas,
654 2881 794 2951 templum
804 2880 980 2935 horsacrum
1034 2883 1151 2938 tandem
1162 2898 1215 2953 ego
1230 2882 1356 2955 petentis
1368 2883 1516 2949 instantia,
1540 2887 1569 2937 et
1595 2883 1746 2938 sedulitate
1762 2898 1885 2937 monen-

133 2970 229 3024 tuerat
246 2969 401 3039 ingressus.
427 2970 526 3040 ltaque
550 2985 616 3024 cuni
635 2984 736 3023 ornnes
765 2969 980 3039 egrederentur,
996 2973 1016 3028 C
1035 2971 1072 3026 tis
1093 2970 1235 3034 inductus,
1264 2970 1390 3025 fideliter
1414 2971 1582 3041 conscripsi,
1610 2975 1752 3042 quatenus
1767 2971 1798 3025 in
1813 2987 1886 3042 pro-

135 3064 165 3113 et
179 3056 230 3129 qui
244 3073 355 3112 morem
373 3058 498 3113 iacerent
514 3057 725 3128 expellerentur
747 3056 838 3124 exirm
855 3057 899 3111 vir
915 3073 979 3112 san-
1037 3059 1120 3131 genie
1137 3058 1298 3114 altereheic
1325 3065 1507 3114 enarrentur.
1530 3058 1642 3113 ldallam
1671 3075 1772 3114 sonino
1798 3060 1886 3115 modo

134 3152 198 3202 etos
208 3147 374 3218 postulabat
392 3151 426 3202 ut
453 3146 479 3201 ei
490 3146 567 3201 intus
594 3144 763 3201 remanendi
781 3146 901 3201 facultas
913 3161 981 3200 con·
1037 3146 1195 3218 quiescere,
1216 3163 1304 3218 quam
1316 3147 1383 3202 licta
1396 3147 1553 3202 rellrirola
1575 3147 1611 3203 de
1625 3146 1733 3203 Sanctis
1750 3147 1801 3202 Dei
1815 3147 1886 3201 scri-

134 3235 294 3291 cederetur.
320 3235 411 3306 igitur
424 3235 558 3291 omnibus
579 3233 712 3303 egressis,
728 3234 805 3288 solus
828 3233 899 3306 ipse,
915 3249 981 3305 spe-
1036 3235 1114 3301 bere,
1131 3236 1292 3306 presertim
1309 3235 1378 3290 duni
1389 3251 1462 3306 opus
1477 3252 1534 3300 non
1545 3236 1653 3291 hebent
1665 3235 1743 3290 taleis
1753 3236 1886 3291 laudibus

135 3339 201 3378 rans
215 3324 247 3379 in
262 3323 458 3378 misericordie
479 3322 539 3385 Dei,
556 3322 628 3377 inibi
653 3337 769 3376 manere
786 3322 982 3392 presumpsit,
1038 3323 1170 3392 exaltari3
1187 3324 1237 3395 qui
1256 3323 1345 3394 signis
1365 3329 1395 3379 et
1422 3324 1563 3397 prodigiis
1590 3339 1721 3380 meruere
1745 3323 1884 3379 decorari.

135 3416 163 3468 et
176 3427 276 3483 preces
290 3411 422 3482 precibus
440 3411 628 3478 continuavit,
652 3415 680 3465 et
694 3425 822 3480 genuum
847 3410 984 3465 llariones
1038 3415 1103 3469 tloeo
1118 3414 1226 3468 detem
1255 3412 1381 3484 glorioso
1406 3412 1543 3467 miraculo
1565 3412 1641 3468 dicta
1668 3411 1824 3468 sufficiant.
1855 3412 1887 3465 Et

135 3500 273 3555 iteravit:
288 3501 319 3556 in
334 3517 391 3572 quo
407 3502 503 3555 moltis
514 3499 646 3570 lacrymis
664 3498 770 3554 dirime
798 3515 827 3553 se
841 3499 985 3555 commisit
1038 3502 1066 3556 id
1078 3501 1195 3556 evidens
1210 3500 1296 3571 hujus
1303 3498 1379 3570 signi
1393 3499 1591 3555 testimonium
1617 3499 1707 3571 ipsius
1734 3500 1766 3556 S.
1799 3499 1886 3555 llein·

61 3638 67 3652 ,
136 3589 309 3658 clementie,
334 3593 363 3643 et
392 3588 518 3644 animam
549 3603 630 3643 susm
658 3587 742 3642 besto
777 3587 906 3644 Micheeti
931 3591 985 3642 Ar·
1038 3590 1090 3646 rici
1105 3590 1203 3662 imago
1218 3591 1418 3659 antejanuam
1434 3588 1648 3644 monasteriied
1663 3588 1797 3643 desuem
1814 3588 1887 3643 latus

135 3677 276 3748 changelo
291 3693 356 3732 cuin
367 3678 459 3733 mults
481 3675 688 3749 supplicatione
703 3676 813 3733 studuit
832 3692 984 3732 commen·
1038 3678 1290 3752 penesehorumS.
1300 3677 1416 3750 Georgii
1430 3693 1464 3733 ex
1470 3716 1554 3734 .......
1574 3677 1644 3748 pillo
1654 3693 1714 3733 iino
1724 3677 1886 3749 supposito,

137 3765 215 3821 dere.
1038 3785 1073 3826 ex
1097 3767 1230 3840 opposito
1258 3765 1419 3838 imaginum
1451 3766 1520 3821 Ades
1539 3771 1567 3821 et
1591 3767 1654 3821 Evae
1676 3765 1779 3821 lucidis
1797 3781 1886 3836 eppe·

170 3853 362 3924 iutrimque
386 3851 427 3923 pii
456 3853 532 3924 regis
558 3852 708 3908 incensum
731 3852 797 3923 (dili
819 3852 984 3907 ascenderet
1039 3857 1157 3926 rst(dt).

137 3956 199 3996 rain
211 3941 344 4009 Domino,
361 3942 436 3995 [leus
449 3942 547 4008 lsrael,
561 3940 612 4013 qni
627 3942 657 3996 in
669 3940 781 3996 Sanctis
793 3939 852 3995 suis
873 3955 986 4012 semper
1369 3977 1483 4034 CAPUT
1503 3977 1539 4032 lv

136 4034 180 4083 est
205 4028 356 4093 mirabilis,
380 4028 542 4083 mirabilem
563 4028 590 4083 ei
619 4027 812 4098 dignatusest
834 4028 985 4083 ostendere
1301 4087 1332 4099 ..
1545 4085 1551 4096 ,
1719 4083 1726 4095 .
1884 4083 1889 4093 .

136 4116 286 4172 visionem.
308 4115 384 4171 Vidit
406 4116 670 4186 enimangelorum
699 4114 915 4170 multitudinem
935 4131 983 4169 cu-
1038 4087 1180 4144 mmm
1201 4085 1410 4141 Bmedwapp·
1447 4085 1513 4141 ΠΗ
1539 4098 1569 4138 ”¹
1593 4084 1781 4148 ‘mamm’
1801 4086 1888 4136 “mc‘'

138 4205 260 4278 piosam,
276 4204 404 4259 adinstar
416 4204 485 4259 solis
493 4203 684 4276 splendidam,
697 4202 839 4274 templum
853 4209 983 4259 sanctum
1074 4176 1259 4277 perfldrinm
1293 4174 1463 4276 muff'sz‘m’
1487 4173 1546 4273 ³1¹5·
1557 4186 1593 4243 ΡΥ
1594 4187 1609 4226 ⁰
1637 4170 1762 4226 Emffl
1790 4174 1816 4225 θ’
1836 4185 1887 4223 ’Μ’

137 4292 617 4364 ingredientem301quibusduo
642 4291 800 4363 principale
828 4249 1022 4363 solenniter„
1074 4279 1150 4335 pem
1169 4267 1254 4332 “mat
1296 4261 1475 4329 mmmmm
1502 4259 1630 4316 ‘'b“m‘
1653 4258 1687 4314 αθ
1704 4257 1796 4314 ‘Mem
1817 4272 1888 4312 ’Μ

138 4380 320 4437 adornabant
333 4381 432 4436 altare.
448 4379 555 4436 Deinde
571 4380 643 4434 ridit
666 4379 737 4434 alias
751 4380 906 4435 coelsstluin
922 4381 982 4436 Vir-

138 4475 234 4526 tutum
253 4469 385 4524 eohortes
399 4469 575 4535 innumeras,
592 4468 623 4523 iii
635 4467 853 4524 similitudinem
864 4469 985 4541 fulguris
1076 4477 1120 4529 tlt.
1136 4473 1267 4528 lnde'iter
1277 4473 1384 4529 iaciens
1395 4473 1515 4528 Romam
1528 4471 1668 4543 pervenit,
1677 4469 1759 4526 ubis
1775 4469 1890 4526 Benedi-

138 4559 316 4614 coruscantis
334 4558 487 4629 fulgentes,
503 4561 532 4612 et
547 4557 629 4630 quasi
641 4557 794 4629 primatem
808 4573 894 4612 suum
918 4574 984 4614 cum
1040 4569 1085 4619 cto
1096 4564 1171 4633 Papa
1182 4562 1307 4633 benigne
1320 4560 1523 4617 ethonorillce
1533 4564 1691 4629 susceptus,
1701 4564 1824 4630 quantas
1839 4558 1890 4613 mi·

139 4646 233 4720 glorie
248 4647 374 4701 maxims
387 4647 561 4702 deducentes
577 4662 583 4700 τ
600 4662 653 4701 1100
673 4645 792 4701 dubium
808 4645 885 4701 huuc
897 4646 985 4702 fuisse
1040 4651 1198 4706 sanationes
1212 4655 1241 4704 et
1254 4649 1379 4720 benigne
1395 4665 1448 4720 per
1462 4648 1490 4703 S.
1506 4646 1692 4703 Benedictum
1709 4646 1735 4702 ei
1752 4646 1890 4702 [lominus

137 4736 261 4792 celestis
284 4734 395 4790 militiae
410 4734 592 4805 signiterum.
622 4733 780 4789 Novissime
796 4748 863 4787 iero
881 4733 987 4789 meruit
1039 4737 1205 4803 contulerit,
1221 4735 1367 4792 indicavit.
1400 4734 1568 4790 Benedictus
1592 4750 1658 4789 reio
1685 4736 1763 4806 Papa
1782 4735 1890 4805 gratias

138 4825 236 4881 videre
252 4824 346 4896 ipsum
361 4824 468 4895 llegem
483 4823 651 4895 augelorum
668 4823 830 4879 venientem
854 4837 918 4877 cum
931 4837 985 4893 po·
1040 4825 1102 4896 egit
1125 4827 1181 4880 tleo
1203 4840 1257 4895 pro
1272 4824 1406 4880 omnibus
1424 4822 1571 4879 beneficiis
1586 4822 1655 4888 suis,
1679 4826 1708 4877 et
1731 4837 1783 4892 pro
1799 4823 1890 4876 sainte

138 4919 242 4970 testate
256 4928 363 4985 magna
377 4916 406 4968 et
425 4912 542 4968 uirtute.
559 4913 591 4967 ln
615 4913 698 4981 cujus
714 4911 987 4983 obsequiocaelestis
1043 4913 1179 4984 Regis,et
1197 4912 1286 4967 totius
1315 4911 1416 4984 populi
1439 4910 1579 4967 Cetholici
1594 4909 1699 4965 obtulit
1716 4908 1890 4964 saeritlcium

138 5002 279 5058 exercitus
289 5000 522 5068 innumerabilis,
538 5003 569 5054 et
586 5000 724 5070 splendor
746 5000 809 5072 ejus
834 4999 985 5072 incompe·
1042 5001 1141 5058 laudis.
1166 5001 1271 5057 Eodem
1287 5006 1427 5071 tempore,
1444 5000 1518 5056 sicut
1532 5016 1620 5071 supra
1635 4998 1742 5054 dietiiiii
1753 5003 1806 5066 est,
1832 4999 1891 5055 Rex

138 5090 355 5160 rabiliszeujus
379 5088 575 5144 etenimnutu
591 5088 845 5158 regunturomnia
864 5088 988 5143 caelestia
1042 5095 1157 5145 sanctus
1192 5090 1456 5160 babenbergensem
1493 5087 1615 5144 fundum
1651 5101 1717 5143 cuin
1755 5085 1892 5141 omnibus

139 5183 169 5233 et
197 5177 356 5233 terrestria.
384 5178 511 5248 lienique
530 5177 636 5231 choros
650 5192 732 5231 noris
759 5177 938 5232 llieruselsm
958 5178 987 5233 in
1041 5177 1226 5249 pertinentiis
1239 5176 1392 5232 suisbeeto
1410 5177 1494 5233 Petro
1524 5175 1709 5240 contradidit,
1724 5177 1892 5246 etAposto·

140 5266 427 5338 praedicteoollectus
458 5265 577 5321 basilica
589 5264 721 5320 divinum
743 5266 901 5320 solenniter
913 5266 987 5321 cele-
1041 5267 1096 5322 lico
1111 5266 1229 5321 Praesuli
1243 5282 1278 5321 ex
1297 5272 1365 5320 tunc
1382 5271 1410 5320 et
1423 5280 1538 5335 semper
1565 5262 1780 5319 defendendum
1808 5279 1893 5318 coui-

142 5354 236 5411 brsvit
250 5353 432 5426 obsequium.
448 5355 511 5420 Quo
525 5353 642 5410 undeni
674 5354 827 5424 completo,
854 5369 929 5409 uniis
954 5372 988 5411 ex
1042 5354 1197 5420 mandarit,
1213 5358 1242 5408 et
1256 5354 1286 5409 in
1300 5353 1606 5409 commemorationem
1628 5352 1714 5423 hujus
1738 5351 1892 5422 pactionis,

178 5460 232 5532 (60)
248 5459 380 5529 intellige
395 5461 569 5543 orationum,
584 5461 705 5544 quasuad
731 5462 822 5543 ileum
841 5460 986 5518 tundebat.
1044 5461 1120 5542 notis
1136 5462 1270 5544 Cretseri,
1291 5460 1340 5515 ubi
1372 5464 1401 5515 et
1417 5459 1479 5531 ipse
1493 5459 1558 5543 ‘elia
1577 5458 1719 5530 adjungit,
1735 5457 1770 5512 de
1786 5457 1894 5529 quibus

177 5533 231 5603 ibt)
242 5532 313 5586 Tota
326 5531 389 5586 biee
401 5532 617 5587 claudicationis
639 5531 761 5587 historia
773 5531 885 5604 adserta
898 5536 942 5588 est
955 5547 989 5588 sx
1044 5533 1245 5588 satisdiximus
1260 5547 1292 5587 iii
1307 5531 1531 5587 Commentario.

1073 4353 1151 4406 utria
