<?xml version="1.0" encoding="UTF-8"?>
<!DOCTYPE html PUBLIC "-//W3C//DTD XHTML 1.0 Transitional//EN"
    "http://www.w3.org/TR/xhtml1/DTD/xhtml1-transitional.dtd">
<html xmlns="http://www.w3.org/1999/xhtml" xml:lang="en" lang="en">
 <head>
  <title>
</title>
<meta http-equiv="Content-Type" content="text/html;charset=utf-8" />
  <meta name='ocr-system' content='tesseract 3.04.00' />
  <meta name='ocr-capabilities' content='ocr_page ocr_carea ocr_par ocr_line ocrx_word'/>
</head>
<body>
  <div class='ocr_page' id='page_1' title='image "./patrologiaecurs17unkngoog_0061.png"; bbox 0 0 3878 6112; ppageno 0'>
   <div class='ocr_carea' id='block_1_1' title="bbox 156 283 1908 351">
    <p class='ocr_par' dir='ltr' id='par_1_1' title="bbox 156 283 1908 351">
     <span class='ocr_line' id='line_1_1' title="bbox 156 283 1908 351; baseline -0.005 0"><span class='ocrx_word' id='word_1_1' title='bbox 156 297 203 351; x_wconf 94' lang='lat' dir='ltr'>lll</span> <span class='ocrx_word' id='word_1_2' title='bbox 806 288 834 344; x_wconf 87' lang='lat' dir='ltr'>S.</span> <span class='ocrx_word' id='word_1_3' title='bbox 856 283 997 343; x_wconf 78' lang='lat' dir='ltr'>llhhhlct</span> <span class='ocrx_word' id='word_1_4' title='bbox 1017 284 1255 345; x_wconf 65' lang='lat' dir='ltr'>incensionis</span> <span class='ocrx_word' id='word_1_5' title='bbox 1861 289 1908 343; x_wconf 77' lang='lat' dir='ltr'>tlt</span> 
     </span>
    </p>
   </div>
   <div class='ocr_carea' id='block_1_2' title="bbox 142 410 1935 4899">
    <p class='ocr_par' dir='ltr' id='par_1_2' title="bbox 154 410 1908 1376">
     <span class='ocr_line' id='line_1_2' title="bbox 154 410 1908 493; baseline -0.007 -13"><span class='ocrx_word' id='word_1_6' title='bbox 154 423 321 481; x_wconf 86' lang='lat' dir='ltr'>universum</span> <span class='ocrx_word' id='word_1_7' title='bbox 336 434 468 493; x_wconf 88' lang='lat' dir='ltr'>regnum,</span> <span class='ocrx_word' id='word_1_8' title='bbox 481 419 512 473; x_wconf 92' lang='lat' dir='ltr'>in</span> <span class='ocrx_word' id='word_1_9' title='bbox 534 416 762 489; x_wconf 75' lang='lat' dir='ltr'>possessionibus</span> <span class='ocrx_word' id='word_1_10' title='bbox 785 419 815 469; x_wconf 91' lang='lat' dir='ltr'>et</span> <span class='ocrx_word' id='word_1_11' title='bbox 840 413 1000 484; x_wconf 84' lang='lat' dir='ltr'>ornatibus,</span> <span class='ocrx_word' id='word_1_12' title='bbox 1017 417 1040 470; x_wconf 81' lang='grc' dir='ltr'><strong>Δ</strong></span> <span class='ocrx_word' id='word_1_13' title='bbox 1059 430 1127 468; x_wconf 83' lang='lat' dir='ltr'>vero</span> <span class='ocrx_word' id='word_1_14' title='bbox 1147 414 1291 486; x_wconf 83' lang='lat' dir='ltr'>principes</span> <span class='ocrx_word' id='word_1_15' title='bbox 1319 410 1447 466; x_wconf 88' lang='lat' dir='ltr'>Polouie</span> <span class='ocrx_word' id='word_1_16' title='bbox 1475 417 1503 466; x_wconf 90' lang='lat' dir='ltr'>et</span> <span class='ocrx_word' id='word_1_17' title='bbox 1528 412 1662 478; x_wconf 79' lang='lat' dir='ltr'>boemie,</span> <span class='ocrx_word' id='word_1_18' title='bbox 1689 417 1908 485; x_wconf 83' lang='lat' dir='ltr'>ceterarumque</span> 
     </span>
     <span class='ocr_line' id='line_1_3' title="bbox 155 501 1907 574; baseline -0.006 -5"><span class='ocrx_word' id='word_1_19' title='bbox 155 503 819 569; x_wconf 86' lang='lat' dir='ltr'>innumerabiliacontulitHildesheimensibas</span> <span class='ocrx_word' id='word_1_20' title='bbox 849 518 1001 557; x_wconf 78' lang='lat' dir='ltr'>verosan·</span> <span class='ocrx_word' id='word_1_21' title='bbox 1056 501 1391 574; x_wconf 87' lang='lat' dir='ltr'>Sclevicaromgentium</span> <span class='ocrx_word' id='word_1_22' title='bbox 1420 501 1557 572; x_wconf 83' lang='lat' dir='ltr'>primates</span> <span class='ocrx_word' id='word_1_23' title='bbox 1584 501 1745 556; x_wconf 86' lang='lat' dir='ltr'>Romanum</span> <span class='ocrx_word' id='word_1_24' title='bbox 1779 502 1907 573; x_wconf 84' lang='lat' dir='ltr'>Impere-</span> 
     </span>
     <span class='ocr_line' id='line_1_4' title="bbox 156 588 1906 664; baseline -0.006 -8"><span class='ocrx_word' id='word_1_25' title='bbox 156 608 233 656; x_wconf 87' lang='lat' dir='ltr'>ctum</span> <span class='ocrx_word' id='word_1_26' title='bbox 259 597 454 655; x_wconf 84' lang='lat' dir='ltr'>Gotebardum</span> <span class='ocrx_word' id='word_1_27' title='bbox 480 597 535 664; x_wconf 74' lang='grc'><strong>(43]</strong></span> <span class='ocrx_word' id='word_1_28' title='bbox 565 593 664 649; x_wconf 84' lang='lat' dir='ltr'>divina</span> <span class='ocrx_word' id='word_1_29' title='bbox 682 593 799 648; x_wconf 91' lang='lat' dir='ltr'>edoctus</span> <span class='ocrx_word' id='word_1_30' title='bbox 827 589 1001 646; x_wconf 81' lang='lat' dir='ltr'>revelatione</span> <span class='ocrx_word' id='word_1_31' title='bbox 1060 595 1151 646; x_wconf 84' lang='lat' dir='ltr'>torem</span> <span class='ocrx_word' id='word_1_32' title='bbox 1178 607 1242 645; x_wconf 91' lang='lat' dir='ltr'>cum</span> <span class='ocrx_word' id='word_1_33' title='bbox 1269 589 1393 645; x_wconf 82' lang='lat' dir='ltr'>exercita</span> <span class='ocrx_word' id='word_1_34' title='bbox 1422 588 1457 643; x_wconf 92' lang='lat' dir='ltr'>ad</span> <span class='ocrx_word' id='word_1_35' title='bbox 1484 589 1670 644; x_wconf 90' lang='lat' dir='ltr'>debellandos</span> <span class='ocrx_word' id='word_1_36' title='bbox 1699 605 1751 644; x_wconf 90' lang='lat' dir='ltr'>eos</span> <span class='ocrx_word' id='word_1_37' title='bbox 1775 590 1906 646; x_wconf 85' lang='lat' dir='ltr'>advenire</span> 
     </span>
     <span class='ocr_line' id='line_1_5' title="bbox 154 676 1904 763; baseline -0.008 -17"><span class='ocrx_word' id='word_1_38' title='bbox 154 689 292 763; x_wconf 81' lang='lat' dir='ltr'>prefecit.</span> <span class='ocrx_word' id='word_1_39' title='bbox 304 686 377 753; x_wconf 81' lang='lat' dir='ltr'>Quid</span> <span class='ocrx_word' id='word_1_40' title='bbox 388 692 483 741; x_wconf 88' lang='lat' dir='ltr'>autem</span> <span class='ocrx_word' id='word_1_41' title='bbox 494 681 721 752; x_wconf 89' lang='lat' dir='ltr'>blerscburgenai</span> <span class='ocrx_word' id='word_1_42' title='bbox 730 680 857 735; x_wconf 86' lang='lat' dir='ltr'>ecclesie</span> <span class='ocrx_word' id='word_1_43' title='bbox 869 695 929 750; x_wconf 84' lang='lat' dir='ltr'>pre</span> <span class='ocrx_word' id='word_1_44' title='bbox 939 678 1002 733; x_wconf 89' lang='lat' dir='ltr'>aliis</span> <span class='ocrx_word' id='word_1_45' title='bbox 1056 685 1273 752; x_wconf 81' lang='lat' dir='ltr'>cognorerunt:</span> <span class='ocrx_word' id='word_1_46' title='bbox 1292 676 1497 733; x_wconf 81' lang='lat' dir='ltr'>innumerabili</span> <span class='ocrx_word' id='word_1_47' title='bbox 1513 677 1699 733; x_wconf 89' lang='lat' dir='ltr'>multitudine</span> <span class='ocrx_word' id='word_1_48' title='bbox 1718 679 1849 746; x_wconf 86' lang='lat' dir='ltr'>collecta,</span> <span class='ocrx_word' id='word_1_49' title='bbox 1875 679 1904 733; x_wconf 91' lang='lat' dir='ltr'>in</span> 
     </span>
     <span class='ocr_line' id='line_1_6' title="bbox 154 764 1907 850; baseline -0.009 -16"><span class='ocrx_word' id='word_1_50' title='bbox 154 776 326 850; x_wconf 74' lang='lat' dir='ltr'>specialibus</span> <span class='ocrx_word' id='word_1_51' title='bbox 337 773 490 829; x_wconf 90' lang='lat' dir='ltr'>contulerit</span> <span class='ocrx_word' id='word_1_52' title='bbox 508 772 671 826; x_wconf 82' lang='lat' dir='ltr'>futurorum</span> <span class='ocrx_word' id='word_1_53' title='bbox 682 767 813 823; x_wconf 89' lang='lat' dir='ltr'>charitati</span> <span class='ocrx_word' id='word_1_54' title='bbox 827 769 1003 822; x_wconf 83' lang='lat' dir='ltr'>volumusex</span> <span class='ocrx_word' id='word_1_55' title='bbox 1057 766 1164 822; x_wconf 87' lang='lat' dir='ltr'>bellom</span> <span class='ocrx_word' id='word_1_56' title='bbox 1181 766 1208 820; x_wconf 92' lang='lat' dir='ltr'>ei</span> <span class='ocrx_word' id='word_1_57' title='bbox 1235 766 1349 820; x_wconf 88' lang='lat' dir='ltr'>obviam</span> <span class='ocrx_word' id='word_1_58' title='bbox 1367 771 1577 836; x_wconf 89' lang='lat' dir='ltr'>processerunt.</span> <span class='ocrx_word' id='word_1_59' title='bbox 1598 764 1679 829; x_wconf 84' lang='lat' dir='ltr'>Quod</span> <span class='ocrx_word' id='word_1_60' title='bbox 1695 765 1769 836; x_wconf 81' lang='lat' dir='ltr'>Regi</span> <span class='ocrx_word' id='word_1_61' title='bbox 1784 765 1833 836; x_wconf 93' lang='lat' dir='ltr'>pio</span> <span class='ocrx_word' id='word_1_62' title='bbox 1858 781 1907 836; x_wconf 86' lang='lat' dir='ltr'>per</span> 
     </span>
     <span class='ocr_line' id='line_1_7' title="bbox 154 847 1902 940; baseline -0.007 -19"><span class='ocrx_word' id='word_1_63' title='bbox 154 871 236 940; x_wconf 89' lang='lat' dir='ltr'>parte</span> <span class='ocrx_word' id='word_1_64' title='bbox 248 863 405 920; x_wconf 84' lang='lat' dir='ltr'>notificare.</span> <span class='ocrx_word' id='word_1_65' title='bbox 437 859 594 916; x_wconf 80' lang='lat' dir='ltr'>liecenim</span> <span class='ocrx_word' id='word_1_66' title='bbox 611 847 729 914; x_wconf 88' lang='lat' dir='ltr'>ecclesia</span> <span class='ocrx_word' id='word_1_67' title='bbox 748 863 878 927; x_wconf 89' lang='lat' dir='ltr'>tempore</span> <span class='ocrx_word' id='word_1_68' title='bbox 906 854 1002 927; x_wconf 86' lang='lat' dir='ltr'>ltagni</span> <span class='ocrx_word' id='word_1_69' title='bbox 1057 855 1249 926; x_wconf 91' lang='lat' dir='ltr'>speculatores</span> <span class='ocrx_word' id='word_1_70' title='bbox 1260 869 1327 908; x_wconf 90' lang='lat' dir='ltr'>suos</span> <span class='ocrx_word' id='word_1_71' title='bbox 1346 855 1402 908; x_wconf 91' lang='lat' dir='ltr'>cito</span> <span class='ocrx_word' id='word_1_72' title='bbox 1417 853 1553 920; x_wconf 88' lang='lat' dir='ltr'>innotuit,</span> <span class='ocrx_word' id='word_1_73' title='bbox 1570 859 1600 908; x_wconf 91' lang='lat' dir='ltr'>et</span> <span class='ocrx_word' id='word_1_74' title='bbox 1626 853 1747 908; x_wconf 88' lang='lat' dir='ltr'>sicutin</span> <span class='ocrx_word' id='word_1_75' title='bbox 1769 854 1902 910; x_wconf 89' lang='lat' dir='ltr'>omuibus</span> 
     </span>
     <span class='ocr_line' id='line_1_8' title="bbox 156 941 1899 1021; baseline -0.007 -11"><span class='ocrx_word' id='word_1_76' title='bbox 156 949 510 1021; x_wconf 87' lang='lat' dir='ltr'>Ottonis,illius,iuquam,</span> <span class='ocrx_word' id='word_1_77' title='bbox 522 946 572 1019; x_wconf 88' lang='lat' dir='ltr'>qni</span> <span class='ocrx_word' id='word_1_78' title='bbox 583 946 617 1011; x_wconf 83' lang='lat' dir='ltr'>ad</span> <span class='ocrx_word' id='word_1_79' title='bbox 628 947 733 1017; x_wconf 83' lang='lat' dir='ltr'>Lycum</span> <span class='ocrx_word' id='word_1_80' title='bbox 744 943 865 999; x_wconf 75' lang='lat' dir='ltr'>humum</span> <span class='ocrx_word' id='word_1_81' title='bbox 876 942 1002 998; x_wconf 88' lang='lat' dir='ltr'>subsan·</span> <span class='ocrx_word' id='word_1_82' title='bbox 1055 942 1195 1015; x_wconf 84' lang='lat' dir='ltr'>angustiis</span> <span class='ocrx_word' id='word_1_83' title='bbox 1209 943 1269 998; x_wconf 90' lang='lat' dir='ltr'>suis</span> <span class='ocrx_word' id='word_1_84' title='bbox 1285 942 1403 1002; x_wconf 89' lang='lat' dir='ltr'>solebat.</span> <span class='ocrx_word' id='word_1_85' title='bbox 1430 942 1465 996; x_wconf 85' lang='lat' dir='ltr'>cd</span> <span class='ocrx_word' id='word_1_86' title='bbox 1488 941 1628 996; x_wconf 87' lang='lat' dir='ltr'>orationis</span> <span class='ocrx_word' id='word_1_87' title='bbox 1652 956 1735 996; x_wconf 87' lang='lat' dir='ltr'>arma</span> <span class='ocrx_word' id='word_1_88' title='bbox 1762 941 1899 1013; x_wconf 76' lang='lat' dir='ltr'>malugit</span> 
     </span>
     <span class='ocr_line' id='line_1_9' title="bbox 155 1028 1902 1103; baseline -0.005 -8"><span class='ocrx_word' id='word_1_89' title='bbox 155 1046 199 1094; x_wconf 93' lang='lat' dir='ltr'>cto</span> <span class='ocrx_word' id='word_1_90' title='bbox 215 1039 345 1094; x_wconf 89' lang='lat' dir='ltr'>Uldarico</span> <span class='ocrx_word' id='word_1_91' title='bbox 359 1035 521 1091; x_wconf 81' lang='lat' dir='ltr'>confessore</span> <span class='ocrx_word' id='word_1_92' title='bbox 546 1034 676 1102; x_wconf 89' lang='lat' dir='ltr'>Ungaros</span> <span class='ocrx_word' id='word_1_93' title='bbox 704 1031 761 1102; x_wconf 79' lang='lat'><strong>(44)</strong></span> <span class='ocrx_word' id='word_1_94' title='bbox 787 1028 950 1101; x_wconf 86' lang='lat' dir='ltr'>prostravit,</span> <span class='ocrx_word' id='word_1_95' title='bbox 973 1031 1003 1081; x_wconf 84' lang='lat' dir='ltr'>et</span> <span class='ocrx_word' id='word_1_96' title='bbox 1055 1033 1246 1103; x_wconf 84' lang='lat' dir='ltr'>Invocatoqae</span> <span class='ocrx_word' id='word_1_97' title='bbox 1261 1047 1348 1103; x_wconf 89' lang='lat' dir='ltr'>saper</span> <span class='ocrx_word' id='word_1_98' title='bbox 1369 1047 1400 1086; x_wconf 91' lang='lat' dir='ltr'>se</span> <span class='ocrx_word' id='word_1_99' title='bbox 1424 1030 1541 1085; x_wconf 90' lang='lat' dir='ltr'>nomine</span> <span class='ocrx_word' id='word_1_100' title='bbox 1569 1029 1694 1097; x_wconf 86' lang='lat' dir='ltr'>Domini,</span> <span class='ocrx_word' id='word_1_101' title='bbox 1722 1030 1808 1086; x_wconf 74' lang='lat' dir='ltr'>beaw</span> <span class='ocrx_word' id='word_1_102' title='bbox 1830 1031 1902 1087; x_wconf 81' lang='lat' dir='ltr'>Lau-</span> 
     </span>
     <span class='ocr_line' id='line_1_10' title="bbox 155 1117 1903 1199; baseline -0.005 -16"><span class='ocrx_word' id='word_1_103' title='bbox 155 1144 236 1199; x_wconf 89' lang='lat' dir='ltr'>reges</span> <span class='ocrx_word' id='word_1_104' title='bbox 250 1142 362 1192; x_wconf 88' lang='lat' dir='ltr'>eorum,</span> <span class='ocrx_word' id='word_1_105' title='bbox 379 1124 498 1179; x_wconf 84' lang='lat' dir='ltr'>heliam</span> <span class='ocrx_word' id='word_1_106' title='bbox 513 1121 646 1176; x_wconf 83' lang='lat' dir='ltr'>videlicet</span> <span class='ocrx_word' id='word_1_107' title='bbox 662 1123 691 1174; x_wconf 88' lang='lat' dir='ltr'>et</span> <span class='ocrx_word' id='word_1_108' title='bbox 717 1122 805 1173; x_wconf 74' lang='lat' dir='ltr'>Assur</span> <span class='ocrx_word' id='word_1_109' title='bbox 827 1117 1000 1183; x_wconf 80' lang='lat' dir='ltr'>llatisbonre,</span> <span class='ocrx_word' id='word_1_110' title='bbox 1055 1118 1160 1185; x_wconf 84' lang='lat' dir='ltr'>centio,</span> <span class='ocrx_word' id='word_1_111' title='bbox 1176 1123 1273 1172; x_wconf 90' lang='lat' dir='ltr'>sancto</span> <span class='ocrx_word' id='word_1_112' title='bbox 1288 1118 1419 1188; x_wconf 85' lang='lat' dir='ltr'>Georgia,</span> <span class='ocrx_word' id='word_1_113' title='bbox 1450 1121 1479 1171; x_wconf 89' lang='lat' dir='ltr'>et</span> <span class='ocrx_word' id='word_1_114' title='bbox 1505 1117 1589 1172; x_wconf 81' lang='lat' dir='ltr'>beato</span> <span class='ocrx_word' id='word_1_115' title='bbox 1618 1117 1744 1173; x_wconf 73' lang='lat' dir='ltr'>Adriano</span> <span class='ocrx_word' id='word_1_116' title='bbox 1773 1121 1903 1189; x_wconf 76' lang='lat' dir='ltr'>martyri·</span> 
     </span>
     <span class='ocr_line' id='line_1_11' title="bbox 154 1205 1901 1288; baseline -0.005 -17"><span class='ocrx_word' id='word_1_117' title='bbox 154 1215 334 1288; x_wconf 88' lang='lat' dir='ltr'>principibus</span> <span class='ocrx_word' id='word_1_118' title='bbox 347 1215 400 1269; x_wconf 92' lang='lat' dir='ltr'>hoc</span> <span class='ocrx_word' id='word_1_119' title='bbox 413 1212 477 1267; x_wconf 85' lang='lat' dir='ltr'>lieri</span> <span class='ocrx_word' id='word_1_120' title='bbox 493 1208 734 1281; x_wconf 76' lang='lat' dir='ltr'>adjudicantibus,</span> <span class='ocrx_word' id='word_1_121' title='bbox 751 1206 781 1261; x_wconf 91' lang='lat' dir='ltr'>in</span> <span class='ocrx_word' id='word_1_122' title='bbox 798 1205 928 1276; x_wconf 87' lang='lat' dir='ltr'>patibulo</span> <span class='ocrx_word' id='word_1_123' title='bbox 949 1220 1001 1258; x_wconf 88' lang='lat' dir='ltr'>sn·</span> <span class='ocrx_word' id='word_1_124' title='bbox 1056 1207 1120 1274; x_wconf 78' lang='lat' dir='ltr'>bris,</span> <span class='ocrx_word' id='word_1_125' title='bbox 1149 1222 1179 1262; x_wconf 89' lang='lat' dir='ltr'>se</span> <span class='ocrx_word' id='word_1_126' title='bbox 1211 1222 1354 1279; x_wconf 87' lang='lat' dir='ltr'>suumque</span> <span class='ocrx_word' id='word_1_127' title='bbox 1393 1206 1551 1264; x_wconf 79' lang='lat' dir='ltr'>exercitum</span> <span class='ocrx_word' id='word_1_128' title='bbox 1588 1207 1799 1279; x_wconf 88' lang='lat' dir='ltr'>protegendum</span> <span class='ocrx_word' id='word_1_129' title='bbox 1840 1222 1901 1262; x_wconf 85' lang='lat' dir='ltr'>euni</span> 
     </span>
     <span class='ocr_line' id='line_1_12' title="bbox 154 1293 1498 1376; baseline -0.007 -18"><span class='ocrx_word' id='word_1_130' title='bbox 154 1304 278 1376; x_wconf 77' lang='lat' dir='ltr'>spondit,</span> <span class='ocrx_word' id='word_1_131' title='bbox 295 1301 417 1357; x_wconf 84' lang='lat' dir='ltr'>assiduis</span> <span class='ocrx_word' id='word_1_132' title='bbox 430 1297 642 1353; x_wconf 90' lang='lat' dir='ltr'>incursionibus</span> <span class='ocrx_word' id='word_1_133' title='bbox 666 1301 695 1350; x_wconf 91' lang='lat' dir='ltr'>et</span> <span class='ocrx_word' id='word_1_134' title='bbox 720 1294 817 1349; x_wconf 91' lang='lat' dir='ltr'>hostili</span> <span class='ocrx_word' id='word_1_135' title='bbox 844 1293 1001 1349; x_wconf 81' lang='lat' dir='ltr'>vastatione</span> <span class='ocrx_word' id='word_1_136' title='bbox 1056 1310 1169 1349; x_wconf 90' lang='lat' dir='ltr'>somma</span> <span class='ocrx_word' id='word_1_137' title='bbox 1181 1295 1332 1350; x_wconf 80' lang='lat' dir='ltr'>devotione</span> <span class='ocrx_word' id='word_1_138' title='bbox 1346 1295 1498 1349; x_wconf 83' lang='lat' dir='ltr'>commisit.</span> 
     </span>
    </p>

    <p class='ocr_par' dir='ltr' id='par_1_3' title="bbox 154 1383 1898 1455">
     <span class='ocr_line' id='line_1_13' title="bbox 154 1383 1898 1455; baseline -0.006 -8"><span class='ocrx_word' id='word_1_139' title='bbox 154 1392 331 1455; x_wconf 85' lang='lat' dir='ltr'>Sclavorum,</span> <span class='ocrx_word' id='word_1_140' title='bbox 347 1389 382 1443; x_wconf 88' lang='lat' dir='ltr'>ed</span> <span class='ocrx_word' id='word_1_141' title='bbox 396 1386 519 1442; x_wconf 89' lang='lat' dir='ltr'>nihilum</span> <span class='ocrx_word' id='word_1_142' title='bbox 536 1383 648 1439; x_wconf 89' lang='lat' dir='ltr'>redacta</span> <span class='ocrx_word' id='word_1_143' title='bbox 661 1386 712 1437; x_wconf 91' lang='lat' dir='ltr'>est.</span> <span class='ocrx_word' id='word_1_144' title='bbox 1090 1387 1121 1441; x_wconf 83' lang='lat' dir='ltr'>d.</span> <span class='ocrx_word' id='word_1_145' title='bbox 1141 1385 1174 1439; x_wconf 76' lang='lat' dir='ltr'>Es</span> <span class='ocrx_word' id='word_1_146' title='bbox 1187 1401 1251 1438; x_wconf 89' lang='lat' dir='ltr'>com</span> <span class='ocrx_word' id='word_1_147' title='bbox 1272 1399 1373 1438; x_wconf 89' lang='lat' dir='ltr'>omnes</span> <span class='ocrx_word' id='word_1_148' title='bbox 1386 1383 1572 1454; x_wconf 86' lang='lat' dir='ltr'>perceptione</span> <span class='ocrx_word' id='word_1_149' title='bbox 1585 1383 1716 1455; x_wconf 87' lang='lat' dir='ltr'>corporis</span> <span class='ocrx_word' id='word_1_150' title='bbox 1730 1388 1760 1439; x_wconf 88' lang='lat' dir='ltr'>et</span> <span class='ocrx_word' id='word_1_151' title='bbox 1786 1383 1898 1455; x_wconf 83' lang='lat' dir='ltr'>sangni-</span> 
     </span>
    </p>

    <p class='ocr_par' dir='ltr' id='par_1_4' title="bbox 149 1469 1901 3575">
     <span class='ocr_line' id='line_1_14' title="bbox 189 1469 1900 1548; baseline -0.005 -14"><span class='ocrx_word' id='word_1_152' title='bbox 189 1483 216 1534; x_wconf 78' lang='lat'>4.</span> <span class='ocrx_word' id='word_1_153' title='bbox 247 1480 279 1532; x_wconf 86' lang='lat' dir='ltr'>Et</span> <span class='ocrx_word' id='word_1_154' title='bbox 302 1477 371 1548; x_wconf 87' lang='lat' dir='ltr'>quia</span> <span class='ocrx_word' id='word_1_155' title='bbox 398 1469 543 1528; x_wconf 82' lang='lat' dir='ltr'>&#39;violentiis</span> <span class='ocrx_word' id='word_1_156' title='bbox 569 1472 727 1526; x_wconf 82' lang='lat' dir='ltr'>vicinarum</span> <span class='ocrx_word' id='word_1_157' title='bbox 762 1469 911 1525; x_wconf 91' lang='lat' dir='ltr'>nationum</span> <span class='ocrx_word' id='word_1_158' title='bbox 943 1484 1002 1523; x_wconf 93' lang='lat' dir='ltr'>non</span> <span class='ocrx_word' id='word_1_159' title='bbox 1056 1471 1101 1526; x_wconf 93' lang='lat' dir='ltr'>nis</span> <span class='ocrx_word' id='word_1_160' title='bbox 1121 1472 1235 1526; x_wconf 85' lang='lat' dir='ltr'>Domini</span> <span class='ocrx_word' id='word_1_161' title='bbox 1250 1472 1401 1526; x_wconf 82' lang='lat' dir='ltr'>confortati</span> <span class='ocrx_word' id='word_1_162' title='bbox 1416 1471 1545 1538; x_wconf 87' lang='lat' dir='ltr'>luissent,</span> <span class='ocrx_word' id='word_1_163' title='bbox 1562 1470 1599 1526; x_wconf 90' lang='lat' dir='ltr'>ad</span> <span class='ocrx_word' id='word_1_164' title='bbox 1618 1472 1715 1527; x_wconf 89' lang='lat' dir='ltr'>locum</span> <span class='ocrx_word' id='word_1_165' title='bbox 1738 1471 1900 1527; x_wconf 88' lang='lat' dir='ltr'>certaminis</span> 
     </span>
     <span class='ocr_line' id='line_1_15' title="bbox 155 1558 1900 1637; baseline -0.003 -17"><span class='ocrx_word' id='word_1_166' title='bbox 155 1571 268 1637; x_wconf 91' lang='lat' dir='ltr'>poterat</span> <span class='ocrx_word' id='word_1_167' title='bbox 283 1564 431 1626; x_wconf 83' lang='lat' dir='ltr'>resistere:</span> <span class='ocrx_word' id='word_1_168' title='bbox 453 1563 482 1616; x_wconf 94' lang='lat' dir='ltr'>in</span> <span class='ocrx_word' id='word_1_169' title='bbox 502 1559 739 1632; x_wconf 81' lang='lat' dir='ltr'>possessionibus,</span> <span class='ocrx_word' id='word_1_170' title='bbox 757 1559 786 1613; x_wconf 92' lang='lat' dir='ltr'>in</span> <span class='ocrx_word' id='word_1_171' title='bbox 807 1558 945 1628; x_wconf 89' lang='lat' dir='ltr'>religione</span> <span class='ocrx_word' id='word_1_172' title='bbox 973 1561 1003 1612; x_wconf 90' lang='lat' dir='ltr'>et</span> <span class='ocrx_word' id='word_1_173' title='bbox 1057 1563 1209 1615; x_wconf 88' lang='lat' dir='ltr'>venerunt.</span> <span class='ocrx_word' id='word_1_174' title='bbox 1235 1560 1287 1614; x_wconf 89' lang='lat' dir='ltr'>Ubi</span> <span class='ocrx_word' id='word_1_175' title='bbox 1302 1575 1368 1614; x_wconf 90' lang='lat' dir='ltr'>cum</span> <span class='ocrx_word' id='word_1_176' title='bbox 1393 1559 1673 1614; x_wconf 82' lang='lat' dir='ltr'>Rerbeatusrerbis</span> <span class='ocrx_word' id='word_1_177' title='bbox 1699 1559 1900 1614; x_wconf 87' lang='lat' dir='ltr'>exhortatoriis</span> 
     </span>
     <span class='ocr_line' id='line_1_16' title="bbox 155 1645 1898 1747; baseline -0.003 -39"><span class='ocrx_word' id='word_1_178' title='bbox 155 1655 184 1708; x_wconf 91' lang='lat' dir='ltr'>in</span> <span class='ocrx_word' id='word_1_179' title='bbox 200 1653 344 1719; x_wconf 91' lang='lat' dir='ltr'>omnibus,</span> <span class='ocrx_word' id='word_1_180' title='bbox 361 1667 425 1723; x_wconf 87' lang='lat' dir='ltr'>que</span> <span class='ocrx_word' id='word_1_181' title='bbox 440 1650 473 1704; x_wconf 93' lang='lat' dir='ltr'>ad</span> <span class='ocrx_word' id='word_1_182' title='bbox 489 1647 683 1721; x_wconf 90' lang='lat' dir='ltr'>pontilicalem</span> <span class='ocrx_word' id='word_1_183' title='bbox 694 1646 863 1718; x_wconf 88' lang='lat' dir='ltr'>dignitatem</span> <span class='ocrx_word' id='word_1_184' title='bbox 878 1645 1002 1718; x_wconf 89' lang='lat' dir='ltr'>pertine·</span> <span class='ocrx_word' id='word_1_185' title='bbox 1018 1693 1038 1747; x_wconf 72' lang='lat' dir='ltr'>B</span> <span class='ocrx_word' id='word_1_186' title='bbox 1062 1646 1096 1701; x_wconf 87' lang='lat' dir='ltr'>ad</span> <span class='ocrx_word' id='word_1_187' title='bbox 1122 1647 1244 1702; x_wconf 82' lang='lat' dir='ltr'>viriliter</span> <span class='ocrx_word' id='word_1_188' title='bbox 1271 1647 1415 1718; x_wconf 87' lang='lat' dir='ltr'>agendum</span> <span class='ocrx_word' id='word_1_189' title='bbox 1430 1646 1610 1717; x_wconf 85' lang='lat' dir='ltr'>singulorum</span> <span class='ocrx_word' id='word_1_190' title='bbox 1630 1647 1745 1702; x_wconf 87' lang='lat' dir='ltr'>animos</span> <span class='ocrx_word' id='word_1_191' title='bbox 1759 1647 1898 1715; x_wconf 82' lang='lat' dir='ltr'>erexisset,</span> 
     </span>
     <span class='ocr_line' id='line_1_17' title="bbox 154 1734 1899 1813; baseline -0.005 -15"><span class='ocrx_word' id='word_1_192' title='bbox 154 1743 233 1809; x_wconf 89' lang='lat' dir='ltr'>bant,</span> <span class='ocrx_word' id='word_1_193' title='bbox 250 1742 366 1813; x_wconf 90' lang='lat' dir='ltr'>penitus</span> <span class='ocrx_word' id='word_1_194' title='bbox 390 1738 477 1809; x_wconf 89' lang='lat' dir='ltr'>coepit</span> <span class='ocrx_word' id='word_1_195' title='bbox 496 1737 622 1792; x_wconf 83' lang='lat' dir='ltr'>deiiceri.</span> <span class='ocrx_word' id='word_1_196' title='bbox 652 1735 757 1793; x_wconf 81' lang='lat' dir='ltr'>Accidit</span> <span class='ocrx_word' id='word_1_197' title='bbox 786 1739 929 1790; x_wconf 84' lang='lat' dir='ltr'>autemut</span> <span class='ocrx_word' id='word_1_198' title='bbox 953 1749 1002 1788; x_wconf 92' lang='lat' dir='ltr'>eo·</span> <span class='ocrx_word' id='word_1_199' title='bbox 1058 1734 1158 1790; x_wconf 86' lang='lat' dir='ltr'>videns</span> <span class='ocrx_word' id='word_1_200' title='bbox 1172 1735 1413 1791; x_wconf 88' lang='lat' dir='ltr'>innumerabilem</span> <span class='ocrx_word' id='word_1_201' title='bbox 1426 1734 1656 1789; x_wconf 77' lang='lat' dir='ltr'>adversariorum</span> <span class='ocrx_word' id='word_1_202' title='bbox 1677 1735 1899 1803; x_wconf 89' lang='lat' dir='ltr'>multitudinem,</span> 
     </span>
     <span class='ocr_line' id='line_1_18' title="bbox 154 1823 1901 1900; baseline -0.005 -14"><span class='ocrx_word' id='word_1_203' title='bbox 154 1831 219 1886; x_wconf 90' lang='lat' dir='ltr'>dem</span> <span class='ocrx_word' id='word_1_204' title='bbox 235 1835 364 1900; x_wconf 86' lang='lat' dir='ltr'>tempore</span> <span class='ocrx_word' id='word_1_205' title='bbox 390 1824 779 1898; x_wconf 82' lang='lat' dir='ltr'>Magdehurgensisecclesie</span> <span class='ocrx_word' id='word_1_206' title='bbox 803 1823 1001 1894; x_wconf 76' lang='lat' dir='ltr'>archiepisco·</span> <span class='ocrx_word' id='word_1_207' title='bbox 1056 1823 1189 1878; x_wconf 84' lang='lat' dir='ltr'>clamavit</span> <span class='ocrx_word' id='word_1_208' title='bbox 1212 1823 1245 1878; x_wconf 89' lang='lat' dir='ltr'>ad</span> <span class='ocrx_word' id='word_1_209' title='bbox 1269 1823 1433 1889; x_wconf 86' lang='lat' dir='ltr'>Dominum,</span> <span class='ocrx_word' id='word_1_210' title='bbox 1457 1827 1486 1877; x_wconf 88' lang='lat' dir='ltr'>et</span> <span class='ocrx_word' id='word_1_211' title='bbox 1511 1823 1575 1877; x_wconf 92' lang='lat' dir='ltr'>ait:</span> <span class='ocrx_word' id='word_1_212' title='bbox 1602 1824 1677 1878; x_wconf 83' lang='lat' dir='ltr'>lleus</span> <span class='ocrx_word' id='word_1_213' title='bbox 1705 1823 1757 1896; x_wconf 86' lang='lat' dir='ltr'>qui</span> <span class='ocrx_word' id='word_1_214' title='bbox 1780 1825 1901 1879; x_wconf 86' lang='lat' dir='ltr'>conteris</span> 
     </span>
     <span class='ocr_line' id='line_1_19' title="bbox 154 1911 1900 1989; baseline -0.002 -17"><span class='ocrx_word' id='word_1_215' title='bbox 154 1935 208 1989; x_wconf 90' lang='lat' dir='ltr'>pus</span> <span class='ocrx_word' id='word_1_216' title='bbox 231 1914 570 1972; x_wconf 85' lang='lat' dir='ltr'>viamuniversaecarnis</span> <span class='ocrx_word' id='word_1_217' title='bbox 601 1913 811 1983; x_wconf 76' lang='lat' dir='ltr'>ingrederetur,</span> <span class='ocrx_word' id='word_1_218' title='bbox 840 1917 869 1965; x_wconf 91' lang='lat' dir='ltr'>et</span> <span class='ocrx_word' id='word_1_219' title='bbox 895 1912 998 1966; x_wconf 74' lang='lat' dir='ltr'>Messe·</span> <span class='ocrx_word' id='word_1_220' title='bbox 1055 1911 1131 1966; x_wconf 87' lang='lat' dir='ltr'>bella</span> <span class='ocrx_word' id='word_1_221' title='bbox 1145 1912 1180 1967; x_wconf 92' lang='lat' dir='ltr'>ab</span> <span class='ocrx_word' id='word_1_222' title='bbox 1205 1912 1300 1980; x_wconf 91' lang='lat' dir='ltr'>initio,</span> <span class='ocrx_word' id='word_1_223' title='bbox 1320 1913 1399 1967; x_wconf 80' lang='lat' dir='ltr'>elaea</span> <span class='ocrx_word' id='word_1_224' title='bbox 1418 1911 1565 1967; x_wconf 89' lang='lat' dir='ltr'>brachium</span> <span class='ocrx_word' id='word_1_225' title='bbox 1580 1918 1663 1967; x_wconf 90' lang='lat' dir='ltr'>tuum</span> <span class='ocrx_word' id='word_1_226' title='bbox 1688 1928 1777 1983; x_wconf 90' lang='lat' dir='ltr'>super</span> <span class='ocrx_word' id='word_1_227' title='bbox 1808 1918 1900 1984; x_wconf 86' lang='lat' dir='ltr'>gentes</span> 
     </span>
     <span class='ocr_line' id='line_1_20' title="bbox 155 1998 1901 2077; baseline -0.002 -17"><span class='ocrx_word' id='word_1_228' title='bbox 155 2005 306 2077; x_wconf 87' lang='lat' dir='ltr'>burgensis</span> <span class='ocrx_word' id='word_1_229' title='bbox 327 2004 445 2074; x_wconf 85' lang='lat' dir='ltr'>presul,</span> <span class='ocrx_word' id='word_1_230' title='bbox 474 2008 591 2073; x_wconf 89' lang='lat' dir='ltr'>propter</span> <span class='ocrx_word' id='word_1_231' title='bbox 617 1999 789 2071; x_wconf 90' lang='lat' dir='ltr'>sapientiam</span> <span class='ocrx_word' id='word_1_232' title='bbox 818 2014 834 2053; x_wconf 91' lang='lat' dir='ltr'>a</span> <span class='ocrx_word' id='word_1_233' title='bbox 863 1999 919 2054; x_wconf 88' lang='lat' dir='ltr'>Deo</span> <span class='ocrx_word' id='word_1_234' title='bbox 947 1998 1002 2054; x_wconf 91' lang='lat' dir='ltr'>sihi</span> <span class='ocrx_word' id='word_1_235' title='bbox 1056 2000 1106 2071; x_wconf 88' lang='lat' dir='ltr'>qni</span> <span class='ocrx_word' id='word_1_236' title='bbox 1125 2000 1252 2071; x_wconf 86' lang='lat' dir='ltr'>cogitant</span> <span class='ocrx_word' id='word_1_237' title='bbox 1265 2001 1354 2055; x_wconf 86' lang='lat' dir='ltr'>servis</span> <span class='ocrx_word' id='word_1_238' title='bbox 1376 2000 1433 2055; x_wconf 90' lang='lat' dir='ltr'>tuis</span> <span class='ocrx_word' id='word_1_239' title='bbox 1447 2001 1533 2055; x_wconf 89' lang='lat' dir='ltr'>mala.</span> <span class='ocrx_word' id='word_1_240' title='bbox 1549 2000 1687 2072; x_wconf 82' lang='lat' dir='ltr'>Disperge</span> <span class='ocrx_word' id='word_1_241' title='bbox 1712 2001 1824 2057; x_wconf 88' lang='lat' dir='ltr'>illasio</span> <span class='ocrx_word' id='word_1_242' title='bbox 1851 2002 1901 2057; x_wconf 80' lang='lat' dir='ltr'>vir·</span> 
     </span>
     <span class='ocr_line' id='line_1_21' title="bbox 155 2085 1899 2161; baseline -0.001 -14"><span class='ocrx_word' id='word_1_243' title='bbox 155 2094 299 2159; x_wconf 89' lang='lat' dir='ltr'>collatam,</span> <span class='ocrx_word' id='word_1_244' title='bbox 313 2098 344 2144; x_wconf 83' lang='lat' dir='ltr'>et</span> <span class='ocrx_word' id='word_1_245' title='bbox 367 2098 482 2161; x_wconf 85' lang='lat' dir='ltr'>propter</span> <span class='ocrx_word' id='word_1_246' title='bbox 498 2089 601 2142; x_wconf 88' lang='lat' dir='ltr'>multas</span> <span class='ocrx_word' id='word_1_247' title='bbox 617 2087 748 2152; x_wconf 84' lang='lat' dir='ltr'>virtutes,</span> <span class='ocrx_word' id='word_1_248' title='bbox 784 2085 888 2157; x_wconf 88' lang='lat' dir='ltr'>quibus</span> <span class='ocrx_word' id='word_1_249' title='bbox 914 2086 1000 2141; x_wconf 91' lang='lat' dir='ltr'>ador·</span> <span class='ocrx_word' id='word_1_250' title='bbox 1055 2093 1116 2143; x_wconf 91' lang='lat' dir='ltr'>tute</span> <span class='ocrx_word' id='word_1_251' title='bbox 1132 2096 1201 2143; x_wconf 89' lang='lat' dir='ltr'>tua:</span> <span class='ocrx_word' id='word_1_252' title='bbox 1224 2094 1251 2143; x_wconf 91' lang='lat' dir='ltr'>et</span> <span class='ocrx_word' id='word_1_253' title='bbox 1265 2088 1377 2143; x_wconf 86' lang='lat' dir='ltr'>destrue</span> <span class='ocrx_word' id='word_1_254' title='bbox 1394 2104 1442 2143; x_wconf 91' lang='lat' dir='ltr'>eos</span> <span class='ocrx_word' id='word_1_255' title='bbox 1457 2094 1601 2159; x_wconf 89' lang='lat' dir='ltr'>protector</span> <span class='ocrx_word' id='word_1_256' title='bbox 1615 2105 1709 2144; x_wconf 90' lang='lat' dir='ltr'>meus.</span> <span class='ocrx_word' id='word_1_257' title='bbox 1739 2090 1818 2144; x_wconf 83' lang='lat' dir='ltr'>Pone</span> <span class='ocrx_word' id='word_1_258' title='bbox 1842 2090 1899 2145; x_wconf 89' lang='lat' dir='ltr'>illos</span> 
     </span>
     <span class='ocr_line' id='line_1_22' title="bbox 154 2173 1900 2249; baseline 0.001 -14"><span class='ocrx_word' id='word_1_259' title='bbox 154 2186 238 2236; x_wconf 89' lang='lat' dir='ltr'>natus</span> <span class='ocrx_word' id='word_1_260' title='bbox 258 2185 331 2246; x_wconf 89' lang='lat' dir='ltr'>erat,</span> <span class='ocrx_word' id='word_1_261' title='bbox 348 2179 383 2233; x_wconf 92' lang='lat' dir='ltr'>cb</span> <span class='ocrx_word' id='word_1_262' title='bbox 399 2177 568 2249; x_wconf 87' lang='lat' dir='ltr'>quasetiam</span> <span class='ocrx_word' id='word_1_263' title='bbox 583 2175 680 2231; x_wconf 90' lang='lat' dir='ltr'>Ottoni</span> <span class='ocrx_word' id='word_1_264' title='bbox 700 2189 806 2245; x_wconf 89' lang='lat' dir='ltr'>magno</span> <span class='ocrx_word' id='word_1_265' title='bbox 821 2173 1001 2245; x_wconf 89' lang='lat' dir='ltr'>gratissimus</span> <span class='ocrx_word' id='word_1_266' title='bbox 1055 2181 1088 2232; x_wconf 90' lang='lat' dir='ltr'>ul</span> <span class='ocrx_word' id='word_1_267' title='bbox 1102 2183 1205 2246; x_wconf 86' lang='lat' dir='ltr'>rotam,</span> <span class='ocrx_word' id='word_1_268' title='bbox 1222 2179 1331 2233; x_wconf 89' lang='lat' dir='ltr'>etsicut</span> <span class='ocrx_word' id='word_1_269' title='bbox 1345 2178 1481 2248; x_wconf 89' lang='lat' dir='ltr'>stipulam</span> <span class='ocrx_word' id='word_1_270' title='bbox 1496 2184 1563 2233; x_wconf 84' lang='lat' dir='ltr'>ente</span> <span class='ocrx_word' id='word_1_271' title='bbox 1591 2178 1693 2233; x_wconf 77' lang='lat' dir='ltr'>faciem</span> <span class='ocrx_word' id='word_1_272' title='bbox 1720 2179 1811 2235; x_wconf 81' lang='lat' dir='ltr'>renti.</span> <span class='ocrx_word' id='word_1_273' title='bbox 1840 2182 1900 2236; x_wconf 81' lang='lat' dir='ltr'>ilaec</span> 
     </span>
     <span class='ocr_line' id='line_1_23' title="bbox 154 2263 1899 2338; baseline 0.001 -15"><span class='ocrx_word' id='word_1_274' title='bbox 154 2268 266 2324; x_wconf 84' lang='lat' dir='ltr'>extitit:</span> <span class='ocrx_word' id='word_1_275' title='bbox 299 2267 329 2322; x_wconf 91' lang='lat' dir='ltr'>in</span> <span class='ocrx_word' id='word_1_276' title='bbox 357 2265 524 2321; x_wconf 82' lang='lat' dir='ltr'>cathedram</span> <span class='ocrx_word' id='word_1_277' title='bbox 555 2263 838 2334; x_wconf 68' lang='lat' dir='ltr'>magdeburgensem,</span> <span class='ocrx_word' id='word_1_278' title='bbox 864 2263 1000 2333; x_wconf 88' lang='lat' dir='ltr'>predicto</span> <span class='ocrx_word' id='word_1_279' title='bbox 1055 2266 1498 2338; x_wconf 81' lang='lat' dir='ltr'>dicensapertisuntoculiejus</span> <span class='ocrx_word' id='word_1_280' title='bbox 1516 2271 1544 2321; x_wconf 89' lang='lat' dir='ltr'>et</span> <span class='ocrx_word' id='word_1_281' title='bbox 1567 2266 1639 2322; x_wconf 90' lang='lat' dir='ltr'>vidit</span> <span class='ocrx_word' id='word_1_282' title='bbox 1663 2267 1808 2337; x_wconf 87' lang='lat' dir='ltr'>gloriosos</span> <span class='ocrx_word' id='word_1_283' title='bbox 1827 2285 1899 2326; x_wconf 85' lang='lat' dir='ltr'>mar·</span> 
     </span>
     <span class='ocr_line' id='line_1_24' title="bbox 154 2351 1897 2428; baseline 0.001 -17"><span class='ocrx_word' id='word_1_284' title='bbox 154 2357 232 2428; x_wconf 84' lang='lat' dir='ltr'>Rege</span> <span class='ocrx_word' id='word_1_285' title='bbox 248 2355 276 2410; x_wconf 94' lang='lat' dir='ltr'>id</span> <span class='ocrx_word' id='word_1_286' title='bbox 292 2353 445 2421; x_wconf 86' lang='lat' dir='ltr'>alliciente,</span> <span class='ocrx_word' id='word_1_287' title='bbox 473 2355 693 2423; x_wconf 87' lang='lat' dir='ltr'>preponeretur</span> <span class='ocrx_word' id='word_1_288' title='bbox 720 2351 789 2420; x_wconf 76' lang='lat'><strong>(45).</strong></span> <span class='ocrx_word' id='word_1_289' title='bbox 815 2351 930 2405; x_wconf 81' lang='lat' dir='ltr'>Factum</span> <span class='ocrx_word' id='word_1_290' title='bbox 957 2356 1001 2405; x_wconf 91' lang='lat' dir='ltr'>est</span> <span class='ocrx_word' id='word_1_291' title='bbox 1054 2359 1140 2425; x_wconf 82' lang='lat' dir='ltr'>tyras,</span> <span class='ocrx_word' id='word_1_292' title='bbox 1164 2355 1316 2424; x_wconf 83' lang='lat' dir='ltr'>Georgium</span> <span class='ocrx_word' id='word_1_293' title='bbox 1338 2355 1481 2418; x_wconf 83' lang='lat' dir='ltr'>videlicet,</span> <span class='ocrx_word' id='word_1_294' title='bbox 1510 2353 1707 2423; x_wconf 84' lang='lat' dir='ltr'>Laurentium,</span> <span class='ocrx_word' id='word_1_295' title='bbox 1730 2355 1897 2427; x_wconf 73' lang='lat' dir='ltr'>adrianum,</span> 
     </span>
     <span class='ocr_line' id='line_1_25' title="bbox 153 2437 1898 2514; baseline 0.001 -15"><span class='ocrx_word' id='word_1_296' title='bbox 153 2439 550 2512; x_wconf 88' lang='lat' dir='ltr'>autem,utllerseburgensis</span> <span class='ocrx_word' id='word_1_297' title='bbox 560 2439 739 2510; x_wconf 89' lang='lat' dir='ltr'>episcopatos</span> <span class='ocrx_word' id='word_1_298' title='bbox 747 2437 863 2508; x_wconf 90' lang='lat' dir='ltr'>penitus</span> <span class='ocrx_word' id='word_1_299' title='bbox 875 2437 1002 2493; x_wconf 87' lang='lat' dir='ltr'>destrue·</span> <span class='ocrx_word' id='word_1_300' title='bbox 1055 2458 1121 2497; x_wconf 87' lang='lat' dir='ltr'>eum</span> <span class='ocrx_word' id='word_1_301' title='bbox 1136 2444 1239 2514; x_wconf 85' lang='lat' dir='ltr'>angelo</span> <span class='ocrx_word' id='word_1_302' title='bbox 1254 2442 1442 2513; x_wconf 88' lang='lat' dir='ltr'>percutiente,</span> <span class='ocrx_word' id='word_1_303' title='bbox 1458 2443 1614 2498; x_wconf 86' lang='lat' dir='ltr'>exercitum</span> <span class='ocrx_word' id='word_1_304' title='bbox 1627 2459 1712 2499; x_wconf 89' lang='lat' dir='ltr'>suum</span> <span class='ocrx_word' id='word_1_305' title='bbox 1734 2446 1898 2514; x_wconf 81' lang='lat' dir='ltr'>preceden-</span> 
     </span>
     <span class='ocr_line' id='line_1_26' title="bbox 154 2525 1899 2604; baseline 0.001 -15"><span class='ocrx_word' id='word_1_306' title='bbox 154 2540 246 2602; x_wconf 88' lang='lat' dir='ltr'>retur,</span> <span class='ocrx_word' id='word_1_307' title='bbox 262 2537 291 2586; x_wconf 91' lang='lat' dir='ltr'>et</span> <span class='ocrx_word' id='word_1_308' title='bbox 305 2546 370 2603; x_wconf 85' lang='lat' dir='ltr'>que</span> <span class='ocrx_word' id='word_1_309' title='bbox 384 2529 499 2602; x_wconf 89' lang='lat' dir='ltr'>potiora</span> <span class='ocrx_word' id='word_1_310' title='bbox 510 2534 593 2583; x_wconf 89' lang='lat' dir='ltr'>erant</span> <span class='ocrx_word' id='word_1_311' title='bbox 603 2527 680 2582; x_wconf 92' lang='lat' dir='ltr'>illius</span> <span class='ocrx_word' id='word_1_312' title='bbox 695 2525 819 2582; x_wconf 88' lang='lat' dir='ltr'>ecclesie</span> <span class='ocrx_word' id='word_1_313' title='bbox 834 2525 864 2581; x_wconf 89' lang='lat' dir='ltr'>in</span> <span class='ocrx_word' id='word_1_314' title='bbox 874 2527 999 2598; x_wconf 87' lang='lat' dir='ltr'>prediis.</span> <span class='ocrx_word' id='word_1_315' title='bbox 1054 2536 1106 2597; x_wconf 86' lang='lat' dir='ltr'>tes,</span> <span class='ocrx_word' id='word_1_316' title='bbox 1120 2536 1149 2585; x_wconf 90' lang='lat' dir='ltr'>et</span> <span class='ocrx_word' id='word_1_317' title='bbox 1168 2531 1295 2585; x_wconf 86' lang='lat' dir='ltr'>bostium</span> <span class='ocrx_word' id='word_1_318' title='bbox 1315 2547 1421 2586; x_wconf 89' lang='lat' dir='ltr'>cuneos</span> <span class='ocrx_word' id='word_1_319' title='bbox 1448 2530 1484 2586; x_wconf 89' lang='lat' dir='ltr'>ad</span> <span class='ocrx_word' id='word_1_320' title='bbox 1507 2531 1606 2603; x_wconf 86' lang='lat' dir='ltr'>togam</span> <span class='ocrx_word' id='word_1_321' title='bbox 1631 2532 1838 2604; x_wconf 86' lang='lat' dir='ltr'>propellentes.</span> <span class='ocrx_word' id='word_1_322' title='bbox 1869 2535 1899 2590; x_wconf 85' lang='lat' dir='ltr'>lit</span> 
     </span>
     <span class='ocr_line' id='line_1_27' title="bbox 152 2613 1900 2694; baseline 0.002 -19"><span class='ocrx_word' id='word_1_323' title='bbox 152 2622 183 2675; x_wconf 92' lang='lat' dir='ltr'>in</span> <span class='ocrx_word' id='word_1_324' title='bbox 203 2618 452 2684; x_wconf 80' lang='lat' dir='ltr'>ministerialibus,</span> <span class='ocrx_word' id='word_1_325' title='bbox 468 2616 498 2671; x_wconf 93' lang='lat' dir='ltr'>in</span> <span class='ocrx_word' id='word_1_326' title='bbox 510 2615 699 2682; x_wconf 85' lang='lat' dir='ltr'>ornamentis,</span> <span class='ocrx_word' id='word_1_327' title='bbox 715 2614 745 2669; x_wconf 91' lang='lat' dir='ltr'>in</span> <span class='ocrx_word' id='word_1_328' title='bbox 765 2613 902 2669; x_wconf 86' lang='lat' dir='ltr'>ditionem</span> <span class='ocrx_word' id='word_1_329' title='bbox 922 2615 1000 2685; x_wconf 90' lang='lat' dir='ltr'>llag·</span> <span class='ocrx_word' id='word_1_330' title='bbox 1028 2618 1281 2675; x_wconf 61' lang='lat' dir='ltr'>‘sicutexercitus</span> <span class='ocrx_word' id='word_1_331' title='bbox 1305 2618 1498 2675; x_wconf 86' lang='lat' dir='ltr'>Sennacherib</span> <span class='ocrx_word' id='word_1_332' title='bbox 1527 2619 1563 2675; x_wconf 89' lang='lat' dir='ltr'>ab</span> <span class='ocrx_word' id='word_1_333' title='bbox 1592 2621 1695 2691; x_wconf 89' lang='lat' dir='ltr'>angelo</span> <span class='ocrx_word' id='word_1_334' title='bbox 1722 2623 1900 2694; x_wconf 87' lang='lat' dir='ltr'>percutiente</span> 
     </span>
     <span class='ocr_line' id='line_1_28' title="bbox 153 2703 1900 2780; baseline 0.002 -16"><span class='ocrx_word' id='word_1_335' title='bbox 153 2708 343 2780; x_wconf 90' lang='lat' dir='ltr'>deburgensis</span> <span class='ocrx_word' id='word_1_336' title='bbox 366 2705 507 2762; x_wconf 74' lang='lat' dir='ltr'>aecclesie</span> <span class='ocrx_word' id='word_1_337' title='bbox 529 2704 763 2769; x_wconf 82' lang='lat' dir='ltr'>transferrentur,</span> <span class='ocrx_word' id='word_1_338' title='bbox 776 2707 805 2757; x_wconf 91' lang='lat' dir='ltr'>et</span> <span class='ocrx_word' id='word_1_339' title='bbox 832 2703 868 2758; x_wconf 93' lang='lat' dir='ltr'>de</span> <span class='ocrx_word' id='word_1_340' title='bbox 895 2703 999 2775; x_wconf 88' lang='lat' dir='ltr'>quibus</span> <span class='ocrx_word' id='word_1_341' title='bbox 1054 2707 1248 2763; x_wconf 87' lang='lat' dir='ltr'>contritusest</span> <span class='ocrx_word' id='word_1_342' title='bbox 1266 2713 1295 2763; x_wconf 88' lang='lat' dir='ltr'>et</span> <span class='ocrx_word' id='word_1_343' title='bbox 1308 2708 1407 2779; x_wconf 87' lang='lat' dir='ltr'>periit;</span> <span class='ocrx_word' id='word_1_344' title='bbox 1424 2707 1464 2763; x_wconf 89' lang='lat' dir='ltr'>ita</span> <span class='ocrx_word' id='word_1_345' title='bbox 1478 2713 1507 2763; x_wconf 92' lang='lat' dir='ltr'>et</span> <span class='ocrx_word' id='word_1_346' title='bbox 1520 2709 1614 2763; x_wconf 91' lang='lat' dir='ltr'>omnis</span> <span class='ocrx_word' id='word_1_347' title='bbox 1639 2708 1833 2766; x_wconf 88' lang='lat' dir='ltr'>barbarorum</span> <span class='ocrx_word' id='word_1_348' title='bbox 1846 2711 1900 2767; x_wconf 86' lang='lat' dir='ltr'>ists</span> 
     </span>
     <span class='ocr_line' id='line_1_29' title="bbox 152 2791 1899 2869; baseline 0.001 -16"><span class='ocrx_word' id='word_1_349' title='bbox 152 2796 284 2869; x_wconf 85' lang='lat' dir='ltr'>reliquiis</span> <span class='ocrx_word' id='word_1_350' title='bbox 313 2794 537 2868; x_wconf 89' lang='lat' dir='ltr'>possessionum,</span> <span class='ocrx_word' id='word_1_351' title='bbox 567 2808 632 2864; x_wconf 87' lang='lat' dir='ltr'>que</span> <span class='ocrx_word' id='word_1_352' title='bbox 660 2791 826 2862; x_wconf 74' lang='lat' dir='ltr'>heresburg</span> <span class='ocrx_word' id='word_1_353' title='bbox 857 2806 1000 2848; x_wconf 87' lang='lat' dir='ltr'>remanse-</span> <span class='ocrx_word' id='word_1_354' title='bbox 1053 2794 1207 2850; x_wconf 88' lang='lat' dir='ltr'>multitudo</span> <span class='ocrx_word' id='word_1_355' title='bbox 1221 2810 1274 2866; x_wconf 88' lang='lat' dir='ltr'>per</span> <span class='ocrx_word' id='word_1_356' title='bbox 1289 2794 1423 2849; x_wconf 84' lang='lat' dir='ltr'>virtutem</span> <span class='ocrx_word' id='word_1_357' title='bbox 1439 2794 1489 2850; x_wconf 81' lang='lat' dir='ltr'>lici</span> <span class='ocrx_word' id='word_1_358' title='bbox 1502 2796 1670 2862; x_wconf 85' lang='lat' dir='ltr'>conterrita,</span> <span class='ocrx_word' id='word_1_359' title='bbox 1690 2796 1828 2868; x_wconf 88' lang='lat' dir='ltr'>projectis</span> <span class='ocrx_word' id='word_1_360' title='bbox 1855 2815 1899 2854; x_wconf 86' lang='lat' dir='ltr'>ar·</span> 
     </span>
     <span class='ocr_line' id='line_1_30' title="bbox 152 2877 1899 2959; baseline 0.002 -21"><span class='ocrx_word' id='word_1_361' title='bbox 152 2889 227 2950; x_wconf 88' lang='lat' dir='ltr'>rant,</span> <span class='ocrx_word' id='word_1_362' title='bbox 242 2882 356 2938; x_wconf 90' lang='lat' dir='ltr'>abbatia</span> <span class='ocrx_word' id='word_1_363' title='bbox 383 2881 455 2936; x_wconf 91' lang='lat' dir='ltr'>inibi</span> <span class='ocrx_word' id='word_1_364' title='bbox 473 2884 698 2935; x_wconf 89' lang='lat' dir='ltr'>construeretur.</span> <span class='ocrx_word' id='word_1_365' title='bbox 727 2877 810 2944; x_wconf 83' lang='lat' dir='ltr'>Quod</span> <span class='ocrx_word' id='word_1_366' title='bbox 828 2879 934 2935; x_wconf 86' lang='lat' dir='ltr'>lactum</span> <span class='ocrx_word' id='word_1_367' title='bbox 950 2896 998 2935; x_wconf 94' lang='lat' dir='ltr'>us·</span> <span class='ocrx_word' id='word_1_368' title='bbox 1053 2883 1109 2938; x_wconf 90' lang='lat' dir='ltr'>mis</span> <span class='ocrx_word' id='word_1_369' title='bbox 1132 2883 1194 2938; x_wconf 91' lang='lat' dir='ltr'>sine</span> <span class='ocrx_word' id='word_1_370' title='bbox 1221 2882 1362 2938; x_wconf 81' lang='lat' dir='ltr'>allusione</span> <span class='ocrx_word' id='word_1_371' title='bbox 1390 2882 1538 2954; x_wconf 86' lang='lat' dir='ltr'>sanguinis</span> <span class='ocrx_word' id='word_1_372' title='bbox 1563 2882 1802 2954; x_wconf 81' lang='lat' dir='ltr'>Christianorum,</span> <span class='ocrx_word' id='word_1_373' title='bbox 1825 2886 1899 2959; x_wconf 74' lang='lat' dir='ltr'>iuge</span> 
     </span>
     <span class='ocr_line' id='line_1_31' title="bbox 152 2965 1898 3043; baseline 0.003 -18"><span class='ocrx_word' id='word_1_374' title='bbox 152 2986 209 3042; x_wconf 87' lang='lat' dir='ltr'>qne</span> <span class='ocrx_word' id='word_1_375' title='bbox 223 2969 260 3025; x_wconf 90' lang='lat' dir='ltr'>ad</span> <span class='ocrx_word' id='word_1_376' title='bbox 283 2975 398 3040; x_wconf 91' lang='lat' dir='ltr'>tempus</span> <span class='ocrx_word' id='word_1_377' title='bbox 411 2968 453 3040; x_wconf 94' lang='lat' dir='ltr'>pii</span> <span class='ocrx_word' id='word_1_378' title='bbox 480 2967 651 3022; x_wconf 83' lang='lat' dir='ltr'>contessoris</span> <span class='ocrx_word' id='word_1_379' title='bbox 674 2965 787 3021; x_wconf 76' lang='lat' dir='ltr'>hennei</span> <span class='ocrx_word' id='word_1_380' title='bbox 811 2965 998 3023; x_wconf 88' lang='lat' dir='ltr'>immutatum</span> <span class='ocrx_word' id='word_1_381' title='bbox 1013 2975 1034 3031; x_wconf 87' lang='lat' dir='ltr'>c</span> <span class='ocrx_word' id='word_1_382' title='bbox 1052 2970 1221 3043; x_wconf 73' lang='lat' dir='ltr'>presidium</span> <span class='ocrx_word' id='word_1_383' title='bbox 1245 2971 1385 3043; x_wconf 79' lang='lat' dir='ltr'>quesivit.</span> <span class='ocrx_word' id='word_1_384' title='bbox 1413 2971 1476 3036; x_wconf 86' lang='lat' dir='ltr'>Ouo</span> <span class='ocrx_word' id='word_1_385' title='bbox 1492 2970 1553 3027; x_wconf 85' lang='lat' dir='ltr'>viso</span> <span class='ocrx_word' id='word_1_386' title='bbox 1571 2973 1628 3028; x_wconf 83' lang='lat' dir='ltr'>ilex</span> <span class='ocrx_word' id='word_1_387' title='bbox 1654 2978 1782 3041; x_wconf 90' lang='lat' dir='ltr'>sanctus,</span> <span class='ocrx_word' id='word_1_388' title='bbox 1808 2975 1898 3030; x_wconf 82' lang='lat' dir='ltr'>elers-</span> 
     </span>
     <span class='ocr_line' id='line_1_32' title="bbox 152 3054 1899 3131; baseline 0.003 -17"><span class='ocrx_word' id='word_1_389' title='bbox 152 3056 320 3131; x_wconf 88' lang='lat' dir='ltr'>permansit.</span> <span class='ocrx_word' id='word_1_390' title='bbox 335 3057 406 3114; x_wconf 84' lang='lat' dir='ltr'>Cum</span> <span class='ocrx_word' id='word_1_391' title='bbox 420 3061 518 3112; x_wconf 84' lang='lat' dir='ltr'>autem</span> <span class='ocrx_word' id='word_1_392' title='bbox 533 3054 693 3110; x_wconf 78' lang='lat' dir='ltr'>convocatis</span> <span class='ocrx_word' id='word_1_393' title='bbox 715 3054 792 3109; x_wconf 88' lang='lat' dir='ltr'>idem</span> <span class='ocrx_word' id='word_1_394' title='bbox 807 3055 868 3110; x_wconf 84' lang='lat' dir='ltr'>Rex</span> <span class='ocrx_word' id='word_1_395' title='bbox 892 3055 998 3111; x_wconf 89' lang='lat' dir='ltr'>Princi·</span> <span class='ocrx_word' id='word_1_396' title='bbox 1053 3059 1189 3115; x_wconf 90' lang='lat' dir='ltr'>tisoculie</span> <span class='ocrx_word' id='word_1_397' title='bbox 1203 3063 1232 3114; x_wconf 87' lang='lat' dir='ltr'>et</span> <span class='ocrx_word' id='word_1_398' title='bbox 1245 3061 1379 3115; x_wconf 88' lang='lat' dir='ltr'>manibus</span> <span class='ocrx_word' id='word_1_399' title='bbox 1392 3060 1423 3114; x_wconf 91' lang='lat' dir='ltr'>in</span> <span class='ocrx_word' id='word_1_400' title='bbox 1448 3061 1561 3129; x_wconf 85' lang='lat' dir='ltr'>coelum,</span> <span class='ocrx_word' id='word_1_401' title='bbox 1577 3059 1723 3117; x_wconf 86' lang='lat' dir='ltr'>benedixit</span> <span class='ocrx_word' id='word_1_402' title='bbox 1751 3062 1811 3118; x_wconf 83' lang='lat' dir='ltr'>lieo</span> <span class='ocrx_word' id='word_1_403' title='bbox 1836 3062 1899 3120; x_wconf 81' lang='lat' dir='ltr'>celi</span> 
     </span>
     <span class='ocr_line' id='line_1_33' title="bbox 152 3141 1897 3223; baseline 0.005 -23"><span class='ocrx_word' id='word_1_404' title='bbox 152 3145 238 3218; x_wconf 90' lang='lat' dir='ltr'>pibus</span> <span class='ocrx_word' id='word_1_405' title='bbox 255 3145 337 3216; x_wconf 90' lang='lat' dir='ltr'>regni</span> <span class='ocrx_word' id='word_1_406' title='bbox 361 3144 408 3199; x_wconf 91' lang='lat' dir='ltr'>sui</span> <span class='ocrx_word' id='word_1_407' title='bbox 434 3143 639 3215; x_wconf 80' lang='lat' dir='ltr'>Ouendelburg</span> <span class='ocrx_word' id='word_1_408' title='bbox 665 3141 775 3198; x_wconf 87' lang='lat' dir='ltr'>curiam</span> <span class='ocrx_word' id='word_1_409' title='bbox 803 3142 995 3199; x_wconf 76' lang='lat' dir='ltr'>celebrasset:</span> <span class='ocrx_word' id='word_1_410' title='bbox 1052 3151 1081 3202; x_wconf 90' lang='lat' dir='ltr'>et</span> <span class='ocrx_word' id='word_1_411' title='bbox 1092 3147 1156 3203; x_wconf 89' lang='lat' dir='ltr'>ait:</span> <span class='ocrx_word' id='word_1_412' title='bbox 1182 3147 1332 3215; x_wconf 90' lang='lat' dir='ltr'>Benedico,</span> <span class='ocrx_word' id='word_1_413' title='bbox 1350 3149 1409 3204; x_wconf 84' lang='lat' dir='ltr'>ilex</span> <span class='ocrx_word' id='word_1_414' title='bbox 1430 3148 1494 3204; x_wconf 87' lang='lat' dir='ltr'>coeli</span> <span class='ocrx_word' id='word_1_415' title='bbox 1515 3155 1545 3205; x_wconf 92' lang='lat' dir='ltr'>et</span> <span class='ocrx_word' id='word_1_416' title='bbox 1573 3153 1668 3217; x_wconf 85' lang='lat' dir='ltr'>terre,</span> <span class='ocrx_word' id='word_1_417' title='bbox 1693 3150 1745 3222; x_wconf 90' lang='lat' dir='ltr'>qui</span> <span class='ocrx_word' id='word_1_418' title='bbox 1767 3151 1897 3223; x_wconf 87' lang='lat' dir='ltr'>superbis</span> 
     </span>
     <span class='ocr_line' id='line_1_34' title="bbox 152 3218 1898 3309; baseline 0.005 -21"><span class='ocrx_word' id='word_1_419' title='bbox 152 3233 293 3289; x_wconf 81' lang='lat' dir='ltr'>universis</span> <span class='ocrx_word' id='word_1_420' title='bbox 307 3234 338 3289; x_wconf 91' lang='lat' dir='ltr'>in</span> <span class='ocrx_word' id='word_1_421' title='bbox 352 3232 382 3288; x_wconf 92' lang='lat' dir='ltr'>id</span> <span class='ocrx_word' id='word_1_422' title='bbox 396 3233 492 3304; x_wconf 90' lang='lat' dir='ltr'>ipsum</span> <span class='ocrx_word' id='word_1_423' title='bbox 519 3231 776 3299; x_wconf 86' lang='lat' dir='ltr'>consentientibus,</span> <span class='ocrx_word' id='word_1_424' title='bbox 806 3230 953 3288; x_wconf 89' lang='lat' dir='ltr'>Poloniam</span> <span class='ocrx_word' id='word_1_425' title='bbox 969 3238 998 3290; x_wconf 89' lang='lat' dir='ltr'>et</span> <span class='ocrx_word' id='word_1_426' title='bbox 1050 3234 1197 3291; x_wconf 88' lang='lat' dir='ltr'>resistiset</span> <span class='ocrx_word' id='word_1_427' title='bbox 1219 3235 1377 3291; x_wconf 85' lang='lat' dir='ltr'>humilibus</span> <span class='ocrx_word' id='word_1_428' title='bbox 1392 3218 1596 3308; x_wconf 78' lang='lat' dir='ltr'>des&#39;gratiam:</span> <span class='ocrx_word' id='word_1_429' title='bbox 1626 3237 1677 3309; x_wconf 85' lang='lat' dir='ltr'>qrri</span> <span class='ocrx_word' id='word_1_430' title='bbox 1702 3239 1830 3295; x_wconf 89' lang='lat' dir='ltr'>custodis</span> <span class='ocrx_word' id='word_1_431' title='bbox 1857 3239 1898 3295; x_wconf 89' lang='lat' dir='ltr'>di·</span> 
     </span>
     <span class='ocr_line' id='line_1_35' title="bbox 151 3320 1897 3400; baseline 0.004 -23"><span class='ocrx_word' id='word_1_432' title='bbox 151 3322 310 3389; x_wconf 75' lang='lat' dir='ltr'>boemiam,</span> <span class='ocrx_word' id='word_1_433' title='bbox 326 3326 501 3393; x_wconf 81' lang='lat' dir='ltr'>caeterasque</span> <span class='ocrx_word' id='word_1_434' title='bbox 520 3321 685 3376; x_wconf 87' lang='lat' dir='ltr'>Sclarorum</span> <span class='ocrx_word' id='word_1_435' title='bbox 714 3320 875 3391; x_wconf 82' lang='lat' dir='ltr'>adjacentes</span> <span class='ocrx_word' id='word_1_436' title='bbox 900 3322 996 3395; x_wconf 87' lang='lat' dir='ltr'>regio·</span> <span class='ocrx_word' id='word_1_437' title='bbox 1050 3323 1172 3395; x_wconf 87' lang='lat' dir='ltr'>ligantes</span> <span class='ocrx_word' id='word_1_438' title='bbox 1191 3330 1219 3379; x_wconf 88' lang='lat' dir='ltr'>te</span> <span class='ocrx_word' id='word_1_439' title='bbox 1238 3330 1267 3380; x_wconf 91' lang='lat' dir='ltr'>et</span> <span class='ocrx_word' id='word_1_440' title='bbox 1291 3324 1467 3396; x_wconf 89' lang='lat' dir='ltr'>glorificatus</span> <span class='ocrx_word' id='word_1_441' title='bbox 1496 3341 1527 3380; x_wconf 88' lang='lat' dir='ltr'>es</span> <span class='ocrx_word' id='word_1_442' title='bbox 1547 3325 1578 3381; x_wconf 90' lang='lat' dir='ltr'>in</span> <span class='ocrx_word' id='word_1_443' title='bbox 1606 3326 1753 3398; x_wconf 87' lang='lat' dir='ltr'>gentibus,</span> <span class='ocrx_word' id='word_1_444' title='bbox 1779 3333 1897 3400; x_wconf 84' lang='lat' dir='ltr'>propter</span> 
     </span>
     <span class='ocr_line' id='line_1_36' title="bbox 153 3405 1896 3486; baseline 0.004 -23"><span class='ocrx_word' id='word_1_445' title='bbox 153 3425 293 3481; x_wconf 65' lang='lat' dir='ltr'>aesque</span> <span class='ocrx_word' id='word_1_446' title='bbox 318 3409 391 3465; x_wconf 90' lang='lat' dir='ltr'>tlaes</span> <span class='ocrx_word' id='word_1_447' title='bbox 421 3407 505 3480; x_wconf 87' lang='lat' dir='ltr'>regni</span> <span class='ocrx_word' id='word_1_448' title='bbox 520 3408 564 3463; x_wconf 91' lang='lat' dir='ltr'>sni</span> <span class='ocrx_word' id='word_1_449' title='bbox 591 3406 751 3477; x_wconf 79' lang='lat' dir='ltr'>vastabant,</span> <span class='ocrx_word' id='word_1_450' title='bbox 774 3406 918 3463; x_wconf 91' lang='lat' dir='ltr'>debellare</span> <span class='ocrx_word' id='word_1_451' title='bbox 941 3405 997 3463; x_wconf 92' lang='lat' dir='ltr'>dis·</span> <span class='ocrx_word' id='word_1_452' title='bbox 1049 3412 1146 3468; x_wconf 88' lang='lat' dir='ltr'>datam</span> <span class='ocrx_word' id='word_1_453' title='bbox 1160 3412 1243 3468; x_wconf 90' lang='lat' dir='ltr'>nobis</span> <span class='ocrx_word' id='word_1_454' title='bbox 1258 3412 1293 3468; x_wconf 92' lang='lat' dir='ltr'>de</span> <span class='ocrx_word' id='word_1_455' title='bbox 1303 3413 1374 3468; x_wconf 92' lang='lat' dir='ltr'>coelo</span> <span class='ocrx_word' id='word_1_456' title='bbox 1388 3413 1550 3470; x_wconf 81' lang='lat' dir='ltr'>victoriam.</span> <span class='ocrx_word' id='word_1_457' title='bbox 1570 3414 1656 3469; x_wconf 85' lang='lat' dir='ltr'>Victis</span> <span class='ocrx_word' id='word_1_458' title='bbox 1668 3430 1738 3486; x_wconf 89' lang='lat' dir='ltr'>ergo</span> <span class='ocrx_word' id='word_1_459' title='bbox 1769 3415 1896 3472; x_wconf 70' lang='lat' dir='ltr'>mrbaris</span> 
     </span>
     <span class='ocr_line' id='line_1_37' title="bbox 149 3498 1894 3575; baseline 0.003 -22"><span class='ocrx_word' id='word_1_460' title='bbox 149 3498 258 3569; x_wconf 89' lang='lat' dir='ltr'>posuit.</span> <span class='ocrx_word' id='word_1_461' title='bbox 1050 3505 1078 3555; x_wconf 91' lang='lat' dir='ltr'>et</span> <span class='ocrx_word' id='word_1_462' title='bbox 1092 3515 1156 3572; x_wconf 85' lang='lat' dir='ltr'>que</span> <span class='ocrx_word' id='word_1_463' title='bbox 1171 3501 1206 3556; x_wconf 86' lang='lat' dir='ltr'>ad</span> <span class='ocrx_word' id='word_1_464' title='bbox 1222 3501 1349 3556; x_wconf 85' lang='lat' dir='ltr'>futuram</span> <span class='ocrx_word' id='word_1_465' title='bbox 1365 3517 1465 3572; x_wconf 83' lang='lat' dir='ltr'>pacem</span> <span class='ocrx_word' id='word_1_466' title='bbox 1491 3502 1628 3572; x_wconf 86' lang='lat' dir='ltr'>prodesse</span> <span class='ocrx_word' id='word_1_467' title='bbox 1642 3507 1777 3575; x_wconf 87' lang='lat' dir='ltr'>poterant</span> <span class='ocrx_word' id='word_1_468' title='bbox 1790 3504 1894 3561; x_wconf 83' lang='lat' dir='ltr'>firmis·</span> 
     </span>
    </p>

    <p class='ocr_par' dir='ltr' id='par_1_5' title="bbox 142 3581 1935 4899">
     <span class='ocr_line' id='line_1_38' title="bbox 187 3581 1894 3659; baseline 0.006 -22"><span class='ocrx_word' id='word_1_469' title='bbox 187 3589 213 3641; x_wconf 85' lang='lat'>5.</span> <span class='ocrx_word' id='word_1_470' title='bbox 227 3585 405 3657; x_wconf 81' lang='lat' dir='ltr'>Congregato</span> <span class='ocrx_word' id='word_1_471' title='bbox 428 3581 528 3654; x_wconf 87' lang='lat' dir='ltr'>itaque</span> <span class='ocrx_word' id='word_1_472' title='bbox 557 3581 692 3649; x_wconf 89' lang='lat' dir='ltr'>exercitu,</span> <span class='ocrx_word' id='word_1_473' title='bbox 721 3585 818 3637; x_wconf 88' lang='lat' dir='ltr'>contra</span> <span class='ocrx_word' id='word_1_474' title='bbox 845 3582 995 3655; x_wconf 86' lang='lat' dir='ltr'>predictas</span> <span class='ocrx_word' id='word_1_475' title='bbox 1049 3587 1123 3644; x_wconf 87' lang='lat' dir='ltr'>sime</span> <span class='ocrx_word' id='word_1_476' title='bbox 1138 3588 1268 3659; x_wconf 88' lang='lat' dir='ltr'>pactione</span> <span class='ocrx_word' id='word_1_477' title='bbox 1284 3589 1427 3655; x_wconf 91' lang='lat' dir='ltr'>stabilitis,</span> <span class='ocrx_word' id='word_1_478' title='bbox 1444 3589 1605 3645; x_wconf 76' lang='lat' dir='ltr'>virbeatus</span> <span class='ocrx_word' id='word_1_479' title='bbox 1630 3605 1697 3646; x_wconf 89' lang='lat' dir='ltr'>cum</span> <span class='ocrx_word' id='word_1_480' title='bbox 1720 3591 1827 3648; x_wconf 85' lang='lat' dir='ltr'>suisio</span> <span class='ocrx_word' id='word_1_481' title='bbox 1845 3608 1894 3648; x_wconf 85' lang='lat' dir='ltr'>sua</span> 
     </span>
     <span class='ocr_line' id='line_1_39' title="bbox 150 3669 1891 3750; baseline 0.005 -21"><span class='ocrx_word' id='word_1_482' title='bbox 150 3673 282 3729; x_wconf 89' lang='lat' dir='ltr'>nationes</span> <span class='ocrx_word' id='word_1_483' title='bbox 308 3672 401 3728; x_wconf 91' lang='lat' dir='ltr'>aciem</span> <span class='ocrx_word' id='word_1_484' title='bbox 426 3670 540 3726; x_wconf 78' lang='lat' dir='ltr'>direxit.</span> <span class='ocrx_word' id='word_1_485' title='bbox 569 3671 603 3725; x_wconf 86' lang='lat' dir='ltr'>lit</span> <span class='ocrx_word' id='word_1_486' title='bbox 629 3669 736 3725; x_wconf 87' lang='lat' dir='ltr'>iaciens</span> <span class='ocrx_word' id='word_1_487' title='bbox 764 3670 916 3727; x_wconf 88' lang='lat' dir='ltr'>transitum</span> <span class='ocrx_word' id='word_1_488' title='bbox 942 3686 995 3743; x_wconf 90' lang='lat' dir='ltr'>per</span> <span class='ocrx_word' id='word_1_489' title='bbox 1048 3677 1362 3749; x_wconf 82' lang='lat' dir='ltr'>redieruntcumpaee,</span> <span class='ocrx_word' id='word_1_490' title='bbox 1389 3677 1584 3748; x_wconf 85' lang='lat' dir='ltr'>glorificantes</span> <span class='ocrx_word' id='word_1_491' title='bbox 1592 3683 1620 3735; x_wconf 90' lang='lat' dir='ltr'>et</span> <span class='ocrx_word' id='word_1_492' title='bbox 1630 3679 1780 3736; x_wconf 87' lang='lat' dir='ltr'>laudantes</span> <span class='ocrx_word' id='word_1_493' title='bbox 1793 3681 1891 3750; x_wconf 69' lang='lat' dir='ltr'>Danau</span> 
     </span>
     <span class='ocr_line' id='line_1_40' title="bbox 149 3758 1935 3837; baseline -0.003 -19"><span class='ocrx_word' id='word_1_494' title='bbox 149 3763 255 3830; x_wconf 84' lang='lat' dir='ltr'>locum,</span> <span class='ocrx_word' id='word_1_495' title='bbox 271 3760 323 3833; x_wconf 86' lang='lat' dir='ltr'>qui</span> <span class='ocrx_word' id='word_1_496' title='bbox 339 3759 473 3814; x_wconf 79' lang='lat' dir='ltr'>walbech</span> <span class='ocrx_word' id='word_1_497' title='bbox 484 3759 537 3831; x_wconf 72' lang='lat'>(46)</span> <span class='ocrx_word' id='word_1_498' title='bbox 553 3758 666 3826; x_wconf 78' lang='lat' dir='ltr'>dicitur,</span> <span class='ocrx_word' id='word_1_499' title='bbox 683 3758 811 3829; x_wconf 77' lang='lat' dir='ltr'>gladium</span> <span class='ocrx_word' id='word_1_500' title='bbox 827 3758 918 3814; x_wconf 76' lang='lat' dir='ltr'>sancti</span> <span class='ocrx_word' id='word_1_501' title='bbox 933 3759 994 3815; x_wconf 79' lang='lat' dir='ltr'>hd·</span> <span class='ocrx_word' id='word_1_502' title='bbox 1049 3765 1099 3837; x_wconf 80' lang='lat' dir='ltr'>qui</span> <span class='ocrx_word' id='word_1_503' title='bbox 1113 3766 1204 3821; x_wconf 79' lang='lat' dir='ltr'>sulvat</span> <span class='ocrx_word' id='word_1_504' title='bbox 1218 3770 1365 3837; x_wconf 78' lang='lat' dir='ltr'>sperantes</span> <span class='ocrx_word' id='word_1_505' title='bbox 1375 3766 1405 3821; x_wconf 83' lang='lat' dir='ltr'>in</span> <span class='ocrx_word' id='word_1_506' title='bbox 1418 3782 1459 3822; x_wconf 80' lang='lat' dir='ltr'>se,</span> <span class='ocrx_word' id='word_1_507' title='bbox 1931 3792 1935 3821; x_wconf 67' lang='grc' dir='ltr'>Ι</span> 
     </span>
     <span class='ocr_line' id='line_1_41' title="bbox 148 3846 1935 3927; baseline 0.003 -19"><span class='ocrx_word' id='word_1_508' title='bbox 148 3851 222 3908; x_wconf 90' lang='lat' dir='ltr'>riani</span> <span class='ocrx_word' id='word_1_509' title='bbox 238 3848 381 3922; x_wconf 73' lang='lat' dir='ltr'>martyris,</span> <span class='ocrx_word' id='word_1_510' title='bbox 397 3848 447 3921; x_wconf 89' lang='lat' dir='ltr'>qui</span> <span class='ocrx_word' id='word_1_511' title='bbox 458 3863 511 3919; x_wconf 91' lang='lat' dir='ltr'>pro</span> <span class='ocrx_word' id='word_1_512' title='bbox 532 3846 651 3920; x_wconf 88' lang='lat' dir='ltr'>reliquis</span> <span class='ocrx_word' id='word_1_513' title='bbox 677 3847 768 3902; x_wconf 81' lang='lat' dir='ltr'>mirlto</span> <span class='ocrx_word' id='word_1_514' title='bbox 794 3851 924 3920; x_wconf 89' lang='lat' dir='ltr'>tempore</span> <span class='ocrx_word' id='word_1_515' title='bbox 953 3847 994 3903; x_wconf 89' lang='lat' dir='ltr'>ibi</span> <span class='ocrx_word' id='word_1_516' title='bbox 1084 3859 1110 3909; x_wconf 80' lang='lat'>7.</span> <span class='ocrx_word' id='word_1_517' title='bbox 1131 3855 1260 3927; x_wconf 86' lang='lat' dir='ltr'>Cumque</span> <span class='ocrx_word' id='word_1_518' title='bbox 1287 3854 1544 3910; x_wconf 80' lang='lat' dir='ltr'>christianissimus</span> <span class='ocrx_word' id='word_1_519' title='bbox 1572 3871 1622 3912; x_wconf 89' lang='lat' dir='ltr'>rex</span> <span class='ocrx_word' id='word_1_520' title='bbox 1638 3856 1799 3926; x_wconf 80' lang='lat' dir='ltr'>Poloniam,</span> <span class='ocrx_word' id='word_1_521' title='bbox 1825 3858 1891 3914; x_wconf 83' lang='lat' dir='ltr'>liae·</span> <span class='ocrx_word' id='word_1_522' title='bbox 1929 3876 1935 3911; x_wconf 85' lang='grc' dir='ltr'>ι</span> 
     </span>
     <span class='ocr_line' id='line_1_42' title="bbox 147 3935 1891 4012; baseline 0.003 -15"><span class='ocrx_word' id='word_1_523' title='bbox 147 3940 325 4006; x_wconf 82' lang='lat' dir='ltr'>serrabatur,</span> <span class='ocrx_word' id='word_1_524' title='bbox 350 3936 468 4008; x_wconf 87' lang='lat' dir='ltr'>accepit.</span> <span class='ocrx_word' id='word_1_525' title='bbox 498 3936 560 4002; x_wconf 84' lang='lat' dir='ltr'>Quo</span> <span class='ocrx_word' id='word_1_526' title='bbox 582 3935 734 4002; x_wconf 88' lang='lat' dir='ltr'>accinctus,</span> <span class='ocrx_word' id='word_1_527' title='bbox 765 3952 798 3990; x_wconf 84' lang='lat' dir='ltr'>es</span> <span class='ocrx_word' id='word_1_528' title='bbox 821 3940 881 3991; x_wconf 91' lang='lat' dir='ltr'>toto</span> <span class='ocrx_word' id='word_1_529' title='bbox 906 3937 993 3993; x_wconf 89' lang='lat' dir='ltr'>corde</span> <span class='ocrx_word' id='word_1_530' title='bbox 1047 3942 1148 4012; x_wconf 88' lang='lat' dir='ltr'>miam,</span> <span class='ocrx_word' id='word_1_531' title='bbox 1176 3943 1331 3999; x_wconf 87' lang='lat' dir='ltr'>lioraviam</span> <span class='ocrx_word' id='word_1_532' title='bbox 1358 3942 1524 3999; x_wconf 89' lang='lat' dir='ltr'>tributarias</span> <span class='ocrx_word' id='word_1_533' title='bbox 1542 3943 1676 4000; x_wconf 89' lang='lat' dir='ltr'>fecisset:</span> <span class='ocrx_word' id='word_1_534' title='bbox 1703 3945 1741 4001; x_wconf 90' lang='lat' dir='ltr'>cb</span> <span class='ocrx_word' id='word_1_535' title='bbox 1765 3962 1891 4003; x_wconf 73' lang='lat' dir='ltr'>rerema-</span> 
     </span>
     <span class='ocr_line' id='line_1_43' title="bbox 147 4022 1935 4102; baseline 0.001 -19"><span class='ocrx_word' id='word_1_536' title='bbox 147 4046 199 4083; x_wconf 88' lang='lat' dir='ltr'>suo</span> <span class='ocrx_word' id='word_1_537' title='bbox 214 4026 349 4083; x_wconf 88' lang='lat' dir='ltr'>clamavit</span> <span class='ocrx_word' id='word_1_538' title='bbox 362 4031 391 4081; x_wconf 90' lang='lat' dir='ltr'>et</span> <span class='ocrx_word' id='word_1_539' title='bbox 402 4024 475 4079; x_wconf 89' lang='lat' dir='ltr'>dixit</span> <span class='ocrx_word' id='word_1_540' title='bbox 488 4042 496 4077; x_wconf 81' lang='lat' dir='ltr'>s</span> <span class='ocrx_word' id='word_1_541' title='bbox 511 4022 611 4079; x_wconf 79' lang='lat' dir='ltr'>iudica</span> <span class='ocrx_word' id='word_1_542' title='bbox 634 4022 754 4078; x_wconf 86' lang='lat' dir='ltr'>Domine</span> <span class='ocrx_word' id='word_1_543' title='bbox 769 4029 906 4079; x_wconf 90' lang='lat' dir='ltr'>nocentes</span> <span class='ocrx_word' id='word_1_544' title='bbox 933 4041 992 4093; x_wconf 88' lang='lat' dir='ltr'>me,</span> <span class='ocrx_word' id='word_1_545' title='bbox 1047 4030 1117 4086; x_wconf 89' lang='lat' dir='ltr'>tiam</span> <span class='ocrx_word' id='word_1_546' title='bbox 1132 4030 1160 4087; x_wconf 90' lang='lat' dir='ltr'>S.</span> <span class='ocrx_word' id='word_1_547' title='bbox 1182 4029 1328 4086; x_wconf 86' lang='lat' dir='ltr'>Laurentii</span> <span class='ocrx_word' id='word_1_548' title='bbox 1351 4029 1496 4102; x_wconf 78' lang='lat' dir='ltr'>martyris,</span> <span class='ocrx_word' id='word_1_549' title='bbox 1521 4031 1770 4089; x_wconf 88' lang='lat' dir='ltr'>conculcationem</span> <span class='ocrx_word' id='word_1_550' title='bbox 1793 4039 1823 4089; x_wconf 91' lang='lat' dir='ltr'>et</span> <span class='ocrx_word' id='word_1_551' title='bbox 1844 4033 1888 4090; x_wconf 90' lang='lat' dir='ltr'>de-</span> <span class='ocrx_word' id='word_1_552' title='bbox 1929 4058 1935 4085; x_wconf 93' lang='lat'>:</span> 
     </span>
     <span class='ocr_line' id='line_1_44' title="bbox 146 4110 1932 4196; baseline 0.003 -24"><span class='ocrx_word' id='word_1_553' title='bbox 146 4131 280 4187; x_wconf 80' lang='lat' dir='ltr'>expugna</span> <span class='ocrx_word' id='word_1_554' title='bbox 303 4114 506 4184; x_wconf 88' lang='lat' dir='ltr'>impugnantes</span> <span class='ocrx_word' id='word_1_555' title='bbox 537 4127 595 4177; x_wconf 92' lang='lat' dir='ltr'>me,</span> <span class='ocrx_word' id='word_1_556' title='bbox 623 4110 808 4181; x_wconf 86' lang='lat' dir='ltr'>apprehende</span> <span class='ocrx_word' id='word_1_557' title='bbox 848 4126 930 4166; x_wconf 75' lang='lat' dir='ltr'>mma</span> <span class='ocrx_word' id='word_1_558' title='bbox 964 4117 993 4168; x_wconf 91' lang='lat' dir='ltr'>et</span> <span class='ocrx_word' id='word_1_559' title='bbox 1047 4118 1235 4174; x_wconf 89' lang='lat' dir='ltr'>structionem</span> <span class='ocrx_word' id='word_1_560' title='bbox 1271 4118 1514 4189; x_wconf 67' lang='lat' dir='ltr'>merseburgensis</span> <span class='ocrx_word' id='word_1_561' title='bbox 1549 4119 1688 4189; x_wconf 84' lang='lat' dir='ltr'>ecclesie,</span> <span class='ocrx_word' id='word_1_562' title='bbox 1724 4123 1813 4196; x_wconf 83' lang='lat' dir='ltr'>cepit</span> <span class='ocrx_word' id='word_1_563' title='bbox 1845 4122 1887 4195; x_wconf 89' lang='lat' dir='ltr'>pio</span> <span class='ocrx_word' id='word_1_564' title='bbox 1929 4158 1932 4163; x_wconf 93' lang='lat'>-</span> 
     </span>
     <span class='ocr_line' id='line_1_45' title="bbox 147 4197 1935 4279; baseline 0.008 -27"><span class='ocrx_word' id='word_1_565' title='bbox 147 4210 269 4269; x_wconf 63' lang='lat' dir='ltr'>mutum,</span> <span class='ocrx_word' id='word_1_566' title='bbox 287 4207 317 4256; x_wconf 88' lang='lat' dir='ltr'>et</span> <span class='ocrx_word' id='word_1_567' title='bbox 330 4216 437 4271; x_wconf 85' lang='lat' dir='ltr'>exurge</span> <span class='ocrx_word' id='word_1_568' title='bbox 464 4199 495 4253; x_wconf 93' lang='lat' dir='ltr'>in</span> <span class='ocrx_word' id='word_1_569' title='bbox 517 4197 693 4269; x_wconf 85' lang='lat' dir='ltr'>adjutorium</span> <span class='ocrx_word' id='word_1_570' title='bbox 721 4197 803 4253; x_wconf 91' lang='lat' dir='ltr'>mibi.</span> <span class='ocrx_word' id='word_1_571' title='bbox 828 4199 897 4255; x_wconf 92' lang='lat' dir='ltr'>inde</span> <span class='ocrx_word' id='word_1_572' title='bbox 924 4217 991 4272; x_wconf 90' lang='lat' dir='ltr'>pro·</span> <span class='ocrx_word' id='word_1_573' title='bbox 1047 4206 1152 4261; x_wconf 88' lang='lat' dir='ltr'>intuita</span> <span class='ocrx_word' id='word_1_574' title='bbox 1174 4206 1378 4263; x_wconf 72' lang='lat' dir='ltr'>misericordie</span> <span class='ocrx_word' id='word_1_575' title='bbox 1395 4206 1545 4278; x_wconf 88' lang='lat' dir='ltr'>etpietatis</span> <span class='ocrx_word' id='word_1_576' title='bbox 1569 4207 1723 4279; x_wconf 89' lang='lat' dir='ltr'>respicere,</span> <span class='ocrx_word' id='word_1_577' title='bbox 1739 4209 1820 4266; x_wconf 86' lang='lat' dir='ltr'>etad</span> <span class='ocrx_word' id='word_1_578' title='bbox 1847 4208 1886 4266; x_wconf 83' lang='lat' dir='ltr'>ni·</span> <span class='ocrx_word' id='word_1_579' title='bbox 1926 4230 1935 4237; x_wconf 94' lang='lat'>·</span> 
     </span>
     <span class='ocr_line' id='line_1_46' title="bbox 146 4285 1934 4374; baseline 0.004 -27"><span class='ocrx_word' id='word_1_580' title='bbox 146 4295 367 4362; x_wconf 88' lang='lat' dir='ltr'>gressascastra</span> <span class='ocrx_word' id='word_1_581' title='bbox 384 4285 602 4342; x_wconf 88' lang='lat' dir='ltr'>metatnsestin</span> <span class='ocrx_word' id='word_1_582' title='bbox 617 4302 729 4358; x_wconf 91' lang='lat' dir='ltr'>campo,</span> <span class='ocrx_word' id='word_1_583' title='bbox 748 4285 797 4341; x_wconf 90' lang='lat' dir='ltr'>ubi</span> <span class='ocrx_word' id='word_1_584' title='bbox 830 4289 988 4345; x_wconf 87' lang='lat' dir='ltr'>llersebnr-</span> <span class='ocrx_word' id='word_1_585' title='bbox 1005 4320 1027 4374; x_wconf 70' lang='lat' dir='ltr'><strong>D</strong></span> <span class='ocrx_word' id='word_1_586' title='bbox 1047 4293 1139 4349; x_wconf 88' lang='lat' dir='ltr'>hilum</span> <span class='ocrx_word' id='word_1_587' title='bbox 1166 4296 1280 4351; x_wconf 84' lang='lat' dir='ltr'>redacta</span> <span class='ocrx_word' id='word_1_588' title='bbox 1303 4297 1334 4350; x_wconf 92' lang='lat' dir='ltr'>in</span> <span class='ocrx_word' id='word_1_589' title='bbox 1363 4295 1502 4363; x_wconf 90' lang='lat' dir='ltr'>editiciis,</span> <span class='ocrx_word' id='word_1_590' title='bbox 1531 4295 1562 4351; x_wconf 89' lang='lat' dir='ltr'>in</span> <span class='ocrx_word' id='word_1_591' title='bbox 1592 4297 1840 4368; x_wconf 88' lang='lat' dir='ltr'>ministerialibus,</span> <span class='ocrx_word' id='word_1_592' title='bbox 1861 4296 1886 4352; x_wconf 80' lang='lat' dir='ltr'>ia</span> <span class='ocrx_word' id='word_1_593' title='bbox 1924 4324 1934 4352; x_wconf 92' lang='lat'>·.</span> 
     </span>
     <span class='ocr_line' id='line_1_47' title="bbox 146 4374 1935 4453; baseline 0.004 -18"><span class='ocrx_word' id='word_1_594' title='bbox 146 4379 244 4452; x_wconf 88' lang='lat' dir='ltr'>gensis</span> <span class='ocrx_word' id='word_1_595' title='bbox 258 4376 507 4441; x_wconf 85' lang='lat' dir='ltr'>ecclesiasiteest,</span> <span class='ocrx_word' id='word_1_596' title='bbox 523 4381 553 4430; x_wconf 92' lang='lat' dir='ltr'>et</span> <span class='ocrx_word' id='word_1_597' title='bbox 567 4374 667 4429; x_wconf 82' lang='lat' dir='ltr'>ridens</span> <span class='ocrx_word' id='word_1_598' title='bbox 694 4375 789 4431; x_wconf 89' lang='lat' dir='ltr'>locum</span> <span class='ocrx_word' id='word_1_599' title='bbox 817 4376 988 4444; x_wconf 89' lang='lat' dir='ltr'>desolatum,</span> <span class='ocrx_word' id='word_1_600' title='bbox 1044 4382 1228 4438; x_wconf 86' lang='lat' dir='ltr'>secularibus</span> <span class='ocrx_word' id='word_1_601' title='bbox 1252 4382 1488 4453; x_wconf 90' lang='lat' dir='ltr'>possessionibus,</span> <span class='ocrx_word' id='word_1_602' title='bbox 1526 4383 1558 4439; x_wconf 91' lang='lat' dir='ltr'>in</span> <span class='ocrx_word' id='word_1_603' title='bbox 1572 4374 1772 4441; x_wconf 83' lang='lat' dir='ltr'>ecclesiasticis</span> <span class='ocrx_word' id='word_1_604' title='bbox 1807 4401 1886 4442; x_wconf 82' lang='lat' dir='ltr'>oras·</span> <span class='ocrx_word' id='word_1_605' title='bbox 1922 4402 1935 4443; x_wconf 88' lang='grc' dir='ltr'>ι</span> 
     </span>
     <span class='ocr_line' id='line_1_48' title="bbox 146 4463 1935 4547; baseline 0.005 -24"><span class='ocrx_word' id='word_1_606' title='bbox 146 4475 176 4523; x_wconf 89' lang='lat' dir='ltr'>et</span> <span class='ocrx_word' id='word_1_607' title='bbox 199 4468 230 4522; x_wconf 94' lang='lat' dir='ltr'>in</span> <span class='ocrx_word' id='word_1_608' title='bbox 255 4465 378 4521; x_wconf 84' lang='lat' dir='ltr'>nihilum</span> <span class='ocrx_word' id='word_1_609' title='bbox 403 4464 560 4532; x_wconf 87' lang='lat' dir='ltr'>redactum,</span> <span class='ocrx_word' id='word_1_610' title='bbox 588 4463 731 4534; x_wconf 89' lang='lat' dir='ltr'>ingemuit</span> <span class='ocrx_word' id='word_1_611' title='bbox 757 4469 786 4520; x_wconf 90' lang='lat' dir='ltr'>et</span> <span class='ocrx_word' id='word_1_612' title='bbox 813 4464 874 4520; x_wconf 90' lang='lat' dir='ltr'>ait:</span> <span class='ocrx_word' id='word_1_613' title='bbox 904 4468 989 4522; x_wconf 88' lang='lat' dir='ltr'>Beate</span> <span class='ocrx_word' id='word_1_614' title='bbox 1044 4470 1161 4537; x_wconf 91' lang='lat' dir='ltr'>mentis,</span> <span class='ocrx_word' id='word_1_615' title='bbox 1177 4469 1207 4525; x_wconf 91' lang='lat' dir='ltr'>in</span> <span class='ocrx_word' id='word_1_616' title='bbox 1223 4470 1377 4542; x_wconf 88' lang='lat' dir='ltr'>pristinum</span> <span class='ocrx_word' id='word_1_617' title='bbox 1399 4472 1522 4543; x_wconf 88' lang='lat' dir='ltr'>gradum</span> <span class='ocrx_word' id='word_1_618' title='bbox 1545 4473 1715 4544; x_wconf 80' lang='lat' dir='ltr'>pontificalis</span> <span class='ocrx_word' id='word_1_619' title='bbox 1733 4473 1886 4547; x_wconf 79' lang='lat' dir='ltr'>dignitatis,</span> <span class='ocrx_word' id='word_1_620' title='bbox 1924 4490 1935 4533; x_wconf 89' lang='grc'>1</span> 
     </span>
     <span class='ocr_line' id='line_1_49' title="bbox 146 4552 1935 4628; baseline 0.006 -16"><span class='ocrx_word' id='word_1_621' title='bbox 146 4555 280 4612; x_wconf 87' lang='lat' dir='ltr'>Laurenti</span> <span class='ocrx_word' id='word_1_622' title='bbox 297 4560 405 4625; x_wconf 84' lang='lat' dir='ltr'>martyr</span> <span class='ocrx_word' id='word_1_623' title='bbox 419 4552 535 4621; x_wconf 87' lang='lat' dir='ltr'>Christi,</span> <span class='ocrx_word' id='word_1_624' title='bbox 551 4552 576 4606; x_wconf 91' lang='lat' dir='ltr'>si</span> <span class='ocrx_word' id='word_1_625' title='bbox 594 4557 644 4607; x_wconf 91' lang='lat' dir='ltr'>tuo</span> <span class='ocrx_word' id='word_1_626' title='bbox 659 4552 822 4609; x_wconf 88' lang='lat' dir='ltr'>interventu</span> <span class='ocrx_word' id='word_1_627' title='bbox 848 4555 900 4610; x_wconf 88' lang='lat' dir='ltr'>has</span> <span class='ocrx_word' id='word_1_628' title='bbox 922 4555 987 4610; x_wconf 90' lang='lat' dir='ltr'>bar·</span> <span class='ocrx_word' id='word_1_629' title='bbox 1043 4557 1116 4613; x_wconf 90' lang='lat' dir='ltr'>sicut</span> <span class='ocrx_word' id='word_1_630' title='bbox 1132 4559 1188 4614; x_wconf 84' lang='lat' dir='ltr'>lieo</span> <span class='ocrx_word' id='word_1_631' title='bbox 1202 4564 1231 4614; x_wconf 89' lang='lat' dir='ltr'>et</span> <span class='ocrx_word' id='word_1_632' title='bbox 1258 4564 1355 4614; x_wconf 89' lang='lat' dir='ltr'>sancto</span> <span class='ocrx_word' id='word_1_633' title='bbox 1379 4560 1531 4616; x_wconf 79' lang='lat' dir='ltr'>Laurentio</span> <span class='ocrx_word' id='word_1_634' title='bbox 1558 4566 1685 4628; x_wconf 80' lang='lat' dir='ltr'>roserat,</span> <span class='ocrx_word' id='word_1_635' title='bbox 1711 4563 1825 4619; x_wconf 87' lang='lat' dir='ltr'>studuit</span> <span class='ocrx_word' id='word_1_636' title='bbox 1848 4578 1884 4618; x_wconf 81' lang='lat' dir='ltr'>re</span> <span class='ocrx_word' id='word_1_637' title='bbox 1924 4588 1935 4623; x_wconf 84' lang='grc' dir='ltr'>ι</span> 
     </span>
     <span class='ocr_line' id='line_1_50' title="bbox 143 4641 1935 4720; baseline 0.004 -20"><span class='ocrx_word' id='word_1_638' title='bbox 143 4645 229 4701; x_wconf 90' lang='lat' dir='ltr'>baras</span> <span class='ocrx_word' id='word_1_639' title='bbox 243 4644 384 4709; x_wconf 89' lang='lat' dir='ltr'>nationes,</span> <span class='ocrx_word' id='word_1_640' title='bbox 400 4641 435 4697; x_wconf 91' lang='lat' dir='ltr'>ad</span> <span class='ocrx_word' id='word_1_641' title='bbox 450 4657 523 4714; x_wconf 89' lang='lat' dir='ltr'>quas</span> <span class='ocrx_word' id='word_1_642' title='bbox 537 4656 639 4712; x_wconf 88' lang='lat' dir='ltr'>pergo,</span> <span class='ocrx_word' id='word_1_643' title='bbox 656 4641 786 4697; x_wconf 88' lang='lat' dir='ltr'>Romano</span> <span class='ocrx_word' id='word_1_644' title='bbox 796 4641 931 4714; x_wconf 91' lang='lat' dir='ltr'>Imperio,</span> <span class='ocrx_word' id='word_1_645' title='bbox 961 4647 989 4698; x_wconf 89' lang='lat' dir='ltr'>et</span> <span class='ocrx_word' id='word_1_646' title='bbox 1043 4652 1181 4702; x_wconf 87' lang='lat' dir='ltr'>staurare.</span> <span class='ocrx_word' id='word_1_647' title='bbox 1199 4647 1256 4702; x_wconf 85' lang='lat' dir='ltr'>Nec</span> <span class='ocrx_word' id='word_1_648' title='bbox 1266 4647 1347 4718; x_wconf 88' lang='lat' dir='ltr'>prius</span> <span class='ocrx_word' id='word_1_649' title='bbox 1360 4647 1396 4702; x_wconf 89' lang='lat' dir='ltr'>ab</span> <span class='ocrx_word' id='word_1_650' title='bbox 1415 4648 1551 4720; x_wconf 86' lang='lat' dir='ltr'>operibus</span> <span class='ocrx_word' id='word_1_651' title='bbox 1572 4649 1779 4706; x_wconf 83' lang='lat' dir='ltr'>misericordie</span> <span class='ocrx_word' id='word_1_652' title='bbox 1802 4651 1884 4708; x_wconf 86' lang='lat' dir='ltr'>desti·</span> <span class='ocrx_word' id='word_1_653' title='bbox 1923 4675 1935 4713; x_wconf 83' lang='grc' dir='ltr'>ι</span> 
     </span>
     <span class='ocr_line' id='line_1_51' title="bbox 143 4729 1935 4811; baseline 0.005 -22"><span class='ocrx_word' id='word_1_654' title='bbox 143 4732 312 4790; x_wconf 80' lang='lat' dir='ltr'>Christiane</span> <span class='ocrx_word' id='word_1_655' title='bbox 332 4729 466 4803; x_wconf 89' lang='lat' dir='ltr'>religioni</span> <span class='ocrx_word' id='word_1_656' title='bbox 494 4730 697 4800; x_wconf 79' lang='lat' dir='ltr'>subjugavero,</span> <span class='ocrx_word' id='word_1_657' title='bbox 712 4730 789 4785; x_wconf 89' lang='lat' dir='ltr'>banc</span> <span class='ocrx_word' id='word_1_658' title='bbox 815 4731 908 4786; x_wconf 93' lang='lat' dir='ltr'>locum</span> <span class='ocrx_word' id='word_1_659' title='bbox 937 4731 987 4786; x_wconf 88' lang='lat' dir='ltr'>de·</span> <span class='ocrx_word' id='word_1_660' title='bbox 1043 4735 1080 4791; x_wconf 92' lang='lat' dir='ltr'>tit</span> <span class='ocrx_word' id='word_1_661' title='bbox 1092 4736 1281 4808; x_wconf 87' lang='lat' dir='ltr'>quoadusque</span> <span class='ocrx_word' id='word_1_662' title='bbox 1294 4751 1358 4792; x_wconf 88' lang='lat' dir='ltr'>eam</span> <span class='ocrx_word' id='word_1_663' title='bbox 1384 4735 1420 4791; x_wconf 92' lang='lat' dir='ltr'>ed</span> <span class='ocrx_word' id='word_1_664' title='bbox 1441 4736 1592 4809; x_wconf 89' lang='lat' dir='ltr'>antiquam</span> <span class='ocrx_word' id='word_1_665' title='bbox 1607 4741 1713 4793; x_wconf 89' lang='lat' dir='ltr'>statum</span> <span class='ocrx_word' id='word_1_666' title='bbox 1728 4738 1883 4811; x_wconf 78' lang='lat' dir='ltr'>dignitsh&#39;s,</span> <span class='ocrx_word' id='word_1_667' title='bbox 1922 4762 1935 4799; x_wconf 76' lang='lat' dir='ltr'>a</span> 
     </span>
     <span class='ocr_line' id='line_1_52' title="bbox 142 4817 1882 4899; baseline 0.003 -22"><span class='ocrx_word' id='word_1_668' title='bbox 142 4823 267 4878; x_wconf 90' lang='lat' dir='ltr'>solatum</span> <span class='ocrx_word' id='word_1_669' title='bbox 295 4825 346 4876; x_wconf 91' lang='lat' dir='ltr'>tuo</span> <span class='ocrx_word' id='word_1_670' title='bbox 379 4818 489 4875; x_wconf 89' lang='lat' dir='ltr'>nomini</span> <span class='ocrx_word' id='word_1_671' title='bbox 518 4823 724 4885; x_wconf 90' lang='lat' dir='ltr'>consecratum,</span> <span class='ocrx_word' id='word_1_672' title='bbox 753 4817 850 4874; x_wconf 85' lang='lat' dir='ltr'>divina</span> <span class='ocrx_word' id='word_1_673' title='bbox 875 4819 988 4875; x_wconf 82' lang='lat' dir='ltr'>favente</span> <span class='ocrx_word' id='word_1_674' title='bbox 1042 4827 1071 4878; x_wconf 94' lang='lat' dir='ltr'>et</span> <span class='ocrx_word' id='word_1_675' title='bbox 1084 4824 1237 4895; x_wconf 88' lang='lat' dir='ltr'>pristinum</span> <span class='ocrx_word' id='word_1_676' title='bbox 1252 4825 1392 4880; x_wconf 88' lang='lat' dir='ltr'>honorem</span> <span class='ocrx_word' id='word_1_677' title='bbox 1411 4825 1560 4898; x_wconf 85' lang='lat' dir='ltr'>religionis</span> <span class='ocrx_word' id='word_1_678' title='bbox 1577 4842 1610 4882; x_wconf 85' lang='lat' dir='ltr'>er</span> <span class='ocrx_word' id='word_1_679' title='bbox 1637 4826 1753 4897; x_wconf 85' lang='lat' dir='ltr'>integro</span> <span class='ocrx_word' id='word_1_680' title='bbox 1781 4827 1882 4899; x_wconf 86' lang='lat' dir='ltr'>parda·</span> 
     </span>
    </p>
   </div>
   <div class='ocr_carea' id='block_1_3' title="bbox 32 4905 1935 4983">
    <p class='ocr_par' dir='ltr' id='par_1_6' title="bbox 32 4905 1935 4983">
     <span class='ocr_line' id='line_1_53' title="bbox 32 4905 1935 4983; baseline 0.007 -19"><span class='ocrx_word' id='word_1_681' title='bbox 32 4948 34 4950; x_wconf 88' lang='lat'><em>-</em></span> <span class='ocrx_word' id='word_1_682' title='bbox 142 4910 245 4983; x_wconf 91' lang='lat' dir='ltr'>gratia,</span> <span class='ocrx_word' id='word_1_683' title='bbox 271 4909 302 4964; x_wconf 89' lang='lat' dir='ltr'>in</span> <span class='ocrx_word' id='word_1_684' title='bbox 317 4906 446 4981; x_wconf 86' lang='lat' dir='ltr'>pristine</span> <span class='ocrx_word' id='word_1_685' title='bbox 470 4905 739 4978; x_wconf 87' lang='lat' dir='ltr'>dignitatisstatum</span> <span class='ocrx_word' id='word_1_686' title='bbox 756 4907 930 4963; x_wconf 82' lang='lat' dir='ltr'>reformabo.</span> <span class='ocrx_word' id='word_1_687' title='bbox 953 4909 988 4964; x_wconf 90' lang='lat' dir='ltr'>Ut</span> <span class='ocrx_word' id='word_1_688' title='bbox 1041 4914 1127 4966; x_wconf 87' lang='lat' dir='ltr'>reret.</span> <span class='ocrx_word' id='word_1_689' title='bbox 1923 4944 1935 4983; x_wconf 83' lang='grc' dir='ltr'>ι</span> 
     </span>
    </p>
   </div>
   <div class='ocr_carea' id='block_1_4' title="bbox 176 5099 1935 5259">
    <p class='ocr_par' dir='ltr' id='par_1_7' title="bbox 176 5099 1935 5259">
     <span class='ocr_line' id='line_1_54' title="bbox 176 5099 1935 5178; baseline 0.004 -18"><span class='ocrx_word' id='word_1_690' title='bbox 176 5105 235 5174; x_wconf 76' lang='lat' dir='ltr'>(lt)</span> <span class='ocrx_word' id='word_1_691' title='bbox 250 5103 319 5159; x_wconf 86' lang='lat' dir='ltr'>Vide</span> <span class='ocrx_word' id='word_1_692' title='bbox 335 5101 452 5158; x_wconf 80' lang='lat' dir='ltr'>inhctis</span> <span class='ocrx_word' id='word_1_693' title='bbox 466 5103 483 5156; x_wconf 77' lang='lat'><strong>4</strong></span> <span class='ocrx_word' id='word_1_694' title='bbox 499 5099 563 5156; x_wconf 87' lang='lat' dir='ltr'>hlaii</span> <span class='ocrx_word' id='word_1_695' title='bbox 576 5115 640 5172; x_wconf 84' lang='lat' dir='ltr'>pag.</span> <span class='ocrx_word' id='word_1_696' title='bbox 656 5101 718 5167; x_wconf 79' lang='lat'>508,</span> <span class='ocrx_word' id='word_1_697' title='bbox 730 5115 811 5155; x_wconf 81' lang='lat' dir='ltr'>num.</span> <span class='ocrx_word' id='word_1_698' title='bbox 830 5104 874 5156; x_wconf 80' lang='lat' dir='ltr'>ie.</span> <span class='ocrx_word' id='word_1_699' title='bbox 1040 5103 1116 5160; x_wconf 88' lang='lat' dir='ltr'>berti</span> <span class='ocrx_word' id='word_1_700' title='bbox 1129 5102 1164 5158; x_wconf 92' lang='lat' dir='ltr'>ad</span> <span class='ocrx_word' id='word_1_701' title='bbox 1178 5105 1213 5159; x_wconf 74' lang='lat'>2³</span> <span class='ocrx_word' id='word_1_702' title='bbox 1228 5105 1334 5175; x_wconf 87' lang='lat' dir='ltr'>ltprilis</span> <span class='ocrx_word' id='word_1_703' title='bbox 1356 5122 1418 5178; x_wconf 90' lang='lat' dir='ltr'>cap.</span> <span class='ocrx_word' id='word_1_704' title='bbox 1436 5108 1497 5162; x_wconf 83' lang='lat' dir='ltr'>iso.</span> <span class='ocrx_word' id='word_1_705' title='bbox 1517 5105 1586 5162; x_wconf 86' lang='lat' dir='ltr'>Vide</span> <span class='ocrx_word' id='word_1_706' title='bbox 1612 5106 1734 5164; x_wconf 89' lang='lat' dir='ltr'>citatum</span> <span class='ocrx_word' id='word_1_707' title='bbox 1761 5109 1824 5166; x_wconf 88' lang='lat' dir='ltr'>istic</span> <span class='ocrx_word' id='word_1_708' title='bbox 1851 5110 1878 5165; x_wconf 85' lang='lat' dir='ltr'>ia</span> <span class='ocrx_word' id='word_1_709' title='bbox 1924 5126 1935 5165; x_wconf 80' lang='lat' dir='ltr'>&#39;s</span> 
     </span>
     <span class='ocr_line' id='line_1_55' title="bbox 176 5170 1931 5259; baseline 0.003 -29"><span class='ocrx_word' id='word_1_710' title='bbox 176 5175 231 5246; x_wconf 77' lang='lat' dir='ltr'>(tt)</span> <span class='ocrx_word' id='word_1_711' title='bbox 244 5172 419 5229; x_wconf 84' lang='lat' dir='ltr'>Describitur</span> <span class='ocrx_word' id='word_1_712' title='bbox 432 5171 549 5226; x_wconf 77' lang='lat' dir='ltr'>victoria</span> <span class='ocrx_word' id='word_1_713' title='bbox 565 5172 596 5225; x_wconf 93' lang='lat' dir='ltr'>in</span> <span class='ocrx_word' id='word_1_714' title='bbox 611 5171 674 5225; x_wconf 87' lang='lat' dir='ltr'>Vita</span> <span class='ocrx_word' id='word_1_715' title='bbox 691 5170 720 5227; x_wconf 90' lang='lat' dir='ltr'>S.</span> <span class='ocrx_word' id='word_1_716' title='bbox 735 5171 890 5227; x_wconf 79' lang='lat' dir='ltr'>Udatricii</span> <span class='ocrx_word' id='word_1_717' title='bbox 917 5172 985 5229; x_wconf 81' lang='lat' dir='ltr'>tulii</span> <span class='ocrx_word' id='word_1_718' title='bbox 1040 5173 1189 5231; x_wconf 65' lang='lat' dir='ltr'>innotuis</span> <span class='ocrx_word' id='word_1_719' title='bbox 1218 5175 1388 5244; x_wconf 83' lang='lat' dir='ltr'>Ditmarum,</span> <span class='ocrx_word' id='word_1_720' title='bbox 1419 5179 1470 5249; x_wconf 90' lang='lat' dir='ltr'>qui</span> <span class='ocrx_word' id='word_1_721' title='bbox 1484 5177 1618 5259; x_wconf 84' lang='lat' dir='ltr'>pluribus</span> <span class='ocrx_word' id='word_1_722' title='bbox 1643 5178 1706 5233; x_wconf 91' lang='lat' dir='ltr'>aliis</span> <span class='ocrx_word' id='word_1_723' title='bbox 1731 5179 1802 5235; x_wconf 85' lang='lat' dir='ltr'>locis</span> <span class='ocrx_word' id='word_1_724' title='bbox 1829 5179 1884 5252; x_wconf 87' lang='lat' dir='ltr'>agit</span> <span class='ocrx_word' id='word_1_725' title='bbox 1925 5224 1931 5235; x_wconf 84' lang='lat'>.</span> 
     </span>
    </p>
   </div>
   <div class='ocr_carea' id='block_1_5' title="bbox 138 5243 1935 5398">
    <p class='ocr_par' dir='ltr' id='par_1_8' title="bbox 138 5243 1935 5398">
     <span class='ocr_line' id='line_1_56' title="bbox 138 5243 1884 5322; baseline 0.005 -22"><span class='ocrx_word' id='word_1_726' title='bbox 138 5263 184 5320; x_wconf 86' lang='lat' dir='ltr'>pa.</span> <span class='ocrx_word' id='word_1_727' title='bbox 202 5245 262 5307; x_wconf 80' lang='lat' dir='ltr'>tiu,</span> <span class='ocrx_word' id='word_1_728' title='bbox 277 5263 294 5300; x_wconf 91' lang='lat' dir='ltr'>a</span> <span class='ocrx_word' id='word_1_729' title='bbox 309 5260 389 5299; x_wconf 89' lang='lat' dir='ltr'>num.</span> <span class='ocrx_word' id='word_1_730' title='bbox 403 5245 448 5298; x_wconf 77' lang='lat' dir='ltr'>iu.</span> <span class='ocrx_word' id='word_1_731' title='bbox 740 5310 746 5322; x_wconf 34' lang='lat'><strong><em>¹</em></strong></span> <span class='ocrx_word' id='word_1_732' title='bbox 1039 5244 1075 5300; x_wconf 90' lang='lat' dir='ltr'>de</span> <span class='ocrx_word' id='word_1_733' title='bbox 1094 5243 1277 5301; x_wconf 89' lang='lat' dir='ltr'>restitutione</span> <span class='ocrx_word' id='word_1_734' title='bbox 1298 5247 1428 5319; x_wconf 84' lang='lat' dir='ltr'>ejusdem</span> <span class='ocrx_word' id='word_1_735' title='bbox 1451 5254 1631 5321; x_wconf 85' lang='lat' dir='ltr'>episcopatus</span> <span class='ocrx_word' id='word_1_736' title='bbox 1657 5265 1711 5321; x_wconf 92' lang='lat' dir='ltr'>per</span> <span class='ocrx_word' id='word_1_737' title='bbox 1737 5250 1765 5307; x_wconf 92' lang='lat' dir='ltr'>S.</span> <span class='ocrx_word' id='word_1_738' title='bbox 1783 5250 1884 5308; x_wconf 78' lang='lat' dir='ltr'>lisan-</span> 
     </span>
     <span class='ocr_line' id='line_1_57' title="bbox 174 5310 1935 5398; baseline -0.005 -27"><span class='ocrx_word' id='word_1_739' title='bbox 174 5316 230 5398; x_wconf 69' lang='lat'>(45)</span> <span class='ocrx_word' id='word_1_740' title='bbox 251 5315 319 5380; x_wconf 85' lang='lat' dir='ltr'>Que</span> <span class='ocrx_word' id='word_1_741' title='bbox 335 5314 381 5370; x_wconf 91' lang='lat' dir='ltr'>hic</span> <span class='ocrx_word' id='word_1_742' title='bbox 395 5311 595 5369; x_wconf 87' lang='lat' dir='ltr'>narranturde</span> <span class='ocrx_word' id='word_1_743' title='bbox 617 5311 762 5366; x_wconf 86' lang='lat' dir='ltr'>translatis</span> <span class='ocrx_word' id='word_1_744' title='bbox 778 5311 984 5386; x_wconf 87' lang='lat' dir='ltr'>tladebnrgum</span> <span class='ocrx_word' id='word_1_745' title='bbox 1038 5331 1114 5370; x_wconf 90' lang='lat' dir='ltr'>cnm.</span> <span class='ocrx_word' id='word_1_746' title='bbox 1928 5310 1935 5355; x_wconf 84' lang='grc' dir='ltr'>Ι</span> 
     </span>
    </p>
   </div>
   <div class='ocr_carea' id='block_1_6' title="bbox 136 5381 1788 5602">
    <p class='ocr_par' dir='ltr' id='par_1_9' title="bbox 136 5381 1788 5602">
     <span class='ocr_line' id='line_1_58' title="bbox 138 5381 1558 5459; baseline 0 -16"><span class='ocrx_word' id='word_1_747' title='bbox 138 5394 317 5459; x_wconf 85' lang='lat' dir='ltr'>episcopatus</span> <span class='ocrx_word' id='word_1_748' title='bbox 335 5384 576 5454; x_wconf 86' lang='lat' dir='ltr'>lierseburgensis</span> <span class='ocrx_word' id='word_1_749' title='bbox 595 5381 835 5453; x_wconf 85' lang='lat' dir='ltr'>possessionibus,</span> <span class='ocrx_word' id='word_1_750' title='bbox 851 5398 909 5439; x_wconf 91' lang='lat' dir='ltr'>non</span> <span class='ocrx_word' id='word_1_751' title='bbox 935 5384 983 5440; x_wconf 92' lang='lat' dir='ltr'>0t·</span> <span class='ocrx_word' id='word_1_752' title='bbox 1074 5388 1130 5453; x_wconf 76' lang='lat' dir='ltr'>(ts)</span> <span class='ocrx_word' id='word_1_753' title='bbox 1145 5385 1186 5440; x_wconf 84' lang='lat' dir='ltr'>lie</span> <span class='ocrx_word' id='word_1_754' title='bbox 1200 5387 1372 5443; x_wconf 87' lang='lat' dir='ltr'>Walbecket</span> <span class='ocrx_word' id='word_1_755' title='bbox 1385 5387 1416 5444; x_wconf 89' lang='lat' dir='ltr'>S.</span> <span class='ocrx_word' id='word_1_756' title='bbox 1440 5387 1558 5444; x_wconf 79' lang='lat' dir='ltr'>Adriani</span> 
     </span>
     <span class='ocr_line' id='line_1_59' title="bbox 136 5405 1788 5534; baseline 0.002 -20"><span class='ocrx_word' id='word_1_757' title='bbox 136 5458 198 5514; x_wconf 90' lang='lat' dir='ltr'>toni</span> <span class='ocrx_word' id='word_1_758' title='bbox 222 5457 327 5529; x_wconf 91' lang='lat' dir='ltr'>primo,</span> <span class='ocrx_word' id='word_1_759' title='bbox 355 5455 404 5510; x_wconf 89' lang='lat' dir='ltr'>sed</span> <span class='ocrx_word' id='word_1_760' title='bbox 430 5454 556 5534; x_wconf 78' lang='lat' dir='ltr'>secundo</span> <span class='ocrx_word' id='word_1_761' title='bbox 581 5451 779 5533; x_wconf 81' lang='lat' dir='ltr'>adscribenda¹</span> <span class='ocrx_word' id='word_1_762' title='bbox 803 5457 880 5520; x_wconf 89' lang='lat' dir='ltr'>sunt,</span> <span class='ocrx_word' id='word_1_763' title='bbox 908 5455 983 5510; x_wconf 89' lang='lat' dir='ltr'>unde</span> <span class='ocrx_word' id='word_1_764' title='bbox 1038 5456 1080 5514; x_wconf 84' lang='lat' dir='ltr'>vit</span> <span class='ocrx_word' id='word_1_765' title='bbox 1096 5457 1251 5524; x_wconf 84' lang='lat' dir='ltr'>Gretseras,</span> <span class='ocrx_word' id='word_1_766' title='bbox 1269 5474 1334 5530; x_wconf 88' lang='lat' dir='ltr'>que</span> <span class='ocrx_word' id='word_1_767' title='bbox 1347 5459 1423 5532; x_wconf 89' lang='lat' dir='ltr'>apud</span> <span class='ocrx_word' id='word_1_768' title='bbox 1434 5459 1531 5532; x_wconf 88' lang='lat' dir='ltr'>ipsum</span> <span class='ocrx_word' id='word_1_769' title='bbox 1546 5405 1640 5517; x_wconf 58' lang='lat' dir='ltr'>vileri</span> <span class='ocrx_word' id='word_1_770' title='bbox 1655 5467 1788 5533; x_wconf 82' lang='lat' dir='ltr'>possunt.</span> 
     </span>
     <span class='ocr_line' id='line_1_60' title="bbox 137 5523 982 5602; baseline -0.005 -18"><span class='ocrx_word' id='word_1_771' title='bbox 137 5530 232 5602; x_wconf 90' lang='lat' dir='ltr'>ipsum</span> <span class='ocrx_word' id='word_1_772' title='bbox 257 5524 586 5597; x_wconf 86' lang='lat' dir='ltr'>secutaestpuuitrode</span> <span class='ocrx_word' id='word_1_773' title='bbox 611 5540 669 5597; x_wconf 88' lang='lat' dir='ltr'>qua</span> <span class='ocrx_word' id='word_1_774' title='bbox 687 5523 719 5579; x_wconf 89' lang='lat' dir='ltr'>iu</span> <span class='ocrx_word' id='word_1_775' title='bbox 745 5523 812 5579; x_wconf 84' lang='lat' dir='ltr'>vua</span> <span class='ocrx_word' id='word_1_776' title='bbox 841 5524 869 5580; x_wconf 92' lang='lat' dir='ltr'>S.</span> <span class='ocrx_word' id='word_1_777' title='bbox 897 5525 982 5580; x_wconf 80' lang='lat' dir='ltr'>Adel-</span> 
     </span>
    </p>
   </div>
   <div class='ocr_carea' id='block_1_7' title="bbox 1600 5382 1934 5462">
    <p class='ocr_par' dir='ltr' id='par_1_10' title="bbox 1600 5382 1934 5462">
     <span class='ocr_line' id='line_1_61' title="bbox 1600 5382 1934 5462; baseline 0.015 -19"><span class='ocrx_word' id='word_1_778' title='bbox 1600 5389 1676 5446; x_wconf 89' lang='lat' dir='ltr'>ladio</span> <span class='ocrx_word' id='word_1_779' title='bbox 1702 5392 1788 5462; x_wconf 86' lang='lat' dir='ltr'>plara</span> <span class='ocrx_word' id='word_1_780' title='bbox 1810 5397 1886 5450; x_wconf 90' lang='lat' dir='ltr'>noia·</span> <span class='ocrx_word' id='word_1_781' title='bbox 1930 5382 1934 5401; x_wconf 80' lang='lat'>²</span> 
     </span>
    </p>
   </div>
   <div class='ocr_carea' id='block_1_8' title="bbox 0 0 1944 6112">
    <p class='ocr_par' dir='ltr' id='par_1_11' title="bbox 0 0 1944 6112">
     <span class='ocr_line' id='line_1_62' title="bbox 0 0 1944 6112; baseline 0 3"><span class='ocrx_word' id='word_1_782' title='bbox 0 0 1944 6112; x_wconf 95' lang='lat' dir='ltr'> </span> 
     </span>
    </p>
   </div>
  </div>
 </body>
</html>
