3894 6120
87 275 136 329 itt
564 270 719 328 strauit
737 271 767 328 S.
788 272 1027 330 sternentem
1047 272 1195 329 ueiens.
1215 271 1364 328 nonanti.
1799 269 1849 322 ili

89 396 205 453 monitis
220 396 279 450 suis
302 412 402 451 aurem
426 395 589 468 preberent
611 393 780 448 elcensiliis
806 394 944 449 obsecun·
962 397 984 448 A
1002 395 1142 467 permisit.
1160 395 1223 466 lpse
1251 399 1348 450 autem
1374 411 1437 477 pum
1465 395 1616 450 [teoderico
1640 392 1767 467 praesule
1794 393 1850 448 lto-

88 487 199 552 derent,
224 485 470 540 fortunatissimos
490 484 518 538 in
533 483 612 538 brevi
627 483 759 550 futuros3
783 500 840 538 non
859 486 943 554 longe
1001 500 1076 539 mam
1093 483 1189 551 rediit,
1208 483 1305 555 ibique
1322 501 1399 556 ager
1414 500 1471 538 non
1487 488 1550 555 pest
1566 484 1672 538 multos
1688 481 1752 536 dies
1769 483 1853 535 niori·

88 575 155 630 bine
179 574 277 628 abesse
303 575 420 628 Robsan
441 574 463 609 ¹¹
480 573 622 627 civitatem
639 589 645 626 :
663 575 942 642 inquaomneetlre-
1000 575 1116 642 lurion.
1142 575 1204 637 983,
1221 575 1279 627 Dec.
1307 573 1439 644 6);apud
1463 576 1596 628 Sarrctum
1613 573 1733 626 Petrum
1760 569 1792 624 in
1807 587 1853 640 pa-

90 666 166 719 scuri
180 663 283 718 Otteuis
304 663 425 715 Caesaris
444 661 493 715 sub
508 662 598 723 istius,
615 662 663 728 qui
677 660 864 716 cubicularius
884 662 943 730 ejus
999 663 1102 732 rarlyso
1114 664 1196 732 juxta
1209 661 1366 715 oratorium
1383 667 1487 717 sauclae
1504 661 1595 716 diaria
1612 659 1776 714 honorilice
1788 675 1852 713 crem

89 758 138 819 est,
165 749 288 805 custodio
317 751 484 815 retinentur;
514 763 626 816 querum
657 749 810 802 maximum
836 754 943 818 purtem
999 751 1125 804 maximo
1148 750 1214 803 lletn
1241 749 1331 805 locius
1355 750 1433 804 urbis
1454 750 1600 821 sepelitur.
1625 751 1673 804 liis
1697 747 1736 801 ita
1753 748 1852 818 gestis,

88 842 162 896 uobis
191 839 311 893 datarium
334 840 455 906 prolecto
477 839 616 901 renueritis,
643 838 713 892 baruc
731 840 757 891 si
776 838 943 891 illucduce·
999 836 1171 892 [leodericus
1191 839 1306 907 praesul,
1333 846 1433 908 parata
1448 837 1633 909 proiectione.
1649 837 1707 891 iter
1731 837 1851 890 domum

90 930 152 984 ritis
166 933 190 983 et
208 929 356 983 libertatem
371 927 432 992 frui
443 928 632 995 permiseritis.
657 927 705 980 His
718 926 835 993 auditis,
852 931 880 979 et
893 926 942 980 in·
998 925 1199 996 proficiscendi
1223 926 1354 995 arripuit,
1380 932 1408 980 et
1424 943 1533 980 uremur
1548 926 1654 996 reginas
1680 924 1851 995 improperii

91 1019 180 1072 vicem
196 1033 225 1071 se
238 1013 535 1086 circumspicientibus
549 1021 578 1068 et
592 1016 681 1068 nrnlta
696 1015 730 1068 ad
748 1016 809 1069 baec
823 1015 899 1068 inter
913 1030 942 1068 se
997 1014 1134 1069 adversus
1168 1015 1306 1070 Caesarem
1339 1015 1451 1085 prolati.
1488 1031 1582 1069 secum
1617 1015 1731 1068 solvere
1760 1012 1851 1082 coepit,

91 1105 313 1172 conicientibus,
328 1104 455 1167 tandem,
469 1108 501 1156 ut
516 1109 558 1158 est
574 1119 635 1157 mos
650 1104 787 1157 humanoe
802 1103 942 1174 cupidita·
996 1103 1119 1173 qualiter
1142 1102 1183 1155 illi
1200 1103 1252 1173 snb
1273 1103 1421 1155 occasione
1445 1102 1497 1156 lilii
1522 1101 1662 1171 regnandi
1687 1102 1753 1170 jura
1780 1106 1850 1153 sirb-

59 1259 63 1265 ¹
91 1196 137 1257 tis,
154 1211 203 1265 spe
216 1194 342 1263 pecuniae
358 1192 446 1246 illecti
462 1192 520 1256 :Si
539 1208 598 1262 quae
615 1192 827 1262 pollicitaveris,
852 1191 942 1260 aiunl,
999 1190 1132 1244 traheret.
1151 1191 1215 1244 llaec
1228 1191 1363 1261 cogitanti
1380 1207 1425 1244 res
1440 1195 1592 1260 oportuna,
1610 1195 1641 1242 ut
1656 1188 1714 1242 sibi
1732 1187 1849 1242 videba-

91 1299 120 1337 re
132 1285 341 1350 perpetraveris,
366 1282 544 1334 lrurtotienern
562 1282 668 1335 consilii
683 1283 724 1334 tui
738 1283 797 1334 sine
812 1280 944 1334 diletione
996 1281 1056 1344 tur,
1084 1283 1126 1332 set
1152 1279 1259 1348 absque
1290 1278 1538 1349 praedestinatione
1562 1278 1613 1332 Dei
1643 1276 1751 1330 accidit
1789 1276 1850 1329 Erat

91 1372 287 1439 aggredimur!
304 1400 337 1409 -
353 1371 422 1423 Huic
443 1370 647 1438 pollicitationi,
664 1369 768 1439 inquit,
792 1371 944 1438 meipsum
999 1367 1116 1437 quidam
1141 1367 1261 1420 Noricus
1285 1367 1400 1420 notrrine
1426 1367 1584 1428 Helorinus,
1609 1366 1652 1419 rir
1677 1380 1849 1435 magnarum

92 1459 211 1529 attidem
232 1461 382 1527 interpono.
404 1456 644 1511 Nautaevidentes
667 1458 938 1526 constantiampro·
998 1469 1097 1524 epum,
1131 1454 1272 1508 desiderio
1306 1455 1445 1524 regnandi
1474 1455 1625 1518 induetus;
1652 1468 1851 1523 quoscumque

94 1546 229 1612 missoris,
245 1547 280 1601 de
294 1546 376 1615 cujus
393 1561 441 1599 ore
459 1545 633 1614 pendebant,
659 1545 943 1617 semetipsoscobor-
999 1543 1101 1613 potnit,
1128 1543 1188 1597 adit
1218 1545 1249 1609 ¹¹,
1279 1544 1497 1614 persuadetque,
1526 1558 1711 1596 communem
1733 1557 1801 1595 cum
1820 1560 1851 1593 eo

94 1636 239 1703 tabanlur,
263 1635 400 1700 diceutes,
417 1639 552 1688 extremae
568 1633 721 1687 dementiae
743 1649 815 1699 esse,
832 1649 866 1686 ea
881 1649 944 1704 quie
998 1647 1112 1685 causam
1144 1637 1279 1688 statuant.
1309 1632 1404 1687 Multis
1429 1632 1629 1702 largitionibus
1653 1630 1741 1691 datis,
1773 1629 1851 1684 facile

90 1724 157 1794 jure
171 1723 206 1775 ab
222 1723 263 1776 eis
275 1738 326 1792 pro
343 1721 541 1792 redemptione
552 1721 655 1791 captivi
670 1720 835 1791 accipienda
848 1727 944 1774 essent
999 1717 1098 1771 eosad
1122 1735 1202 1772 suum
1231 1720 1401 1772 seriteutiam
1418 1718 1560 1789 perduxit.
1587 1716 1709 1772 Plurimi
1727 1716 1774 1771 his
1789 1732 1852 1788 per·

95 1826 110 1864 e
126 1809 259 1863 manibus
274 1807 419 1863 amittere.
440 1809 501 1861 lior
520 1807 644 1878 impulsa
659 1807 734 1874 navi,
754 1807 944 1861 veneruntad
1000 1807 1180 1860 suasionibus
1206 1808 1293 1861 illecti
1314 1823 1342 1860 se
1360 1808 1385 1861 ei
1402 1808 1583 1872 dediderunt,
1600 1811 1711 1860 eleum
1730 1821 1820 1875 super
1833 1805 1852 1839 ¹¹

96 1897 266 1969 praedictum
294 1896 390 1950 locum
422 1896 537 1950 Robsan
561 1896 715 1961 cis-itatem,
742 1902 770 1950 et
798 1896 943 1967 applicue·
1000 1911 1028 1949 se
1045 1911 1142 1963 regern
1164 1893 1186 1929 ¹⁷
1211 1896 1443 1952 nominaverunt.
1469 1897 1521 1951 b'bi
1540 1897 1599 1949 inec
1624 1912 1641 1948 a
1668 1894 1854 1948 narrantibus

96 1990 164 2040 runt
179 1987 212 2020 ¹²·
228 1987 332 2039 Ductor
347 2000 413 2039 rere
427 2000 528 2039 eorum
543 2000 661 2038 cerneus
676 1984 773 2039 omnia
788 1986 840 2040 sub
855 1985 944 2039 animi
998 1985 1116 2054 praesuli
1142 1986 1275 2039 nuntiata
1290 1990 1366 2053 suut,
1392 1985 1537 2039 divertens
1563 1985 1596 2037 ab
1612 1984 1718 2037 itinere
1736 1982 1772 2036 ad
1789 1997 1851 2036 enm

97 2071 142 2125 sui
156 2072 302 2125 voluntate
322 2087 382 2124 esse
403 2073 564 2136 convoluta,
586 2072 668 2126 laetus
690 2071 783 2142 surgit
805 2077 833 2125 et
847 2071 945 2142 paucis
1000 2074 1145 2143 proiectus
1168 2077 1220 2141 est,
1250 2091 1337 2145 equo
1362 2079 1390 2128 et
1414 2074 1437 2108 ¹¹⁵
1453 2073 1603 2143 magnilica
1626 2070 1801 2142 suscipitur,
1827 2077 1854 2122 et

97 2161 265 2215 cohortatur
287 2165 403 2225 nautes;
420 2166 452 2214 ut
475 2160 567 2214 securi
583 2161 644 2231 ejus
665 2160 789 2215 reditum
815 2166 944 2231 expecta·
1000 2178 1084 2217 cansa
1098 2163 1234 2216 intereos
1249 2163 1427 2234 diuagitata,
1448 2162 1519 2216 dolis
1535 2160 1726 2231 pseudoregis
1746 2163 1852 2212 -erat

96 2253 171 2316 rent,
188 2248 339 2320 praeeepit3
363 2265 392 2301 se
416 2248 536 2317 ituream,
552 2254 580 2302 el
600 2249 731 2303 celeriter
745 2249 946 2303 subsecuturus
1000 2252 1077 2304 enim
1091 2256 1200 2304 astutus
1211 2251 1326 2322 eloquio
1337 2282 1371 2291 —
1383 2268 1410 2323 pr
1418 2252 1486 2305 assiri
1497 2250 1735 2314 circumvenitur3
1752 2247 1852 2301 oblatis

97 2336 200 2408 captivi
225 2353 289 2390 cum
321 2337 453 2407 pecunia,
476 2353 569 2407 ¹quarn
598 2337 779 2408 prestiterat,
811 2339 946 2392 adductu—
1001 2339 1085 2395 donis
1109 2340 1220 2394 eximiis
1242 2340 1265 2374 ¹¹¹
1285 2341 1455 2411 etpluriora
1477 2356 1540 2394 curn
1563 2338 1689 2393 maxima
1714 2341 1850 2409 potestate

98 2442 163 2480 rum
184 2426 217 2478 ¹³.
243 2427 297 2491 Qui
321 2426 442 2481 festinus
466 2426 612 2495 ingressus
636 2427 790 2493 civitatem,
808 2427 941 2481 Deederi-
1000 2428 1084 2498 regni
1106 2428 1254 2498 pollicens,
1283 2429 1451 2482 electionem
1477 2432 1505 2482 et
1521 2427 1698 2482 deditionem
1725 2426 1804 2490 lecit,
1827 2429 1852 2477 et

99 2514 339 2583 compontificem
356 2514 493 2584 repperit,
505 2515 555 2584 qui
566 2514 739 2585 imperatore
750 2515 946 2585 proficiscente
1001 2518 1037 2571 ad
1052 2523 1177 2587 caeptum
1200 2517 1256 2571 iter
1270 2534 1401 2571 reversus
1423 2523 1465 2571 est
1481 2519 1536 2587 (ou.
1561 2516 1633 2585 984).
1652 2515 1787 2584 Cumque
1802 2514 1851 2567 boc
1887 2540 1896 2554 .

100 2601 135 2655 ad
152 2601 283 2670 pralium
298 2601 338 2655 ibi
355 2618 421 2656 cum
435 2602 535 2671 regine
552 2602 729 2671 Tbeopiranu
745 2602 859 2656 relictus
875 2606 945 2667 erat,
1001 2605 1107 2660 iactum
1124 2608 1179 2660 late
1202 2622 1254 2676 per
1275 2607 1400 2677 populos
1424 2605 1679 2676 percrebresceret,
1696 2619 1815 2673 prorsus
1828 2601 1851 2637 ¹⁰

99 2689 199 2760 illique
217 2706 334 2744 ornnem
360 2690 402 2744 rei
431 2690 563 2744 ordinem
595 2691 748 2760 expromit,
777 2694 805 2744 el
831 2690 860 2744 id
881 2706 946 2744 cum
1002 2702 1063 2750 eret
1087 2695 1182 2749 nullus
1206 2711 1336 2749 summus
1360 2711 1455 2765 neque
1478 2695 1623 2761 minimus,
1647 2693 1697 2763 qui
1715 2698 1851 2762 eJnsacta

99 2793 212 2831 summo
235 2778 348 2833 silentio
371 2778 532 2848 supprimat
555 2784 661 2843 menet,
687 2784 716 2832 et
738 2779 772 2833 ad
796 2795 861 2833 eum
881 2794 948 2832 mox
1002 2800 1060 2838 non
1075 2784 1265 2838 detestaretur
1281 2800 1287 2837 :
1303 2800 1368 2836 cerm
1385 2800 1451 2836 eum
1470 2784 1562 2836 lorum
1581 2781 1681 2852 gratioe
1701 2783 1779 2851 apud
1796 2781 1851 2833 im-

100 2866 207 2933 venian
224 2868 335 2922 nullum
360 2883 468 2932 secum,
482 2867 505 2920 si
521 2867 724 2936 imperatorem
749 2868 857 2920 salvum
873 2865 948 2920 reci·
1003 2878 1165 2944 perstarem
1180 2875 1300 2932 teneret,
1317 2876 1347 2925 ut
1366 2888 1451 2925 nemo
1471 2871 1592 2924 inomni
1608 2868 1850 2939 regnupotentia,

97 2972 167 3028 1³0¹ss
182 2956 272 3025 ⁰¹¹t¹¹¹s
295 2962 401 3026 lttoelef
415 2956 486 3010 <¹⁰0⁵
501 2956 605 3009 villule
628 2956 764 3026 p¹0bt1¹⁰³
781 2955 885 3009 militet
900 2971 946 3007 su·
963 2962 983 3016 C
1002 2960 1120 3014 consilio
1136 2964 1163 3013 et
1185 2958 1377 3013 familiaritate
1402 2960 1478 3029 regis
1492 2974 1556 3012 eum
1582 2956 1769 3027 precederet,
1795 2972 1850 3009 non

97 3049 169 3099 mat.
188 3044 340 3114 Episcopus
354 3044 469 3115 gavisus
484 3044 518 3098 de
538 3043 730 3097 incolomitate
746 3044 820 3114 regis
838 3043 947 3099 domiui

99 3132 154 3200 sui,
172 3133 293 3202 Liuponi
317 3140 345 3186 et
358 3132 507 3188 Richizoni
530 3131 671 3185 militibus
685 3133 753 3199 suis,
771 3149 867 3186 secum
883 3149 946 3204 per·

99 3226 169 3294 gant
193 3222 225 3286 ¹¹,
247 3222 346 3289 jussit3
365 3237 395 3276 se
414 3220 489 3274 iores
505 3236 601 3274 muros
624 3220 755 3283 civitatis,
772 3222 844 3275 situs
868 3223 947 3275 loco-

100 3325 164 3363 rum
181 3315 210 3362 et
224 3309 345 3363 aedilicia
365 3310 517 3364 domorum
541 3307 651 3362 risendi
675 3308 777 3379 gratia,
793 3310 948 3380 procedere

100 3397 181 3452 velle.
209 3398 241 3452 Et
261 3399 357 3452 exiens
382 3397 564 3451 altitudinem
593 3397 673 3455 naris
702 3403 887 3469 conspexerat
914 3427 945 3438 —

45 3536 47 3541 .
101 3485 255 3540 eratenim
278 3486 351 3540 miro
366 3501 453 3557 opere
476 3485 633 3540 secuudum
649 3486 812 3540 Graecorum
837 3504 946 3542 morem

100 3580 273 3639 constructa,
287 3581 362 3629 -et
376 3574 474 3629 subtili
487 3575 592 3629 intuitu
608 3575 757 3629 introitum
774 3577 835 3646 ejrrs
850 3577 948 3647 explo-

100 3665 182 3726 ravit,
213 3670 241 3718 et
267 3664 382 3718 tandem
411 3664 473 3717 nisu
502 3680 559 3735 quo
583 3665 687 3734 potuit,
717 3664 862 3719 dillicilem
887 3665 948 3735 ejus

29 3764 43 3780 ⁶
100 3767 248 3808 ascensum
260 3753 415 3823 superarit.
427 3752 614 3823 conspicatur
624 3769 692 3823 ergo
702 3753 852 3807 dominum
864 3755 948 3824 longe

101 3842 135 3898 ab
155 3842 262 3897 bonore
286 3841 366 3911 regio
385 3841 543 3907 sedentem,
558 3846 587 3896 et
607 3842 740 3895 manibus
755 3843 880 3912 applosis
895 3846 949 3897 ele·

100 3938 164 3986 veta
178 3946 246 3985 rece
269 3932 412 3999 clamavit,
427 3947 533 4003 rexque
555 3932 621 3985 ilico
636 3931 713 3985 baud
727 3931 854 4002 seguiter·
872 3932 949 3986 iuras

101 4022 211 4076 exiluit.
238 4021 338 4075 Nautoe
361 4036 427 4075 vero
451 4020 576 4090 primum
598 4018 753 4074 familiares
774 4019 878 4090 captivi
900 4036 948 4090 pe·

101 4111 215 4164 cuniam
243 4114 389 4179 portantes
414 4107 566 4173 arbitrati;
590 4111 632 4161 set
656 4123 720 4160 cum
744 4107 828 4162 aliter
845 4124 878 4162 ac
895 4108 950 4163 rati

102 4204 183 4253 erant
202 4199 358 4263 accidisset,
379 4212 459 4250 erma
481 4212 582 4265 capere
607 4196 795 4268 hostibusque
820 4198 949 4253 resistere

102 4287 290 4359 temptabant.
316 4286 419 4340 Milites
435 4300 501 4338 vero
516 4285 645 4356 praedicti
670 4286 759 4356 Linpe
775 4293 803 4340 et
827 4288 949 4341 Riclrezn

75 4430 78 4435 ,
102 4377 269 4449 episcopum
293 4381 325 4428 ut
348 4373 497 4428 celerrime
520 4375 620 4440 exiret,
644 4376 859 4442 ammonebant,
880 4392 949 4430 cun·

103 4469 227 4519 eleatem
247 4463 283 4515 ob
309 4462 442 4515 timorem
472 4462 690 4527 submersionis,
714 4463 741 4516 vi
767 4463 852 4517 etiam
872 4469 950 4517 veste

103 4555 189 4607 scissa
213 4551 248 4606 de
262 4551 327 4605 nari
352 4542 698 4623 ejecerunt,'magnoque
720 4551 830 4622 impetu
845 4552 951 4606 strictis

104 4640 207 4712 gladiis
240 4640 269 4694 in
301 4645 403 4695 nautas
438 4640 522 4706 iacto,
555 4641 625 4694 alios
657 4640 849 4704 interliciunt,
882 4640 951 4693 alios

104 4732 246 4796 sauciant;
271 4726 321 4784 alii
343 4730 395 4784 snb
419 4735 544 4784 transtra
566 4730 721 4794 delituunt,
748 4729 797 4783 elii
821 4730 951 4784 certatim

104 4835 133 4874 se
146 4821 182 4874 de
206 4818 271 4874 navi
290 4818 419 4890 ejiciunt,
445 4823 473 4873 et
488 4835 552 4872 cum
568 4817 696 4889 periculo
716 4817 782 4872 vitm
804 4818 907 4889 pelago
921 4833 951 4871 se

104 4908 294 4962 crediderunt.
322 4909 378 4962 Rex
393 4923 460 4962 vero
483 4908 630 4961 innectens
651 4906 736 4960 nudis
758 4906 879 4976 pedibus
893 4905 950 4959 eai-

103 4997 179 5052 caria
194 5003 223 5051 et
237 5012 353 5050 ascenso
369 5012 455 5066 equo,
477 5011 578 5049 omnes
593 4994 678 5050 traxit
693 4996 728 5049 ad
750 5000 867 5049 terram.
887 4994 952 5059 Qui·

104 5086 158 5141 bus
181 5084 348 5139 necessariis
377 5083 547 5139 liberalitate
570 5083 649 5151 regia
671 5083 846 5138 sufficienter
870 5082 951 5137 attri-

104 5175 180 5230 butis
194 5178 221 5229 et
235 5173 432 5246 copiosissima
454 5170 576 5240 pecunia
589 5170 694 5225 ditatus
709 5172 788 5227 abire
803 5188 867 5227 cum
883 5188 952 5245 pace

1002 3050 1105 3104 debere
1129 3065 1194 3103 enm
1216 3052 1328 3102 tanturn
1353 3048 1464 3103 lacinus
1487 3048 1509 3080 ¹¹
1531 3052 1627 3099 contra
1645 3045 1778 3098 oninium
1794 3042 1852 3112 opi-

1001 3138 1119 3193 nionem
1145 3138 1280 3191 adversus
1306 3138 1398 3192 lilium
1423 3136 1501 3206 regis
1527 3136 1718 3188 committere.
1750 3132 1851 3203 Sicque

1001 3227 1108 3282 iactum
1124 3233 1177 3292 est,
1191 3232 1224 3280 ut
1239 3226 1308 3280 dum
1324 3226 1484 3295 repentinae
1499 3240 1557 3278 stite
1578 3221 1735 3278 temeritati
1749 3236 1849 3275 consu·

1002 3316 1060 3369 lere
1076 3316 1177 3381 noluit,
1194 3315 1351 3367 maltorum
1368 3313 1462 3367 adsui
1480 3312 1695 3382 derogationem
1711 3324 1763 3362 ora
1784 3323 1851 3377 ape·

1004 3404 1060 3457 ruit
1074 3405 1109 3459 ¹².
1127 3402 1253 3472 lienique
1268 3417 1334 3456 curn
1355 3400 1487 3472 plurimis
1505 3398 1683 3471 principibus
1706 3398 1769 3467 ejus
1785 3411 1851 3450 cen·

1002 3490 1099 3544 silium
1128 3489 1278 3559 displicere
1313 3487 1464 3556 comperit,
1494 3487 1562 3557 quia
1590 3486 1633 3540 trie
1665 3485 1764 3539 insciis
1794 3486 1853 3538 lraee

1002 3578 1099 3632 omnia
1114 3582 1220 3647 egerat,
1238 3592 1342 3645 magno
1356 3576 1456 3629 dolore
1471 3574 1597 3641 affectus,
1615 3572 1692 3627 dumi
1713 3589 1744 3626 se
1765 3572 1853 3627 conti·

1003 3668 1078 3734 nuit,
1093 3674 1122 3722 et
1136 3680 1277 3736 nusquam
1301 3663 1475 3734 digrediens,
1494 3663 1751 3731 transgressionem
1772 3676 1854 3714 suam

1003 3758 1220 3810 occultesecum
1247 3753 1444 3806 miserebatur.
1468 3754 1535 3806 Post
1560 3766 1617 3805 non
1644 3752 1770 3805 muitum
1787 3755 1855 3803 lem-

1003 3844 1081 3914 poris
1092 3842 1265 3915 egritudine
1278 3847 1429 3913 superatus
1441 3841 1472 3895 in
1490 3843 1592 3895 lectum
1606 3839 1723 3905 decidit,
1740 3846 1769 3892 et
1782 3839 1856 3893 circa

1003 3933 1138 4004 quinturn
1155 3931 1354 4002 praedictorum
1380 3937 1489 4000 siquem
1508 3944 1650 3983 annerum
1669 3928 1807 3994 decessit,
1831 3933 1857 3980 et

1004 4019 1034 4074 in
1049 4021 1178 4075 caenobio
1193 4019 1281 4073 saneti
1306 4019 1457 4082 vincentii,
1474 4018 1549 4089 quod
1570 4018 1631 4086 ipse
1651 4017 1818 4070 construxit
1831 4019 1857 4069 et

1004 4109 1166 4163 innumeris
1201 4114 1287 4179 atque
1319 4107 1507 4177 amplissimis
1549 4105 1740 4160 accumulavit
1772 4120 1857 4159 orna-

1007 4199 1120 4263 mentis,
1148 4199 1305 4251 tumuletns
1334 4202 1376 4250 est
1403 4197 1437 4249 ¹¹.
1467 4198 1532 4251 llaec
1560 4197 1589 4247 in
1612 4200 1743 4247 extrema
1768 4192 1857 4247 nostri

1005 4288 1138 4357 praesulis
1160 4290 1243 4340 aetate
1265 4290 1337 4353 acta,
1361 4286 1397 4339 ab
1413 4301 1446 4339 eo
1460 4285 1508 4355 qui
1523 4285 1553 4338 in
1579 4284 1640 4352 eJ'us
1666 4287 1728 4335 erat
1743 4282 1858 4337 assidue

1005 4375 1151 4446 obsequiis
1183 4374 1307 4444 cognita,
1341 4373 1460 4441 conieci,
1491 4389 1549 4428 nun
1573 4371 1774 4441 comparantia
1799 4371 1859 4441 ejus

1006 4464 1200 4533 superioribus
1215 4464 1303 4534 gestis
1316 4462 1351 4517 ab
1366 4463 1414 4517 illo
1428 4461 1632 4533 gloriosissime
1644 4459 1780 4530 peractis,
1795 4475 1857 4530 qua·

1006 4554 1072 4622 quia
1088 4553 1211 4624 pleniter
1231 4558 1298 4606 nota
1312 4568 1368 4606 non
1382 4558 1472 4612 erant,
1489 4568 1503 4605 e
1520 4551 1600 4605 nobis
1616 4549 1767 4619 praeterita
1782 4555 1856 4601 sunt.

1005 4640 1108 4695 Verum
1124 4641 1213 4710 aliqui
1229 4640 1353 4711 quadam
1378 4640 1561 4693 miseratione
1580 4636 1670 4691 animi
1694 4636 1797 4690 mirari
1820 4653 1860 4688 so·

1006 4729 1077 4795 lent,
1093 4729 1238 4801 quomodo
1262 4728 1305 4782 vir
1330 4727 1396 4782 talis
1412 4744 1445 4782 ac
1459 4732 1501 4781 tot
1523 4726 1675 4780 virtutibus
1701 4725 1859 4795 praedictus

1005 4818 1040 4872 ab
1063 4824 1139 4872 statu
1164 4834 1222 4872 suoe
1244 4817 1419 4871 auctoritatis
1435 4821 1493 4870 tem
1508 4815 1589 4870 iacile
1613 4813 1730 4867 deviare
1750 4813 1859 4883 potuis

1006 4912 1104 4983 set,-ut
1123 4911 1185 4977 regi
1207 4905 1418 4977 praedictatam
1440 4909 1557 4974 repente
1573 4902 1634 4957 sine
1650 4902 1775 4955 consilio
1792 4917 1858 4954 suo·

1005 5009 1071 5049 rum
1087 5012 1117 5050 se
1131 4994 1275 5048 subderet.
1293 4993 1364 5048 Huic
1379 4992 1575 5047 ammirationi
1590 4992 1743 5059 responsio
1761 4996 1859 5044 nostra

1006 5083 1059 5137 bac
1078 5083 1259 5137 excusatione
1286 5083 1368 5137 facile
1392 5080 1564 5136 medebitur.
1586 5078 1702 5134 Recenti
1721 5078 1802 5133 eninr
1818 5094 1859 5132 ca-

1005 5171 1146 5237 lamitate,
1174 5175 1260 5243 alque
1288 5173 1388 5227 dolore
1411 5170 1573 5225 vehementi
1593 5185 1650 5239 qno
1672 5168 1860 5237 premebatur·

810 5313 925 5369 VAHIAE
950 5312 1150 5369 taurianas.

144 5431 163 5464 ¹¹
181 5427 299 5482 rotbsan
314 5429 337 5478 t.
382 5426 403 5459 ¹¹
428 5424 484 5496 apl.
515 5428 537 5479 l.
579 5423 807 5479 ¹³edvenlurum
836 5429 860 5479 l.
902 5427 1125 5494 “peragenti
1167 5421 1189 5458 ¹³
1208 5423 1280 5477 adiit
1304 5427 1330 5476 ’2.
1372 5421 1501 5476 ¹¹subc.
1543 5423 1562 5454 ¹³
1593 5435 1696 5488 reges.
1740 5419 1763 5453 ¹⁸
1792 5423 1859 5474 tet.

113 5498 135 5534 ¹⁹
148 5497 283 5554 eximiae.
324 5494 505 5566 ’tprosust
546 5496 726 5550 ’¹iacnusl.
765 5495 977 5566 ²¹apperuitt.
1018 5495 1042 5528 ¹¹
1056 5510 1144 5549 rocem
1160 5497 1192 5549 Ε.
1207 5495 1303 5563 supple
1315 5498 1345 5548 tt.
