3878 6112
808 318 906 375 lore.
1510 279 1513 285 ’
1702 316 1734 372 re

70 442 233 501 uxrbeato
262 442 319 497 tine
345 440 464 514 quievit.
488 439 633 496 miraculis
659 441 785 496 claraus.
808 445 862 498 »A
917 443 960 496 ts.
990 438 1018 494 S.
1048 437 1162 494 Heurici
1186 436 1306 493 rirtntes
1334 444 1362 492 et
1387 453 1430 492 res
1445 443 1538 509 gestas
1567 454 1618 509 per
1640 437 1734 494 varios

70 532 131 589 lem
144 531 271 603 etogium
284 529 432 600 ampliavit
447 529 592 595 Canisins;
609 542 703 600 neque
728 527 759 583 in
774 543 829 583 au·
883 545 974 584 annos
985 530 1015 584 el
1028 527 1121 601 capita
1136 527 1322 600 prosequitur
1337 528 1578 600 chronographus
1591 528 1675 597 Saxo,
1700 545 1733 584 er

70 642 73 673 r
108 621 169 676 suis
196 618 381 691 pretermisit
409 618 549 684 blotanus,
587 616 701 671 brevius
731 619 829 670 tamen
882 634 940 690 quo
973 618 1041 673 satis
1066 617 1119 672 erit
1148 618 1271 689 paucula
1295 617 1448 688 decerpere
1472 618 1508 672 ad
1537 633 1647 672 anunm
1670 633 1727 673 rrrr.

70 709 258 780 tcomplexns
273 724 310 761 :r
336 705 420 777 Apud
437 706 604 777 humberga,
635 703 725 760 saneti
748 704 829 760 }len-
884 725 898 757 a
932 704 1024 778 tgitnr
1042 721 1089 760 rex
1105 704 1253 771 ilenrions,
1268 704 1361 761 cultor
1385 704 1528 777 equitatis
1555 704 1689 776 inclytus,
1705 710 1734 760 et

70 797 242 870 mperatoris
264 800 293 850 et
307 793 488 850 confessoris.
513 798 634 867 »Atque
648 795 710 850 haec
735 794 828 849 hactu-
884 793 1031 866 religionis
1050 793 1155 849 divium
1183 793 1356 865 precipuus,
1373 810 1563 866 quaecnmqne
1581 793 1665 866 regni
1679 809 1734 849 rre-

70 889 123 943 rcte
141 886 178 941 ad
203 900 251 940 xnr
275 883 361 951 tulii,
385 883 490 955 quibus
512 881 578 938 addi
600 887 695 954 posset
715 881 829 955 longior
883 882 991 954 gotiae
1006 882 1154 938 decessore
1168 898 1230 950 sno,
1247 886 1395 954 tamqnam
1420 899 1522 953 puero,
1539 888 1568 938 et
1595 883 1660 955 ipso
1686 866 1745 938 in-'

90 973 213 1032 Florarii
237 974 417 1039 Sanctorum,
445 971 485 1026 sio
501 975 531 1026 nt
557 970 663 1027 mirum
693 971 732 1027 sit
756 971 827 1027 adeo
882 970 1053 1043 tempestivo
1076 970 1158 1027 obitu
1185 976 1394 1043 praeoccupato,
1418 970 1517 1027 relicta
1543 970 1663 1028 inissent
1676 972 1731 1028 mi·

70 1062 161 1120 Mum
173 1062 326 1118 invaluisse
340 1061 415 1117 diem
431 1064 599 1131 sequentem
614 1075 671 1114 xrr.
883 1077 936 1115 nus
948 1063 1030 1116 caule
1045 1060 1187 1128 ordinata,
1204 1060 1265 1131 ipse
1282 1061 1441 1115 seeundum
1458 1060 1572 1116 Domini
1597 1061 1732 1118 timorem

75 1152 132 1209 Pro
148 1152 199 1207 hec
216 1151 304 1220 linter
327 1148 436 1205 codices
456 1152 568 1203 nostros
592 1146 838 1216 Ususrdinossm
882 1154 1044 1205 restaurare
1057 1149 1190 1221 iusteque
1216 1148 1369 1221 disponere
1391 1134 1510 1205 studuit.
1536 1170 1551 1198 a
1576 1148 1743 1224 videantur

80 1242 232 1297 recurrunt
261 1235 450 1293 Bruxeliensis
492 1233 572 1290 brevi
600 1234 654 1289 hac
689 1233 789 1305 phrasi
819 1249 825 1288 :
881 1237 921 1294 ibi
940 1237 1055 1310 qnaead
1081 1236 1295 1292 restitutionem
1308 1237 1490 1309 episcopatus
1513 1238 1731 1312 llerseburgen·

70 1326 102 1383 :ti
120 1325 245 1392 lienriei,
265 1324 388 1381 Romani
413 1323 597 1396 Imperatoris
624 1327 653 1377 et
681 1322 827 1377 confesso-
882 1327 920 1381 sis
940 1327 987 1399 pie
1012 1331 1041 1381 et
1066 1325 1198 1396 religiose
1227 1325 1347 1382 contulit
1375 1327 1432 1382 tter
1456 1326 1662 1383 sanctissimus.
1690 1329 1731 1384 En

84 1421 117 1473 et
139 1417 278 1481 blotanus,
294 1429 361 1469 eum
377 1414 432 1468 hoc
445 1412 491 1468 die
519 1414 651 1483 repetens
667 1427 673 1464 :
690 1411 827 1466 «Eodem
883 1415 1028 1472 modicum
1043 1415 1239 1486 fragmentum
1258 1431 1265 1469 ε
1283 1432 1298 1468 s
1313 1415 1467 1487 Postquam
1482 1415 1572 1487 igitur
1586 1417 1645 1473 lter
1655 1416 1732 1473 beati

70 1505 140 1561 moti
156 1503 269 1560 ilenrici
283 1502 410 1568 secundi,
430 1503 628 1557 Romanorum
644 1500 827 1570 Imperatoris
881 1502 1016 1559 desiderii
1033 1503 1078 1558 soi
1092 1503 1216 1575 explerit
1242 1509 1351 1570 votum,
1377 1519 1506 1558 reversus
1530 1503 1741 1575 ltagdeburch,

71 1593 190 1650 fossoris
205 1610 212 1647 :
227 1592 278 1664 qui
292 1592 365 1647 obiit
382 1607 458 1645 anno
473 1606 549 1646 rrxrr.
582 1610 593 1638 ι
612 1590 695 1662 Lege,
721 1594 753 1643 nt
780 1605 827 1643 sn·
882 1608 918 1647 ne
933 1591 1010 1664 quod
1033 1608 1067 1646 ex
1082 1593 1135 1646 hac
1150 1591 1329 1647 institutione
1353 1590 1567 1663 archiepiscopo
1581 1592 1731 1647 incusare·

70 1699 136 1739 nno
168 1698 262 1738 irrrrv.
291 1679 415 1735 Transiit
441 1677 678 1734 anachronisnms
699 1677 824 1733 inblan·
881 1686 929 1736 tur
942 1680 1075 1736 intulisse
1089 1681 1238 1742 damnum.
1256 1681 1401 1753 quoddam
1426 1679 1558 1751 suijuris
1584 1679 1678 1736 eidem
1693 1680 1731 1735 la·

70 1786 116 1839 m,
144 1770 195 1842 qni
219 1770 274 1825 hoc
298 1769 361 1840 ipso
389 1767 435 1823 dis
463 1765 586 1822 scribit:
614 1786 625 1814 ι
649 1765 824 1834 humberga.
881 1770 939 1841 gali
964 1773 1138 1825 testamento
1182 1767 1303 1824 tradidit
1332 1767 1476 1840 predium
1502 1783 1568 1823 oum
1598 1767 1731 1823 omnibus

90 1857 209 1915 ilenrici
236 1856 354 1913 secundi
380 1852 758 1928 Imperatorissanctissimi,
776 1851 826 1924 qui
880 1857 1062 1929 pertinentiis
1077 1858 1145 1926 suis,
1164 1856 1196 1914 in
1218 1857 1331 1914 Zeudioi
1359 1856 1506 1928 provincia
1529 1856 1628 1912 situm.
1659 1857 1731 1913 Nam

70 1963 146 2004 ¹xore
162 1963 214 2001 sna
234 1945 410 2017 cunegunde
428 1943 624 2015 virginitatem
650 1941 771 1997 serravit
786 1957 826 1996 :a
880 1945 942 2018 ipso
962 1946 993 2002 in
1018 1947 1139 2003 Domino
1161 1963 1273 2018 magnae
1299 1945 1457 2002 devotionis
1470 1946 1540 2010 Rex,
1562 1945 1596 2000 de
1622 1946 1731 2016 capella

70 2033 316 2106 tBembergcnsis
331 2032 450 2088 ecclesia
467 2032 587 2087 fundata
605 2034 634 2085 ct
652 2028 825 2092 doleiafuit,
880 2052 932 2091 sua
946 2051 1064 2091 sumens
1078 2052 1137 2092 non
1160 2036 1301 2092 modicam
1323 2039 1434 2107 partem
1449 2033 1638 2105 reliquiarum
1654 2034 1731 2091 beati

70 2140 104 2179 ns
128 2138 205 2178 anuo
229 2121 329 2177 salutis
344 2137 419 2176 rtur.
445 2140 459 2174 s
476 2119 580 2174 lisdem
593 2134 683 2191 propo
698 2117 826 2173 terminis
880 2123 1014 2193 ltauritii,
1030 2125 1126 2180 hieme
1141 2129 1211 2180 tnnc
1225 2123 1299 2179 forte
1315 2123 1441 2180 redivivo
1462 2122 1570 2193 frigore
1585 2122 1729 2192 saeviente,

70 2227 106 2269 nr
117 2211 232 2268 eiiam&
248 2210 369 2276 Felici03
384 2209 444 2272 θεᾶν
456 2208 534 2281 q⁰⁰d
550 2206 596 2261 ¹¹5⁰
621 2223 728 2262 norum
742 2206 826 2278 plant
880 2218 1045 2284 terramque
1061 2212 1174 2283 glaciali
1196 2213 1349 2284 asperitate
1375 2216 1404 2266 et
1418 2211 1483 2266 nire
1498 2211 1691 2283 cooperiente,
1713 2228 1731 2267 e

70 2316 141 2367 rnrn,
169 2316 185 2354 a
214 2299 358 2355 Gelesinio
382 2296 594 2369 praetermisstts
613 2301 666 2362 est,
693 2300 755 2350 tum
773 2294 827 2350 bot
880 2306 977 2356 monte
992 2300 1020 2357 S.
1035 2300 1152 2357 ioannis
1172 2300 1316 2371 Baptistae,
1345 2299 1396 2355 nbi
1424 2299 1620 2366 servabantur,
1644 2299 1731 2372 nudis

70 2389 224 2447 tmedtssti
248 2384 825 2455 die·0¹¹1t'effltbtsssentimumt³l⁰tfia
879 2389 1179 2462 pertinentiarum,
1204 2390 1298 2445 calore
1321 2388 1438 2461 pietalis
1466 2387 1551 2443 illum
1583 2388 1729 2444 animante

71 2479 110 2548 ir,
127 2478 261 2533 Brautius
280 2476 452 2534 §steinensis
481 2474 634 2546 episcopus
660 2474 694 2529 de
720 2473 823 2529 Sancto
879 2478 1023 2534 tricesimo
1034 2478 1080 2534 die
1101 2477 1290 2551 depositionis
1329 2477 1473 2534 Gisithorii
1510 2477 1728 2550 archiepiscopi,

70 2584 86 2624 s
111 2566 239 2639 occinitq
258 2587 272 2615 «
299 2564 437 2622 nanticus
452 2563 573 2636 primus,
591 2578 641 2618 rex
665 2577 766 2633 regum
781 2565 825 2616 2⁰·
878 2567 909 2622 in
920 2566 1063 2623 civitatem
1074 2567 1186 2630 detulit,
1203 2568 1313 2623 cunetis
1329 2567 1430 2623 festivo
1453 2567 1520 2631 rita,
1548 2571 1580 2623 ut
1591 2583 1644 2638 par
1656 2571 1725 2632 erat,

71 2654 144 2724 rbis,
174 2654 303 2727 conjugis
333 2653 445 2708 ornavit
471 2651 637 2723 virginitate
667 2655 761 2704 torum
785 2665 822 2703 t»
879 2670 926 2709 ees
940 2654 1172 2726 suscipientibus,
1187 2671 1257 2726 quas
1273 2659 1302 2709 et
1329 2658 1433 2723 sancto¹
1449 2653 1533 2708 altari
1563 2669 1629 2708 curn
1654 2669 1727 2725 pros·

75 2742 311 2815 verosubiungit
333 2741 367 2797 de
397 2755 534 2795 conversa
549 2755 603 2810 par
623 2738 651 2793 S.
670 2735 824 2793 ilenricnm
879 2740 960 2796 dictis
983 2739 1109 2795 donariis
1130 2740 1245 2807 obtulit,
1272 2740 1425 2812 ipsumque
1453 2740 1531 2795 diem
1558 2739 1589 2795 in
1618 2740 1729 2795 honore

70 2832 132 2901 uia,
153 2830 352 2901 explicatione,
368 2829 487 2899 indiget,
505 2843 591 2899 qnam
606 2825 680 2881 infra
695 2840 747 2879 suo
762 2825 824 2879 loto
879 2827 989 2898 prefati
1011 2828 1140 2900 llartyris
1167 2827 1229 2899 eius
1250 2828 1376 2884 ecclesian
1399 2828 1554 2893 celebrare,
1586 2827 1729 2900 quemad-

70 2937 108 2976 ns
128 2937 164 2974 :r
182 2918 334 2988 ilongsriae
357 2932 490 2987 ragnnrn,
507 2915 652 2987 Stephano
675 2929 740 2968 cum
755 2928 823 2983 rege
880 2917 996 2972 modum
1011 2917 1104 2973 adhuc
1120 2916 1252 2984 habetur,
1267 2916 1399 2973 instituit.
1419 2937 1432 2968 o

81 3007 221 3065 ilenrious
241 3005 344 3062 Christi
359 3004 456 3061 subdit
475 3003 623 3075 obsequio.
653 3001 759 3057 »Alios
776 3017 863 3074 re·(;
919 3009 961 3061 t9.
976 3006 1056 3062 Hatrd
1073 3007 1195 3062 multum
1216 3005 1355 3061 dissimile
1367 3010 1465 3061 sanato
1498 3003 1652 3077 Imperisto
1677 3019 1730 3058 en-

70 3112 117 3153 res
137 3091 754 3166 praetereo,ntietBuoelinumcnmlnngo
774 3105 825 3145 sno
879 3094 1016 3160 comtum,
1043 3095 1092 3151 sed
1114 3095 1237 3158 brevius,
1268 3085 1447 3149 concinnavit
1472 3099 1571 3149 auctor
1599 3091 1729 3149 Chroniei

70 3229 76 3253 ‚
106 3184 155 3241 oni
182 3182 347 3255 antiquiora
375 3185 403 3236 ot
428 3180 540 3235 veriora
568 3178 739 3234 substituere
761 3195 824 3233 ma·
882 3182 1221 3253 baltreshamensisapnd
1239 3184 1405 3250 Frehernm,
1421 3199 1487 3255 pag.
1504 3186 1538 3237 7⁴2
1561 3197 1568 3237 τ
1595 3203 1609 3232 «
1625 3181 1729 3237 Ottone

878 3271 962 3326 tertio
975 3271 1150 3342 Imperato··e
1171 3273 1269 3326 nomo
1283 3271 1427 3336 defuncto,
1439 3276 1469 3325 et
1482 3286 1533 3343 per
1547 3271 1726 3327 Heribertnm

70 3362 139 3420 Haeo
157 3363 233 3416 inter
247 3358 385 3415 vetustius
400 3357 512 3412 nullum
526 3360 576 3411 aut
593 3355 684 3426 magis
703 3356 824 3411 authen·
878 3360 1076 3417 coloniensum
1117 3359 1362 3432 archiepiscopum
1405 3365 1491 3432 atque
1542 3358 1726 3416 Godefridum

73 3450 196 3522 suggeri
222 3452 325 3521 potest,
347 3463 434 3518 quam
450 3445 527 3517 quod
543 3445 617 3499 libro
632 3460 684 3498 suo
713 3442 824 3515 quinto,
879 3449 980 3503 ducem
995 3448 1167 3520 llqnisgrani
1197 3449 1320 3520 sepulto,
1346 3448 1483 3504 ilenrirns
1511 3447 1568 3503 dux
1597 3448 1727 3503 bavario·

70 3538 97 3593 it
112 3538 259 3593 Ditmarus
271 3535 400 3589 versibus
412 3532 584 3588 hexametris
597 3532 627 3587 in
651 3532 825 3599 haeorerha,
879 3551 944 3590 rum
963 3535 1078 3605 imperii
1107 3536 1229 3591 fascibus
1257 3536 1381 3605 arreptis
1409 3551 1456 3589 rer
1485 3533 1726 3607 eligituretldo·

70 3641 163 3697 emper
177 3625 212 3679 ad
225 3632 348 3678 metrum
362 3628 482 3679 exacta:
879 3623 988 3694 guntioe
1006 3622 1164 3678 solenniter
1187 3623 1346 3679 ordinatur.
1378 3623 1465 3692 Cujus
1482 3631 1592 3694 quanta
1619 3621 1728 3676 iruerint

70 3730 110 3769 ms
124 3714 247 3782 scandit,
259 3719 412 3783 postquam
427 3710 549 3782 pueritia
571 3709 646 3778 aicit,
877 3712 999 3782 justitiae
1020 3717 1046 3765 et
1069 3711 1184 3781 pietatis
1219 3712 1354 3779 insignia,
1381 3715 1501 3766 testatur
1543 3710 1592 3764 ilta
1633 3710 1726 3771 uobis,

81 3801 233 3866 virtutum,
246 3808 329 3855 natus
343 3802 378 3854 de
391 3804 540 3854 stemmate
551 3814 663 3866 regum.
880 3816 966 3871 qnam
983 3799 1107 3853 condidit
1119 3806 1147 3854 et
1156 3802 1184 3853 in
1196 3816 1253 3871 qua
1267 3800 1397 3854 conditus
1410 3803 1462 3863 est,
1484 3796 1728 3868 babenbergensis

70 3896 144 3945 ieter
157 3890 296 3947 Henriens
310 3890 377 3955 dux,
393 3892 422 3943 rt
436 3886 558 3959 genitrix
575 3893 635 3940 erat
648 3885 710 3956 ejus
880 3886 1007 3943 ecclesia.
1020 3886 1167 3956 Siquidem
1183 3894 1262 3942 tanto
1282 3887 1430 3957 religionis
1445 3901 1543 3940 amore
1559 3886 1725 3953 ducebatur,

70 3979 243 4034 suismeritis
262 3975 612 4049 oeqoansrestigiaregis,
881 3982 911 4030 ot
927 3975 1129 4029 monachornm
1145 3982 1227 4046 pater
1241 3977 1441 4047 appellaretur.
1472 3974 1506 4028 Et
1534 3989 1613 4043 sana,
1641 3994 1655 4022 s
1683 3971 1727 4028 iu·

70 4067 200 4140 idipstris
218 4067 389 4136 Bnrgundiae
402 4061 608 4137 [burgundica]
624 4078 713 4134 ragno
723 4065 825 4116 tenen-
880 4063 942 4136 qnit
953 4061 1134 4118 blabillonins
1150 4064 1179 4118 in
1193 4067 1254 4120 dot.
1272 4063 1374 4118 bened.
1392 4080 1456 4118 soec.
1470 4080 1508 4130 rr,
1526 4068 1604 4133 parto
1617 4065 1642 4129 t,
1659 4078 1724 4134 pag.

70 4158 250 4228 ,praectarum
269 4154 569 4225 Woilgangnsproesut
584 4155 746 4218 alumnum,
760 4149 821 4224 [tis.
879 4153 970 4210 tut·
1000 4165 1065 4206 rere
1094 4169 1192 4206 eorum
1210 4158 1318 4223 patrem
1347 4151 1434 4207 fnisse
1449 4159 1476 4206 et
1491 4157 1645 4222 patronum
1660 4167 1726 4223 pro·

70 4247 174 4319 quitur
188 4245 342 4300 Dominum
356 4250 417 4298 toto
429 4243 581 4296 conamine
597 4241 751 4296 Christum.
880 4242 949 4296 bant
968 4242 1065 4293 vetera
1095 4240 1198 4308 passim
1214 4240 1406 4295 instrumento
1435 4239 1464 4293 in
1479 4255 1579 4294 eorum
1605 4240 1726 4311 gratiam

70 4350 152 4390 ecem
174 4332 322 4408 [mortem]
337 4332 427 4404 patris
443 4331 544 4385 ductor
558 4329 692 4384 successit
714 4327 822 4395 herilis,
840 4299 861 4353 ὓ
880 4332 956 4390 data.
976 4352 986 4378 ι
1004 4343 1068 4397 qne
1084 4328 1146 4383 vide
1162 4327 1211 4396 ibi,
1227 4344 1293 4382 cum
1323 4328 1442 4383 elencho
1459 4327 1629 4384 Sanctorum
1655 4345 1727 4400 quos

70 4423 255 4494 >timpanum
271 4422 356 4491 longe
371 4425 479 4490 spectat
499 4433 615 4490 quoque
630 4418 752 4471 clarum.
879 4421 944 4491 pius
959 4421 1118 4490 imperator
1132 4417 1229 4471 virens
1244 4417 1373 4481 coluerit,
1402 4415 1461 4472 imo
1477 4422 1569 4471 totum
1586 4417 1726 4488 elogium,

70 4528 99 4567 re
112 4528 180 4583 pars
194 4512 273 4582 regni
289 4511 371 4567 Slavo
385 4514 491 4562 vastata
507 4507 615 4562 crudeli
633 4503 745 4577 [feroci]
879 4510 954 4580 qnod
980 4508 1026 4564 hio
1041 4506 1127 4560 inseri
1145 4511 1312 4571 moreretur,
1328 4505 1381 4559 nisi
1401 4506 1490 4559 tirum
1507 4513 1582 4560 asset
1596 4506 1654 4560 sola
1680 4522 1725 4560 re·

70 4617 95 4657 m
106 4599 305 4671 iaetatnrquod
321 4599 356 4652 ab
372 4598 458 4667 liuius
474 4613 542 4668 pace
558 4595 666 4667 potitur
879 4598 1000 4653 iustiora
1014 4597 1159 4666 colligare,
1175 4596 1260 4666 quate
1275 4595 1362 4648 etiarn
1379 4593 1449 4648 iliud
1470 4593 1546 4664 qnod
1574 4593 1661 4648 habet
1673 4607 1722 4646 an·

70 4688 224 4760 reomatis,
236 4689 370 4759 justeque
385 4686 536 4757 rapacibus
549 4684 637 4739 armis
880 4692 940 4741 otor
954 4686 1025 4743 Vitae
1035 4684 1126 4739 sancti
1140 4683 1298 4738 ltfeinweroi
1313 4682 1388 4753 apud
1405 4699 1457 4736 nos
1473 4698 1535 4752 cap.
1549 4684 1577 4749 t,
1592 4697 1672 4737 num.
1697 4681 1724 4747 9,

70 4778 228 4849 ldepulsis‚
245 4793 276 4831 ao
290 4775 354 4830 dira
366 4776 428 4847 lage
443 4773 556 4841 sedatis,
881 4790 946 4846 pag.
963 4775 1032 4829 515:
1048 4790 1062 4823 a
1080 4771 1218 4826 ilenrious
1232 4771 1290 4826 dux
1306 4770 1477 4841 bajoariam,
1503 4771 1660 4826 secundum
1674 4785 1727 4823 sre-

70 4883 96 4922 κ
109 4881 210 4921 omnes
223 4870 321 4919 eontra
332 4880 361 4918 se
371 4862 508 4934 deprimit
522 4863 628 4928 hostes,
880 4863 936 4918 culi
952 4861 1121 4934 dignitatem
1133 4858 1385 4931 locupletissimus,
1396 4865 1426 4914 et
1450 4859 1611 4914 litterarum
1627 4854 1728 4910 studiis

70 4956 148 5011 loeus
164 4955 252 5009 socios
263 4953 389 5025 jocundo
406 4953 512 5007 tamine
526 4956 651 5007 cunctos.
880 4968 939 5006 non
953 4950 1080 5005 tenuiter
1089 4949 1257 5013 instructus,
1284 4953 1313 5003 et
1335 4948 1412 5021 qnod
1428 4947 1473 5002 bis
1496 4944 1589 5015 majus
1617 4947 1670 5011 est,
1683 4942 1728 4998 rir

70 5062 76 5098 r
93 5042 217 5113 deliquit
229 5040 382 5108 modicam,
399 5042 496 5095 statim
511 5038 663 5110 resipiscit,
880 5040 910 5094 in
927 5039 1007 5094 omni
1030 5037 1207 5110 perfectione
1235 5037 1424 5092 ecclesiastice
1439 5033 1611 5106 praecipuus.
1627 5052 1641 5083 n
1660 5031 1726 5087 rtu-

70 5133 125 5189 bus
140 5148 171 5186 ee
186 5129 280 5202 dignis
299 5131 418 5185 curabat
428 5128 661 5184 vnlneracarnis.
879 5127 961 5184 ribus
974 5126 1158 5196 supersedeo,
1172 5142 1238 5198 quar
1256 5126 1332 5197 apud
1346 5123 1497 5194 scriptores
1512 5119 1672 5190 presertim
1696 5119 1727 5175 in

70 5217 627 5288 Ecclesire,onnctismiseraturubique.
808 5251 816 5266 .
881 5217 943 5270 Vita
958 5215 986 5271 S.
1008 5214 1167 5270 lteinweroi
1198 5213 1264 5269 satis
1288 5211 1372 5268 obvia
1401 5213 1476 5276 sunt,
1492 5224 1558 5264 cum
1583 5208 1727 5265 nullusde

70 5324 135 5379 urg,
144 5307 170 5363 si
185 5307 271 5362 scires
285 5307 371 5378 huius
386 5308 433 5378 pia
447 5311 522 5373 rota,
538 5305 631 5360 sitires
880 5306 977 5358 sancto
1006 5303 1181 5374 Imperatore
1206 5301 1267 5356 sine
1296 5298 1401 5354 merita
1439 5295 1524 5352 laude
1552 5296 1725 5352 meminerit.

70 5403 135 5455 tum
150 5396 223 5451 tanti
233 5396 360 5462 rectoris,
377 5399 406 5451 et
420 5395 526 5465 inclyta
537 5393 640 5449 Christi
882 5391 1001 5461 Reliqua
1015 5391 1050 5446 ad
1066 5391 1156 5445 sancti
1173 5387 1355 5460 Imperatoris
1375 5387 1485 5441 cultum
1507 5385 1665 5457 spectantia
1676 5384 1725 5440 da-

70 5503 93 5542 u
110 5484 254 5551 laudares,
268 5484 469 5555 condignaque
485 5482 604 5554 premia
618 5482 715 5536 ferres.
881 5480 922 5534 bit
937 5494 1059 5549 sequena
