3878 6112
91 305 145 360 ⁵1³
685 302 867 360 PROOElild.
888 334 924 345 -
946 306 1025 362 l'ill.
1045 303 1257 360 annelinum.
1795 311 1848 365 tlt

90 430 217 484 multum
239 428 396 483 honoratus
419 431 447 482 at
462 442 544 481 carus
568 442 628 498 pre
643 425 708 481 aliia
722 427 848 494 habitus,
865 427 980 484 illiusA
998 426 1205 498 promittendo,
1221 425 1332 497 virgam
1355 427 1527 498 pastoralem
1549 428 1666 500 accepit.
1682 429 1736 494 Qui
1750 433 1846 488 atatim

91 515 216 570 consitio
229 522 258 571 at
273 517 361 569 malos
377 513 526 570 coercebat
541 519 569 570 at
590 530 651 569 rem
668 515 812 586 publicam
826 515 857 570 in
876 531 946 587 pace
1000 532 1066 571 cum
1080 516 1185 587 gaudio
1201 515 1236 571 de
1250 515 1331 570 ltalia
1345 531 1501 586 regressus,
1518 517 1553 571 ad
1570 517 1661 572 locum
1678 520 1730 589 qui
1744 519 1848 575 dicitur

91 603 213 676 regebat
238 601 272 658 ⁸⁸.
303 603 382 659 Unde
405 604 536 674 contigit,
561 613 590 658 ut
617 604 777 675 imperator
800 604 944 660 abbatiam
1001 605 1075 659 Curo
1089 605 1113 640 ⁸⁸
1126 603 1266 675 pervenit,
1289 603 1388 675 ibique
1402 604 1491 659 vitam
1511 604 1611 660 linivit.
1636 605 1736 660 Nuncii
1751 612 1847 662 autem

93 691 349 748 laurissatiensem
378 689 402 725 ⁸⁸
424 692 629 746 wormaciensi
655 693 782 747 ecclesiae
806 693 945 748 concede·
1000 696 1184 757 revertentes,
1200 692 1335 747 baculum
1358 692 1526 763 imperatori
1545 694 1717 760 retulerunt,
1743 700 1773 750 et
1791 696 1847 750 hu·

93 784 137 834 ret
152 785 181 834 et
204 787 283 834 carta
306 795 338 833 ac
361 779 512 850 privilegio
535 788 675 851 perpetuo
699 781 840 837 stabiliret
864 786 892 835 et
915 782 945 835 in
998 780 1046 851 jus
1070 780 1219 835 interitum
1244 780 1380 835 dixerunt
1398 779 1433 834 ⁹⁸.
1457 782 1535 836 Tunc
1560 782 1676 836 taudem
1692 783 1849 855 imperator

92 873 237 924 conventu
261 883 294 923 ac
315 866 473 923 consilio⁸⁸
497 870 693 924 Romanorum
717 867 739 904 ⁸¹
755 869 828 925 hanc
852 869 946 925 tradi·
1000 885 1058 923 sure
1083 884 1193 923 memor
1215 868 1426 939 promissionis,
1453 885 1570 925 manum
1585 868 1609 905 ⁸⁸
1627 871 1729 926 clausit
1744 877 1773 927 at
1788 873 1850 944 epi·

92 957 205 1013 tionem
228 958 349 1012 recitare
364 973 396 1011 ac
413 958 604 1028 pronunciare
628 959 811 1030 praecepisset
824 961 876 1028 (0).
893 959 945 1013 Eo·
1000 961 1149 1028 scripulum
1175 957 1252 1012 hunc
1278 956 1396 1024 nemini,
1422 958 1590 1029 priusquam
1607 957 1636 1012 in
1659 959 1782 1029 patriam
1806 976 1850 1015 re-

92 1045 160 1101 dem
184 1053 316 1116 tempore
345 1045 502 1117 imperator
525 1051 553 1100 et
568 1046 722 1117 praedictus
745 1046 895 1117 episcopus
911 1048 944 1115 ⁸⁸,
1000 1051 1170 1114 verteretur,
1194 1062 1224 1100 se
1239 1045 1374 1102 daturum
1396 1046 1538 1117 promisit.
1555 1045 1610 1111 uni
1631 1047 1685 1102 troc
1700 1048 1811 1103 meritis
1825 1047 1850 1083 ⁸⁸

92 1132 190 1188 induti
202 1132 310 1202 ciliciis,
328 1133 449 1204 pedibus
465 1135 489 1170 ⁸⁸
501 1134 618 1205 penitus
631 1135 787 1190 denudatis
802 1134 837 1202 ⁸⁸,
853 1151 946 1207 quau·
1000 1134 1076 1189 beati
1099 1134 1189 1189 Patris
1205 1133 1295 1188 nostri
1309 1131 1332 1167 ⁸⁸
1348 1150 1407 1188 nun
1422 1135 1614 1205 computabit,
1628 1135 1747 1207 ejusque
1761 1137 1851 1194 vitam

92 1221 163 1277 dam
194 1222 360 1293 speluncam
385 1222 469 1293 juxta
495 1222 585 1277 sancti
614 1223 768 1278 Clementis
797 1223 945 1279 ecclesiam
1000 1221 1100 1276 inboc
1124 1236 1179 1275 nou
1204 1217 1229 1256 ⁸⁸
1242 1220 1379 1287 laudabit,
1399 1223 1477 1292 quod
1499 1222 1569 1277 itaa
1586 1223 1642 1276 lieo
1657 1227 1720 1277 erat
1732 1224 1848 1292 electus,

92 1310 168 1366 clam
192 1310 303 1365 cunctis
325 1310 513 1376 intraverunt,
539 1310 637 1383 ibique
661 1312 692 1366 in
717 1312 896 1366 orationibus
918 1317 946 1366 et
1001 1314 1032 1363 ut
1054 1309 1176 1364 istorum
1201 1308 1328 1363 virorum
1352 1309 1519 1365 ostenderet
1541 1310 1691 1366 delectus?
1713 1311 1782 1366 llira
1804 1327 1850 1367 ras

89 1398 211 1470 jejuniis
237 1414 348 1454 necnon
363 1399 393 1453 in
415 1398 521 1468 vigiliis
545 1400 760 1470 quatuordecim
784 1400 845 1456 dies
868 1398 892 1434 ⁸⁸
908 1401 946 1455 la·
1000 1397 1182 1467 multumque
1210 1396 1361 1467 stupenda,
1388 1401 1420 1452 ut
1443 1413 1520 1451 unus
1545 1404 1609 1468 post
1631 1398 1800 1454 electionem
1821 1404 1850 1455 et

91 1491 213 1542 luerunt
240 1486 306 1558 (lo).
332 1488 438 1542 Ferunt
458 1487 587 1558 quidam,
613 1488 771 1543 visionibus
791 1493 821 1543 et
835 1488 945 1543 allocu-
1000 1484 1179 1554 episcopatus
1202 1485 1396 1554 acceptionem
1411 1482 1436 1519 ⁸⁸
1449 1490 1584 1556 quartum
1607 1484 1750 1540 decimum
1770 1485 1848 1541 diem

91 1575 221 1631 tionibus
245 1575 349 1630 divinis
370 1577 533 1630 eoscrebro
550 1576 604 1631 boc
624 1577 684 1631 loco
711 1577 943 1631 luissaconsola-
1000 1589 1057 1627 non
1088 1573 1206 1627 vidisset
1237 1570 1275 1640 ⁸⁰,
1309 1573 1382 1626 alter
1413 1589 1481 1628 vero
1513 1579 1650 1644 quartum
1681 1573 1759 1628 diem
1790 1591 1850 1630 non

91 1668 148 1718 tos.
173 1664 229 1719 llos
257 1669 353 1719 antam
382 1665 456 1719 banc
484 1680 545 1719 reru
574 1680 676 1735 parum
703 1665 786 1719 nobis
813 1680 979 1756 comper·B
999 1660 1114 1715 vixisset
1126 1658 1165 1715 ⁸¹l
1183 1660 1236 1715 llic
1261 1659 1423 1731 intelligere
1445 1676 1556 1715 necnon
1581 1666 1610 1714 et
1631 1660 1775 1716 mirabilia
1798 1662 1850 1716 Dei

92 1754 155 1804 tam
168 1748 504 1822 ⁸⁸existimationevulgi
518 1751 721 1805 ruminandam
742 1750 941 1821 relinquimus.
1000 1765 1154 1819 possumus
1168 1749 1274 1804 videre.
1300 1749 1363 1803 Non
1386 1753 1430 1803 est
1453 1748 1531 1802 enim
1554 1747 1696 1818 sapientia
1717 1765 1809 1820 neque
1825 1747 1851 1786 ⁸¹

92 1836 149 1893 Sed
163 1843 261 1893 umen
278 1839 331 1894 hoc
345 1855 397 1909 pro
411 1844 488 1892 carto
503 1839 618 1904 scimus,
640 1839 714 1909 quod
732 1837 867 1909 episcopo
884 1837 944 1892 dies
999 1837 1152 1909 prudentia
1182 1852 1234 1892 nec
1260 1837 1352 1891 ullum
1378 1836 1530 1891 consilium
1555 1843 1656 1891 contra
1682 1837 1847 1893 Dominum.

92 1930 123 1980 et
142 1926 214 1980 hora
235 1927 331 1981 obitus
353 1926 398 1982 sui
420 1926 558 1980 divinitus
585 1931 744 1996 praenotata
768 1932 824 1980 est.
845 1927 877 1981 Et
891 1927 945 1979 boc
999 1925 1080 1990 Quod
1096 1926 1174 1979 enirn
1199 1924 1363 1980 hominibus
1378 1924 1495 1996 placuit,
1511 1926 1570 1980 lieo
1592 1924 1756 1996 displicuit;
1773 1927 1848 1998 quod

92 2013 154 2084 ipsa
178 2010 215 2082 ⁸⁸,
230 2020 381 2085 postquam
405 2014 522 2069 domum
538 2011 564 2047 ⁸⁸
587 2013 693 2068 reversi
720 2019 796 2081 suut,
822 2013 945 2084 impera·
998 2012 1157 2083 imperator
1179 2014 1275 2082 elegit,
1303 2014 1376 2067 Deus
1391 2012 1501 2084 rejecit,
1518 2017 1545 2066 et
1567 2012 1655 2080 elegit
1676 2013 1802 2081 intirma,
1818 2018 1851 2068 ut

93 2102 150 2156 tori
174 2101 387 2172 pronunciavit.
417 2101 510 2166 Quare
539 2102 696 2173 imperator
722 2102 845 2157 multum
874 2117 943 2156 con·
999 2099 1185 2155 contunderet
1209 2098 1233 2135 ⁸⁸
1255 2098 1351 2156 fortia.
1375 2100 1488 2155 Sciebat
1511 2100 1589 2155 enim
1614 2098 1638 2137 ⁸⁸
1658 2117 1788 2156 suumne
1813 2103 1849 2156 ti-

92 2190 232 2254 tristatns,
245 2206 332 2262 quern
347 2190 377 2243 in
392 2187 415 2226 ⁸⁸
429 2191 525 2243 locum
542 2189 631 2258 ipsios
644 2189 750 2244 habero
764 2190 809 2244 vel
822 2189 869 2244 coi
883 2191 944 2260 epi·
999 2194 1137 2255 mentem,
1153 2205 1183 2243 se
1207 2189 1374 2260 diligentem
1389 2185 1426 2255 ⁸⁸,
1441 2204 1471 2242 se
1485 2188 1552 2242 totis
1566 2188 1674 2244 viribus
1688 2190 1827 2245 colentem
1841 2207 1848 2255 ;

92 2284 241 2348 scopatum
273 2282 335 2347 ejus
366 2275 392 2312 ⁸⁰
423 2277 603 2332 committere
631 2279 785 2345 debuisset,
820 2279 943 2332 multnrn
997 2277 1076 2332 hunc
1096 2278 1334 2348 praedestinatum
1358 2276 1471 2330 vocavit
1492 2274 1527 2344 ⁸⁸,
1544 2280 1572 2330 et
1594 2281 1728 2331 vocatum
1743 2277 1849 2348 justili-

93 2365 271 2421 lacrimando
295 2365 331 2420 ab
344 2382 378 2420 eo
399 2365 553 2435 exquisivit
572 2363 608 2418 ⁸¹.
624 2366 702 2419 Tunc
726 2365 842 2420 tandem
862 2366 944 2436 quasi
998 2365 1081 2429 cavit,
1097 2371 1126 2421 et
1144 2365 1334 2436 justificatum
1358 2380 1419 2420 non
1434 2364 1517 2420 laude
1543 2364 1706 2432 bominum,
1732 2366 1784 2421 sed
1798 2383 1849 2420 sua

92 2461 207 2509 coactus
227 2455 268 2508 sic
287 2453 437 2524 respoudit
453 2468 460 2507 :
478 2453 602 2508 Fratrem
625 2469 708 2508 uirum
731 2453 829 2522 tndem
843 2457 869 2508 si
886 2453 944 2508 Deo
999 2454 1195 2509 misericordia
1208 2454 1410 2525 magnificavit.

90 2543 241 2612 plauderet
272 2545 305 2609 ⁸¹,
338 2542 408 2596 tuuc
439 2543 509 2595 milri
540 2556 716 2597 successorem
746 2557 883 2609 rogassem
906 2540 940 2598 ⁶¹.
1034 2546 1059 2597 5.
1075 2543 1235 2615 Imperator
1248 2543 1326 2598 enim
1341 2543 1377 2599 de
1390 2540 1415 2576 ⁸⁸
1430 2542 1510 2597 ltalia
1524 2557 1671 2612 regressus
1685 2541 1744 2612 (ou.
1758 2542 1848 2613 lollii),

91 2630 179 2701 Super
201 2631 256 2685 lraec
274 2635 363 2685 autern
385 2632 476 2685 omnia
499 2633 572 2685 Deus
596 2645 680 2684 uuum
701 2631 845 2700 provident
864 2628 897 2698 ⁸⁸,
914 2634 943 2686 in
997 2631 1148 2686 Saroniam
1164 2630 1335 2702 ingreditur,
1352 2635 1380 2686 et
1394 2631 1424 2686 iu
1438 2631 1533 2685 locum
1549 2632 1599 2701 qui
1619 2630 1724 2685 dicitur
1738 2630 1848 2685 Kirich·

92 2718 290 2788 puribibeue
313 2719 485 2787 complacent.
511 2718 590 2771 Tunc
606 2717 763 2788 imperator
783 2718 836 2773 sub
856 2723 943 2772 testa·
996 2718 1069 2790 berg
1090 2717 1116 2754 ⁸⁸
1135 2719 1192 2792 (ll)
1216 2719 1357 2791 pervenit.
1385 2719 1455 2773 llluc
1479 2719 1630 2790 episcopos
1653 2719 1850 2789 lloguntinus,

92 2811 192 2861 mento
217 2806 268 2860 Dei
295 2806 403 2876 juravit
427 2805 604 2860 antedictum
634 2807 831 2877 episcopatum
861 2806 943 2862 tratri
997 2812 1104 2863 etcum
1126 2825 1161 2863 eo
1184 2808 1366 2863 venerandus
1386 2807 1567 2862 Burcbardns
1589 2807 1624 2862 ad
1643 2807 1850 2877 imperatorem

90 2894 168 2949 illins
192 2910 222 2948 se
237 2893 383 2949 daturum.
409 2894 607 2948 statuerius
623 2909 655 2948 ac
674 2894 823 2948 ⁸‘facilius
844 2910 942 2950 recor·
996 2897 1086 2951 venit.
1114 2898 1274 2968 imperator
1302 2895 1546 2967 archiepiscopum
1576 2895 1732 2951 honorilice
1760 2895 1848 2949 susci·

91 2981 153 3037 dari
167 2982 321 3053 potuisset,
347 2981 498 3053 epistolam
523 2981 749 3053 deprecatoriam
764 2998 817 3052 pro
840 2983 894 3037 bac
910 2999 939 3039 re
956 2973 977 3029 C
994 2986 1090 3057 piens,
1111 3000 1227 3040 causam
1250 2983 1468 3039 wormaciensis
1493 2984 1673 3055 episcopatus
1697 2983 1740 3038 illi
1764 2982 1790 3018 ⁸⁸
1804 2999 1851 3038 ex·

91 3068 288 3142 abepiscopo
312 3069 430 3139 accepit,
458 3085 545 3141 quam
571 3070 602 3124 in
628 3071 772 3125 sacculum
797 3086 882 3125 snum
906 3071 941 3126 ad
996 3074 1102 3145 posuit,
1119 3074 1302 3143 duorumque
1319 3073 1446 3128 virorum
1467 3071 1615 3127 mirabiles
1634 3072 1768 3127 interitus
1786 3088 1849 3127 orn-

91 3159 297 3213 testamentnm
311 3157 337 3193 ⁸⁸
357 3158 463 3229 posuit.
486 3157 558 3222 Quid
573 3159 681 3229 ptumi
693 3159 798 3213 Eadem
814 3157 839 3193 ⁸⁸
853 3160 899 3215 die
914 3164 942 3215 et
997 3162 1065 3216 nino
1080 3161 1219 3216 narravit.
1238 3162 1270 3215 iu
1283 3164 1349 3231 post
1371 3161 1476 3215 multas
1490 3158 1737 3214 confabulationes
1756 3159 1849 3231 impe·

91 3246 164 3302 bora
177 3262 235 3318 qua
247 3244 271 3280 ⁸⁸
284 3247 345 3317 ipse
360 3246 492 3318 praedixit
505 3244 528 3282 ⁸⁸
540 3251 633 3301 morte
648 3246 806 3314 succubuit,
823 3262 941 3319 corpus·
994 3253 1074 3304 rator
1093 3245 1120 3283 ⁸⁸
1142 3264 1194 3317 per
1220 3248 1373 3303 fenestram
1398 3246 1575 3319 prospiciens
1594 3243 1629 3314 ⁸⁸,
1653 3247 1849 3302 Burcbardum

90 3350 148 3407 que
164 3351 250 3390 suum
265 3336 365 3390 ltomoe
386 3351 451 3389 curu
474 3351 577 3406 magno
593 3335 704 3390 bonore
718 3336 749 3390 in
762 3350 833 3405 pace
846 3337 941 3407 sepul·
997 3335 1077 3402 vidit,
1094 3350 1181 3406 quam
1205 3334 1304 3389 statim
1327 3335 1459 3390 celeriter
1479 3335 1515 3389 ad
1539 3350 1569 3389 se
1591 3335 1712 3390 vocavit.
1728 3334 1849 3390 litarri-

91 3428 154 3479 tum
169 3427 214 3477 est
226 3423 283 3494 (un.
301 3425 363 3491 900,
378 3426 451 3490 Aue.
467 3423 523 3493 07).
994 3424 1077 3493 piens
1111 3438 1231 3479 manum
1258 3420 1293 3490 ⁸²,
1325 3439 1455 3478 seorsum
1489 3421 1628 3488 duxit⁸⁸,
1657 3423 1728 3495 quid
1761 3423 1850 3478 irater

124 3513 153 3566 4.
172 3511 308 3567 00000000
332 3518 429 3566 autem
450 3512 596 3582 episcopo,
621 3512 719 3567 statim
743 3511 863 3567 aderant
890 3527 941 3565 va·
995 3512 1057 3581 ejus
1069 3509 1093 3548 ⁸⁸
1108 3527 1161 3582 pro
1189 3527 1223 3566 eo
1248 3511 1360 3579 rogarit
1374 3507 1398 3544 ⁸⁸
1411 3510 1516 3582 quidve
1539 3510 1595 3565 sibi
1617 3508 1846 3579 demandarit⁸⁸,

88 3600 126 3655 rii
140 3598 388 3671 ”deprecatores
413 3601 617 3671 imperatorem
633 3617 685 3671 pro
709 3601 878 3671 episcopatu
892 3598 940 3654 in·
994 3598 1148 3669 diligenter
1174 3599 1314 3670 exposuit.
1341 3601 1379 3655 Ac
1395 3599 1499 3653 deinde
1527 3598 1687 3668 epistolam,
1708 3615 1796 3670 quam
1818 3600 1848 3655 in

88 3693 234 3744 vocantes.
259 3690 297 3743 Ex
319 3689 425 3760 quibus
444 3689 562 3760 qnidam
585 3689 679 3760 Erpho
695 3686 872 3760 ⁸⁰past0rali
887 3703 940 3741 no·
995 3687 1106 3741 sacculo
1134 3686 1297 3748 reservavit,
1325 3686 1368 3739 illi
1396 3685 1530 3756 aperuit;
1556 3685 1653 3756 sicque
1673 3683 1698 3720 ⁸⁸
1719 3687 1848 3742 Worma·

87 3777 170 3832 mine
193 3777 348 3847 insignitus
362 3775 385 3811 ⁸¹
401 3783 451 3831 est.
468 3777 522 3833 Sed
538 3777 583 3832 hic
598 3783 696 3848 postea
712 3781 848 3848 quartum
864 3776 941 3831 diem
994 3774 1089 3829 ciensa
1114 3773 1304 3828 sacerdotium
1331 3773 1375 3828 illi
1401 3772 1503 3827 offerre
1526 3774 1622 3845 coepit.
1650 3773 1780 3845 Cumque
1804 3775 1848 3829 illi

87 3881 148 3921 non
174 3865 255 3932 vidit,
271 3866 339 3936 quia
355 3864 401 3920 die
424 3865 507 3920 tertia
522 3865 635 3920 deiecit.
648 3865 709 3930 Quo
731 3864 865 3930 extincto,
887 3864 939 3918 ad·
994 3861 1117 3915 muttum
1132 3858 1315 3926 reniteretur,
1329 3873 1416 3929 seque
1432 3858 1584 3929 indignum
1599 3875 1660 3913 essa
1684 3860 1847 3931 pontificale

87 3952 209 4008 inerunt
230 3954 337 4008 iterum
359 3969 416 4008 non
438 3953 534 4025 pauci,
549 3969 634 4008 aures
659 3952 840 4024 imperatoris
856 3952 940 4006 variis
993 3947 1121 4003 cilicium
1146 3947 1290 4018 suscipere
1311 3946 1499 4000 contenderet
1522 3943 1557 4014 ⁸⁸,
1577 3947 1735 4018 imperator
1758 3947 1848 4002 velie·

88 4041 289 4113 rogationibus
304 4041 493 4112 pecuniaque
509 4041 749 4112 promissionibus
762 4056 814 4111 pro
829 4039 940 4111 episco-
994 4041 1106 4092 menter
1133 4036 1244 4092 instans
1270 4032 1295 4070 ⁸⁸
1319 4034 1401 4107 quasi
1431 4035 1518 4090 viad
1543 4036 1760 4106 suscipiendum
1781 4052 1847 4090 aum

88 4135 160 4201 patu
198 4129 373 4185 incessanter
408 4131 618 4196 adimplentes,
657 4129 734 4184 inter
763 4144 834 4200 quoa
866 4143 940 4182 unns
993 4125 1173 4197 compulerat
1200 4121 1247 4179 ⁸⁰⁰.
1273 4124 1401 4179 Tandem
1425 4124 1605 4195 conspiciens
1629 4122 1677 4192 ⁸⁰¹,
1702 4125 1771 4196 quia
1795 4141 1846 4196 po·

90 4215 396 4284 llazo⁸⁸nominatus,
422 4218 546 4272 maxime
561 4217 719 4272 laborando
735 4221 764 4271 et
778 4232 835 4271 non
848 4231 939 4286 pauca
993 4213 1065 4268 tenti
1083 4214 1215 4268 resistere
1240 4228 1300 4267 non
1328 4217 1434 4284 posset,
1462 4216 1493 4267 ut
1510 4209 1545 4250 ⁸⁸¹
1566 4229 1631 4267 curu
1659 4213 1772 4268 seniore
1795 4228 1847 4267 suo

800 4347 915 4402 VARIAE
934 4345 1133 4402 LECTIONES.

123 4469 149 4506 ⁸⁸
175 4468 356 4542 gubernabat
381 4471 406 4523 0.
443 4467 468 4505 ⁸⁸
503 4469 663 4524 laurissam
669 4509 723 4525 .....
752 4471 778 4524 0.
818 4467 844 4504 ⁸⁸
869 4468 988 4522 consilio
1020 4471 1047 4522 0.
1087 4466 1110 4506 ⁸¹
1145 4457 1339 4522 Romanarum
1378 4467 1587 4538 provintiarum
1619 4468 1789 4540 preciperet
1817 4471 1844 4523 0.

88 4538 113 4576 ⁸⁸
148 4557 179 4596 e.-
204 4541 311 4596 Franco
351 4542 376 4595 0.
414 4537 440 4575 ⁸⁸
464 4540 643 4611 pedibusque
668 4544 694 4596 0.
733 4539 758 4575 ⁸⁸
786 4540 942 4596 nudatist.
980 4537 1005 4573 ⁸⁸
1032 4539 1144 4593 dierum
1174 4541 1200 4592 0.
1239 4536 1263 4574 ⁸⁸
1296 4552 1415 4609 parvam
1439 4553 1469 4594 n.
1497 4545 1692 4608 comparatam
1707 4543 1734 4594 0.
1774 4537 1798 4574 ⁸⁸
1826 4541 1846 4593 i.

88 4611 242 4683 episeopus
267 4610 436 4716 imperatori
461 4627 494 4681 p.
515 4612 543 4664 0.
560 4626 584 4665 r.
602 4628 626 4665 s.
643 4627 671 4682 p.
688 4613 714 4664 0.
754 4609 777 4648 ⁸⁸
800 4612 877 4665 domi
892 4613 919 4665 0.
959 4606 1070 4663 ⁸⁸deest
1096 4611 1123 4663 0.
1162 4605 1276 4662 ⁸⁰deest
1299 4611 1324 4663 0.
1361 4609 1531 4679 “quesivit
1555 4612 1582 4664 0.
1620 4608 1646 4643 ⁸⁸
1672 4610 1848 4681 placaret-

88 4696 223 4752 rogaram
237 4684 264 4736 0.
342 4684 434 4735 virum
451 4680 603 4752 prevideat
622 4684 649 4736 0.
688 4679 756 4736 ⁸⁸et
777 4684 804 4734 0.
842 4678 867 4717 ⁸⁸
879 4678 1062 4735 testationem
1083 4679 1134 4733 tali
1147 4681 1175 4733 0.
1212 4676 1394 4734 ⁸⁸eodemt.
1432 4676 1458 4713 ⁸⁸
1473 4694 1560 4749 quarn
1577 4682 1603 4734 0.
1643 4678 1710 4750 ⁸⁸p.
1729 4681 1846 4747 Franco,

87 4751 131 4807 rir
149 4751 322 4835 venerabilis
349 4757 377 4806 et
391 4752 449 4832 lieo
464 4751 584 4806 dilectus
598 4753 750 4821 episcopus
778 4749 1005 4833 wormatiensis,
1028 4754 1139 4805 naturae
1154 4747 1304 4853 succubui*
1318 4754 1347 4802 et
1361 4747 1492 4829 debitum
1519 4751 1619 4854 monis
1640 4751 1728 4831 solvit
1743 4756 1772 4804 et
1786 4766 1847 4805 cor-

87 4836 222 4947 l“⁸.ili‡
235 4822 591 4947 iussitlussit?
605 4818 1063 4948 ⁰t¹¹¹„‚²·„,'⁹„l{¹¹⁸tm„23„²„
1078 4817 1106 4946 i.
1119 4819 1591 4945 ‘ll⁰.²u..r.⁵:ltll⁰tt...
1606 4823 1846 4959 00000οἒ3ιί

89 4963 198 5019 tionem
226 4966 252 5017 0.
290 4961 412 5017 ”vidit
450 4961 474 5001 ⁸¹
496 4963 567 5017 vixit
579 4966 606 5018 0.
645 4961 737 5016 ⁸⁸nec
763 4965 790 5016 0.
827 4959 853 4996 ⁸⁸
867 4962 1023 5017 contundat
1048 4964 1073 5015 0.
1111 4958 1138 4996 ⁸⁸
1160 4975 1284 5030 namque
1307 4962 1333 5014 0.
1372 4957 1396 4992 ⁸⁸
1413 4960 1566 5024 colentem,
1583 4977 1613 5014 se
1635 4967 1655 5014 t.
1672 4975 1701 5014 v.
1720 4959 1845 5030 diligen·

88 5037 190 5088 remu.
227 5031 253 5067 ⁸⁸
275 5049 299 5088 v.
316 5041 346 5088 et
369 5051 394 5087 v.
419 5033 439 5088 i.
469 5033 646 5088 elidesaut
669 5036 696 5088 0.
734 5031 758 5067 ⁸⁸
775 5033 810 5087 ab
833 5035 858 5087 0.
898 5031 924 5067 ⁸⁸
941 5032 1151 5102 llyritzbergt.
1193 5027 1279 5084 ⁸⁸itla
1302 5033 1329 5085 0.
1367 5027 1415 5083 ⁸⁰i
1438 5047 1468 5085 se
1499 5030 1516 5084 i.
1531 5032 1558 5084 0.
1597 5027 1621 5064 ⁸¹
1650 5030 1790 5100 aspiciens
1818 5033 1845 5085 0.
1894 5039 1896 5043 ’

89 5099 194 5159 ⁸⁸eum
223 5120 309 5185 manu
335 5107 362 5185 0..
402 5101 426 5138 ⁸⁸
450 5104 523 5158 dixit
536 5107 562 5159 0.
601 5101 626 5138 ⁸⁸
652 5101 1033 5184 alraucot3⁸⁸rogavit
1071 5098 1097 5183 ⁸⁸
1122 5101 1306 5181 demandavit
1331 5103 1359 5154 0.
1398 5098 1651 5226 9000003000.
1688 5097 1714 5135 ⁸⁸
1729 5101 1802 5155 deest
1818 5103 1845 5155 0

90 5170 327 5300 :tgebementros
351 5174 475 5229 instabat
502 5180 530 5229 et
546 5192 573 5246 q.
600 5177 627 5228 0.
666 5172 705 5209 ⁸⁰⁰
728 5175 869 5245 compulit
882 5176 909 5231 0.
948 5171 983 5212 ¹⁰¹
999 5173 1030 5228 T.
1058 5189 1101 5227 vrr
1124 5172 1295 5226 venerabilis
1316 5171 1499 5227 Burchardus
1526 5187 1552 5225 vr
1575 5173 1666 5227 ensi.
1709 5169 1745 5209 ⁸⁰⁸
1762 5175 1849 5243 petut

913 5346 1024 5403 NOTAE.

125 5463 165 5531 (0)
179 5462 310 5532 lliplomn
326 5480 383 5518 non
399 5463 511 5535 reperio
991 5464 1119 5515 montem
1135 5458 1208 5514 adiit
1221 5463 1249 5513 et
1263 5459 1291 5514 S.
1308 5457 1402 5514 Nilum
1417 5459 1550 5515 visitavit.

126 5532 185 5604 (ro)
200 5535 266 5590 ilaec
279 5536 382 5590 eodem
402 5536 461 5591 lere
477 5541 607 5604 tempore
619 5539 678 5604 egit
694 5549 751 5604 quo
770 5532 935 5603 Garganum
1024 5533 1048 5600 (l
1059 5535 1083 5601 Ι)
1099 5529 1266 5595 Kirclrberg.
