3878 6112
141 210 189 265 til
790 214 816 267 S.
841 212 985 269 llllNlthl
1003 211 1243 269 laeenatottls
1846 218 1892 270 rsa
1916 166 1920 171 ι

138 339 263 409 poterat,
279 332 461 392 constrinxit.
481 333 646 390 aulicorum
680 334 856 390 lanrulorum
880 349 985 389 numa·
1002 335 1025 389 Α
1043 332 1151 387 dealem
1168 332 1318 388 eeclesiam
1341 337 1513 404 spectantes,
1536 350 1613 392 anrae
1628 337 1780 406 captandus
1796 352 1893 400 carisa,

139 442 204 481 rum
224 425 259 480 al
274 429 384 480 tuumne
411 423 521 495 redegit
547 425 732 495 paucitatem,
759 429 791 478 ut
814 423 858 478 vir
872 423 990 495 lmperii

141 513 280 585 Principis
301 513 471 583 dignitatem
499 514 573 567 trieri
607 512 759 567 videretur.
791 512 905 567 Festum
928 529 989 566 om·

140 620 207 658 nem
223 608 252 657 et
265 617 402 673 pompam
427 601 590 672 respuebat,
615 606 644 655 et
672 601 816 655 victitabat
835 605 913 655 tanta
926 601 989 655 tru-

141 694 269 766 galitate,
283 691 418 762 privatim
434 690 577 762 precipue
592 707 657 745 curn
685 691 839 761 pranderet
870 697 919 746 aut
933 708 989 747 coe·

142 786 236 851 naret,
265 786 308 849 nt,
336 780 428 834 tribus
456 779 651 834 adsummum
683 780 798 834 ferculis
826 780 991 851 vulgaribus

144 873 308 937 contentus,
332 867 498 936 religiosum
537 866 635 936 polius
667 867 698 921 in
735 868 868 934 clanstro,
902 883 989 939 quem

145 959 316 1028 Episcopum
332 962 361 1008 et
381 955 542 1025 Principem
572 954 600 1008 in
623 955 731 1025 palatio
762 961 989 1026 repraesentaret.

180 1047 256 1098 aa«
284 1043 405 1097 Econtra
429 1042 478 1095 ubi
504 1041 618 1096 divinus
633 1045 736 1107 cultus,
754 1049 804 1098 aut
828 1043 991 1097 animarum

144 1131 271 1199 reductio
286 1130 432 1200 agebatur,
448 1132 545 1201 lacellis
572 1134 708 1202 parcebat
730 1133 876 1203 impensis.
897 1132 942 1187 Sic
956 1132 991 1186 ad

145 1220 327 1274 excitandum
342 1225 371 1273 et
396 1220 622 1290 promovendum
637 1221 673 1290 {in
694 1221 845 1292 juventute
860 1219 991 1275 ardorem

144 1307 324 1364 addiscendae
351 1309 490 1364 doctrines
518 1309 696 1373 Christiana,
731 1307 761 1361 in
783 1308 843 1361 sola
884 1323 991 1361 maenu-

145 1399 223 1452 scnla
256 1398 438 1460 catcclretica,
467 1397 573 1451 scilicet
600 1396 805 1450 catechismum
822 1394 936 1462 Cenisii,
964 1400 993 1449 et

1045 427 1158 493 apertas
1177 421 1300 477 babens.
1333 422 1459 494 Contigit
1482 421 1557 478 inter
1580 425 1734 494 legendnm
1751 431 1783 480 nt
1798 427 1894 482 edver-

1044 526 1108 565 sum
1123 511 1295 582 campanile,
1308 510 1358 566 nbi
1372 512 1540 581 grandiores
1554 512 1581 568 S.
1606 514 1731 569 llcinrici
1745 519 1775 568 et
1790 515 1816 569 S.
1836 516 1893 570 Cn·

1044 600 1186 670 negandis
1217 599 1528 671 cervrpenrependent,
1559 603 1744 673 perspiceret,
1783 603 1892 675 ibique,

1044 687 1242 758 superioribus
1271 706 1286 739 e
1313 689 1454 753 terrestris,
1484 689 1513 744 S.
1545 689 1667 744 llcinrici
1679 698 1709 745 et
1736 691 1766 747 S.
1798 692 1888 746 Gune-

1044 774 1150 844 gundis
1164 774 1308 847 imperiali
1333 779 1431 830 tartara
1460 782 1545 848 atque
1568 793 1683 845 corone,
1705 777 1749 832 uti
1764 778 1891 850 pingun-

1044 869 1101 932 tur,
1126 865 1278 919 simolacra
1305 865 1446 920 immensa
1473 866 1535 920 luce
1564 867 1753 928 coruscantia,
1783 871 1812 921 et
1829 884 1891 921 snu-

1044 956 1121 1006 ctum
1139 951 1255 1024 quidem
1271 953 1434 1010 llcinricnm
1463 970 1553 1009 menn
1567 954 1621 1011 sibi
1640 960 1820 1011 annuentem
1833 972 1894 1011 cer·

1045 1047 1134 1095 neret.

1080 1129 1124 1182 to.
1144 1151 1157 1178 a
1173 1129 1248 1183 Visio
1268 1128 1324 1183 ista
1352 1129 1503 1185 horrorem
1533 1130 1628 1201 primo
1656 1130 1777 1186 incussit
1805 1132 1894 1187 maxi·

1046 1232 1142 1282 naun13
1164 1233 1250 1287 (pacm
1266 1222 1373 1285 lavican,
1402 1219 1451 1273 ubi
1465 1236 1494 1273 se
1518 1220 1668 1289 paululum
1684 1221 1846 1291 collegisset
1868 1229 1895 1277 et

1046 1307 1150 1360 soractis
1165 1307 1221 1361 illis
1246 1307 1375 1361 Patronis
1389 1307 1521 1361 obnixius
1535 1308 1775 1375 commendasset,
1793 1326 1892 1382 soper-

1047 1396 1165 1450 vcniens
1180 1396 1302 1450 interius
1322 1396 1426 1450 mentis
1450 1397 1540 1452 ellusa
1557 1398 1713 1452 consolatio
1727 1398 1790 1452 siue
1815 1416 1895 1453 mora

146 1485 273 1553 ejusdem
297 1483 410 1538 libellos
425 1486 460 1540 de
476 1485 685 1555 praeparatione
699 1485 730 1537 ad
743 1484 948 1538 contessionem
964 1488 994 1537 ct
1047 1484 1351 1554 expulitetalrstersit.
1383 1484 1417 1539 Ut
1430 1487 1525 1538 svamm
1547 1485 1587 1538 rei
1603 1483 1752 1537 veritatem
1778 1481 1893 1554 penitus

146 1571 392 1631 communionem,
407 1572 606 1641 precationum
619 1570 769 1638 formulas,
790 1572 908 1637 rosaria,
920 1571 992 1626 ima·
1047 1572 1244 1644 indagaretur
1268 1574 1583 1642 certiuscoguosceret,
1611 1587 1668 1626 nna
1693 1587 1760 1626 cum
1787 1571 1894 1626 aedituo

147 1659 228 1730 gincs
243 1664 272 1714 et
286 1659 341 1713 ulia
363 1659 506 1730 ejusmodi
529 1659 682 1712 coemenda
698 1660 845 1728 ingentem
861 1659 992 1731 pecuniae
1050 1661 1258 1716 cubicularium
1276 1677 1377 1730 nnavm,
1405 1666 1469 1731 post
1493 1660 1616 1715 alterum
1644 1677 1677 1714 eo
1694 1659 1840 1725 submisit,
1865 1663 1897 1712 ut

150 1748 206 1804 vim
217 1765 250 1804 ex
259 1749 376 1820 proprio
390 1749 501 1820 peculio
511 1748 649 1820 proludit.
675 1748 743 1803 Sum
759 1749 888 1802 oculatus
901 1748 993 1813 testis,
1050 1749 1184 1820 quisnam
1199 1749 1229 1804 in
1250 1750 1323 1804 turri
1349 1756 1423 1804 esset
1437 1754 1466 1805 et
1488 1749 1543 1820 ipsi
1557 1753 1770 1821 cognoscerent.
1801 1751 1838 1803 At
1856 1747 1897 1802 illi

150 1839 207 1893 imo
222 1837 541 1907 etcoopcrntorexstiti,
556 1837 672 1908 quando
688 1851 745 1891 rana
765 1837 825 1891 vice
840 1835 895 1891 tria
910 1838 994 1891 llore-

150 1942 252 1991 norum
269 1926 358 1980 millia
371 1927 399 1979 in
414 1927 491 1980 bunc
506 1926 593 1980 linern
610 1930 768 1994 Augustam
784 1925 947 1989 destinavit,
965 1931 996 1980 ut

148 2014 224 2067 aliud
250 2013 320 2068 nibil
337 2030 424 2084 quam
439 2030 519 2068 sacra
533 2015 675 2084 ejusmodi
693 2017 828 2078 amuleta,
843 2019 872 2067 et
890 2014 995 2068 exeita·

149 2101 222 2155 toria
247 2118 405 2171 puerorum
441 2104 620 2173 apophoreta
652 2107 897 2172 compararentur.
926 2102 994 2165 Qum

148 2206 213 2244 cum
226 2190 414 2260 appulissent,
429 2192 525 2245 omnia
538 2190 613 2245 iutra
627 2191 713 2245 unius
728 2191 914 2245 hebdomadae
929 2207 994 2260 spu·

149 2277 233 2342 tium,
246 2294 299 2349 per
315 2295 415 2334 omnes
430 2279 517 2349 hujus
532 2280 658 2333 ecclesiae
674 2279 832 2349 parochias,
858 2278 995 2333 admoni-

148 2354 228 2421 toriis
243 2366 385 2438 adjunctis
400 2367 512 2433 litteris,
528 2367 726 2422 liberalissime
745 2367 888 2437 dispersit.

184 2459 227 2511 38.
247 2479 260 2504 a
286 2455 350 2510 Non
373 2456 521 2511 daerente
540 2456 671 2526 pecuniae
697 2454 928 2521 foeneratoribus,
945 2454 996 2526 qui

148 2542 349 2613 oggannirent,
377 2543 544 2598 immodicas
571 2543 694 2598 nimium
709 2560 847 2614 expensas
861 2543 891 2597 in
908 2542 997 2598 reler-

149 2634 308 2687 mationem
324 2633 477 2688 diaeceseos
491 2632 617 2704 erogari,
633 2632 759 2704 quaudo,
775 2649 841 2687 cum
865 2637 996 2703 tempure

1050 1837 1166 1910 quidem
1184 1838 1328 1893 nemiuem
1344 1838 1459 1908 penitus
1472 1837 1549 1894 ibise
1564 1838 1666 1893 vidisse
1681 1837 1896 1903 renuntiarunt,

1049 1942 1115 1981 cum
1143 1925 1242 1980 omnia
1271 1928 1506 1998 perlustrasseut;
1535 1925 1605 1980 visio
1629 1930 1727 1980 tamen
1755 1925 1808 1980 illa
1831 1941 1898 1997 per·

1051 2015 1168 2082 mansit,
1184 2015 1238 2070 illis
1253 2016 1454 2087 praesentibus,
1477 2014 1587 2070 temetsi
1603 2014 1676 2069 nihil
1692 2013 1806 2086 uspiam
1823 2030 1899 2085 prae·

1050 2107 1094 2158 ter
1120 2104 1267 2158 horrorem
1295 2103 1449 2174 quemdam
1473 2103 1621 2157 insolitum
1647 2102 1898 2173 persentiscerent,

1050 2208 1103 2246 nec
1115 2193 1182 2262 quid
1200 2192 1253 2247 sibi
1269 2193 1419 2263 episcopus
1447 2192 1541 2258 vellet,
1562 2191 1765 2262 intelligerent.
1781 2191 1896 2246 Etcum

1051 2296 1080 2335 se
1094 2281 1179 2335 tertio
1191 2280 1362 2335 ostendisset
1376 2281 1477 2335 eadem
1490 2280 1645 2351 apparitio,
1672 2279 1787 2334 tandem
1804 2278 1897 2334 omni·

1052 2385 1089 2424 no
1105 2368 1257 2439 disparuit.
1273 2369 1400 2440 llontigit
1411 2369 1521 2441 vesperi
1537 2373 1566 2422 ut
1580 2384 1645 2422 cum
1660 2367 1734 2440 ipso,
1753 2368 1790 2422 de
1807 2382 1897 2433 more,

1052 2473 1103 2527 per
1134 2458 1250 2512 hortum
1278 2457 1465 2522 ambulando,
1490 2457 1643 2511 matutinas
1675 2472 1741 2510 cum
1764 2455 1900 2511 laudibus

1052 2560 1150 2617 preces
1173 2551 1238 2598 aute
1265 2559 1375 2599 cannam
1400 2547 1606 2616 persolverem3
1623 2545 1728 2617 quibus
1746 2544 1784 2598 ad
1811 2544 1898 2598 linem

1051 2631 1188 2698 decursis,
1202 2631 1294 2685 vorbis
1309 2632 1386 2687 hisce
1415 2648 1460 2686 me
1475 2632 1614 2685 allocutus
1630 2637 1672 2686 est
1696 2647 1703 2684 :
1719 2631 1847 2695 Questio
1859 2636 1901 2685 est

150 2721 242 2791 magis
263 2727 438 2792 opportuno,
453 2722 552 2776 omnia
568 2721 679 2776 minore
693 2726 810 2791 sumptu
824 2719 997 2790 perficienda
1051 2720 1086 2774 ad
1100 2725 1139 2784 te,
1155 2719 1256 2773 doctor
1272 2720 1415 2774 l'ornere:
1432 2720 1455 2773 si
1469 2720 1565 2774 Sancti
1579 2719 1703 2790 cuipiam
1728 2725 1899 2792 appareant.

149 2810 294 2877 venirent;
324 2811 429 2882 quibus
442 2809 491 2864 ille
507 2809 585 2865 dedit
604 2825 774 2881 responsum
790 2808 921 2879 Principe
949 2825 995 2862 ec·
1051 2814 1079 2862 ct
1091 2808 1222 2863 manibus
1238 2808 1319 2879 quasi
1333 2808 1489 2864 annitendo
1501 2809 1577 2863 adse
1592 2814 1703 2873 vocent,
1716 2808 1788 2880 quid
1809 2809 1898 2879 signi·

150 2890 291 2952 clesiutico
309 2897 453 2970 dignum:
478 2918 497 2953 a
520 2899 649 2953 Ecclesiae
672 2899 835 2952 marchena
853 2902 999 2966 tempora·
1016 2899 1036 2952 C
1056 2899 1141 2951 licere
1164 2896 1326 2951 existimas?
1342 2897 1490 2969 Optimum
1517 2914 1613 2966 omen,
1629 2898 1810 2967 inquiebam,
1840 2913 1898 2952 esse

152 2986 234 3052 elia,
258 2985 417 3057 inquiebat,
438 2987 537 3040 utilius
557 3002 715 3056 numquam
743 2985 996 3055 dispensabuntur,
1052 2986 1123 3040 duco
1146 3001 1152 3039 :
1180 2984 1295 3055 siguum
1323 2991 1364 3041 est
1393 2985 1509 3040 Sanctus
1527 3002 1604 3052 eum,
1635 3002 1722 3058 quana
1741 2986 1900 3047 vocant,in

153 3097 170 3124 a
187 3091 275 3147 quem
295 3075 320 3128 si
343 3075 378 3129 ad
402 3074 602 3144 ampliandam
623 3074 672 3128 Dei
696 3072 996 3142 gloriem,etenime-
1052 3088 1136 3128 suum
1151 3073 1325 3127 consortium
1340 3072 1419 3129 brevi
1438 3075 1633 3145 adoptaturus.
1662 3076 1694 3130 lit
1722 3074 1750 3128 id
1766 3075 1900 3144 colligere

152 3180 251 3218 «rum
274 3165 396 3218 salutem
420 3163 647 3234 promovendam
672 3169 758 3232 utque
777 3161 995 3232 propagandam
1052 3166 1096 3215 est
1114 3177 1148 3215 ex
1172 3159 1256 3214 variis
1271 3161 1501 3231 apparitionibus
1515 3162 1695 3227 Sanctorum,
1719 3178 1792 3234 quas
1818 3163 1900 3216 relert

152 3273 166 3300 ι
186 3252 379 3307 insumantur.
400 3252 491 3316 Quem
513 3251 591 3305 euim
607 3250 695 3305 alirvm
711 3250 742 3303 in
759 3250 845 3304 finem
862 3250 890 3304 8.
907 3250 996 3305 llein-
1051 3249 1078 3306 S.
1095 3248 1248 3320 Gregorius
1265 3249 1382 3319 llagnus
1395 3251 1424 3304 in
1441 3250 1519 3305 libris
1541 3251 1738 3321 llialogorum.
1761 3249 1808 3305 Sic
1823 3250 1897 3306 Ursi·

152 3363 164 3390 a
187 3341 262 3395 ricus
298 3341 445 3394 ecclesiam
476 3355 557 3394 savam
578 3343 726 3410 tantopere
753 3337 953 3408 locupletavit?
983 3359 995 3387 ι
1052 3355 1090 3392 no
1112 3339 1279 3409 presbytero
1303 3346 1501 3410 apparuerunt
1528 3339 1575 3395 88.
1603 3338 1848 3410 Apostolil’etrns
1872 3344 1899 3392 et

153 3428 289 3483 Pastorali
315 3427 368 3482 hac
393 3427 541 3500 vigilantia
558 3432 586 3481 et
600 3425 783 3492 liberalitate,
804 3441 925 3479 necnon
952 3426 996 3480 la·
1054 3429 1165 3489 Paulus,
1183 3432 1212 3481 et
1226 3443 1292 3481 eum
1307 3428 1342 3482 ed
1353 3427 1477 3482 coelestia
1489 3432 1651 3481 evocarunt
1710 3470 1712 3475 .

153 3514 873 3583 borumetcontradictionnminvictatolerantia,
894 3514 997 3569 laude-
1086 3516 1161 3569 ila
1189 3515 1234 3570 Sic
1259 3515 1351 3570 Probo
1381 3516 1515 3586 episcopo
1545 3515 1666 3571 Reetino
1681 3516 1709 3570 S.
1740 3514 1897 3581 luvenalis,

151 3604 277 3660 tissimus
291 3605 337 3660 bic
352 3606 456 3659 Praesul
479 3611 594 3660 tantum
609 3603 713 3669 effecit,
729 3607 762 3658 ut
788 3602 864 3657 intre
879 3607 996 3672 septen·
1051 3604 1079 3658 S.
1097 3603 1275 3658 Eleutherius
1289 3604 1425 3675 tlartyres
1440 3604 1536 3659 obitus
1549 3604 1626 3659 diem
1654 3604 1897 3674 praenuntiarunt.

151 3695 243 3762 nium,
272 3695 405 3749 haeretica
433 3694 493 3747 lues
513 3710 546 3748 ex
576 3698 636 3747 tota
659 3690 880 3746 fermedioecesi
913 3690 999 3744 luerit
1052 3693 1097 3747 Sic
1110 3691 1259 3764 arnulpho
1273 3691 1472 3746 suessionensi
1495 3692 1631 3762 episcopo
1645 3693 1673 3747 S.
1704 3692 1823 3748 lliclvael
1849 3697 1898 3748 Ar·

152 3783 312 3855 prolligeta,
326 3789 355 3836 et
368 3783 526 3837 orthodoxa
547 3782 618 3836 lides
633 3781 662 3835 in
678 3797 741 3834 eam
763 3780 894 3845 reducta,
916 3783 944 3833 et
958 3778 999 3832 sic
1053 3780 1208 3850 changelus
1223 3779 1319 3834 obitus
1335 3780 1410 3835 diem
1439 3781 1580 3850 praedixit.
1596 3779 1641 3836 Sic
1664 3780 1898 3847 Aradium-rele-

152 3873 241 3927 mnlta
265 3871 355 3926 millia
387 3871 539 3926 hominnm
577 3885 635 3925 non
660 3871 752 3924 solum
798 3875 866 3924 tunc
904 3867 999 3921 viven-
1053 3874 1134 3923 rente
1153 3868 1183 3924 S.
1210 3869 1348 3939 Gregorio
1380 3869 1549 3936 Turonensi,
1576 3867 1604 3923 8.
1634 3868 1773 3922 llartinus
1801 3868 1899 3923 etalii

150 3961 234 4024 tium,
252 3959 300 4014 sed
327 3958 414 4015 etiam
439 3963 629 4031 posterorum,
650 3957 685 4012 ab
712 3956 829 4011 interitu
856 3955 998 4011 vindicate
1054 3964 1223 4028 apparentes
1237 3957 1273 4012 ad
1289 3957 1394 4027 gandia
1410 3958 1559 4012 Beatorum
1574 3956 1743 4011 invitarunt.
1767 3958 1816 4012 lire
1830 3964 1901 4011 tunc

152 4051 218 4104 sint.

187 4140 230 4191 39.
259 4155 273 4188 e
299 4136 352 4200 Qui
376 4135 508 4190 Praesnlis
532 4135 611 4189 zelus
638 4149 725 4204 quern
750 4137 882 4202 acceptus
908 4131 997 4185 luerit

152 4226 178 4280 8.
215 4223 357 4287 llcinrico,
400 4229 429 4276 et
452 4222 527 4291 apud
565 4222 655 4276 Deum
698 4220 805 4288 meriti,
844 4220 939 4291 colligi
963 4236 997 4273 ex

153 4329 186 4367 eo
215 4317 311 4381 potest
336 4311 414 4380 quod
443 4311 565 4364 coelcstis
582 4309 788 4364 Paterfamilias
814 4308 901 4363 lidevn
922 4309 998 4362 lrnnc

153 4401 183 4455 in
197 4401 280 4455 vinea
296 4399 411 4454 llovnini
426 4399 603 4468 operarium,
617 4398 672 4452 sub
691 4398 756 4452 vitae
767 4412 927 4467 vesperum,
946 4413 998 4465 per

152 4491 309 4561 ipsummet
332 4488 358 4544 8.
391 4489 607 4558 imperatorem,
644 4487 763 4557 ejusque
790 4485 997 4540 sanctissimam

152 4578 315 4649 conjugem,
335 4576 371 4631 ed
387 4577 547 4631 mercedem
567 4584 706 4630 aeternum
721 4579 780 4629 tam
796 4574 903 4644 egr-gii
920 4574 998 4628 labo·

1053 4046 1191 4115 temporis
1213 4045 1339 4101 historiae
1367 4046 1436 4101 mihi
1465 4045 1662 4100 occurrebant.
1685 4045 1812 4116 aequae
1833 4045 1898 4100 ille:

1054 4131 1139 4187 Recte
1151 4133 1295 4204 judicasti.
1315 4134 1411 4188 Dicam
1434 4134 1486 4189 tibi
1500 4134 1570 4206 quid
1596 4139 1662 4188 unte
1676 4133 1790 4206 aliquot
1807 4135 1899 4197 boras,

1053 4220 1196 4276 hodierno
1225 4222 1385 4277 etiamnum
1411 4223 1466 4288 die,
1494 4221 1565 4278 mibi
1584 4222 1757 4294 contigerit:
1781 4223 1815 4278 Et
1838 4238 1896 4277 rem

1054 4325 1183 4377 ornnem,
1201 4311 1242 4364 nti
1256 4310 1316 4380 jam
1333 4310 1539 4377 recensuimus,
1555 4327 1607 4381 per
1626 4312 1759 4366 ordinem
1775 4327 1899 4382 expone·

1053 4397 1111 4451 bet.
1126 4399 1158 4453 Et
1175 4398 1413 4469 interpretatione
1428 4400 1544 4454 visionis
1555 4400 1590 4454 de
1606 4399 1723 4453 instanti
1743 4405 1837 4455 mortu
1852 4415 1901 4454 sua

1053 4487 1213 4542 luculenter
1241 4488 1391 4559 explicata,
1412 4489 1528 4543 tandem
1553 4488 1676 4559 ipsemet
1694 4488 1899 4560 subjungebat:

1054 4576 1144 4631 Avidio
1158 4576 1282 4631 similem
1295 4577 1433 4632 visionem
1463 4577 1588 4632 oblatam
1616 4577 1789 4632 antecessori
1806 4592 1901 4648 quon·

54 4854 67 4906 ,’
151 4858 219 4914 pag.
253 4844 313 4908 ΗΟ,
340 4841 433 4897 verbis
452 4840 637 4911 sequentibus
652 4839 759 4894 refert:
787 4839 859 4894 Rem
879 4853 998 4909 prorsus

86 4675 88 4679 ’
152 4666 192 4721 ris
207 4665 411 4736 recipiendam,
435 4665 529 4719 lavore
563 4662 789 4718 extraordinario
815 4678 916 4717 vocare
954 4662 998 4716 di·

153 4757 259 4825 gnatus
281 4753 377 4807 luerit.
408 4754 478 4808 Rem
511 4751 595 4806 istam
619 4750 834 4805 memorabilem
856 4750 998 4804 Fornerus

1053 4665 1119 4720 dam
1149 4681 1222 4726 meo.
1248 4666 1385 4736 wigando
1423 4666 1559 4722 Redwitio
1590 4665 1656 4735 (tuit
1693 4665 1718 4720 is
1746 4666 1903 4738 Episcopus

1056 4753 1272 4825 bambergensis
1309 4754 1554 4826 quadragesimus,
1599 4769 1634 4807 eo
1676 4758 1809 4823 tempore
1846 4770 1901 4825 quo

1054 4842 1177 4896 lvaereses
1191 4845 1282 4896 totam
1297 4842 1479 4897 Germaniam
1496 4842 1722 4913 populabanlnr;
1733 4842 1784 4912 qni
1796 4841 1901 4897 Lethe·

152 4930 336 5001 stupendam,
352 4929 455 5001 iuquit,
474 4928 645 4982 virissimam
656 4931 752 4982 temen
763 4926 845 4981 vobis
858 4925 997 4993 releram3
1055 4946 1086 4985 ro
1101 4935 1131 4985 et
1142 4932 1205 5001 ejus
1215 4931 1338 4997 asseclis,
1350 4930 1374 4984 si
1386 4930 1450 5000 quis
1467 4930 1551 4997 alius,
1570 4929 1771 4985 strenuissime
1786 4931 1902 4999 restitit,

153 5020 228 5074 unde
252 5018 373 5090 liquebit
408 5017 472 5090 quis
501 5016 528 5072 ci
567 5017 767 5071 imminentem
796 5031 830 5069 ex
868 5014 920 5069 nac
941 5016 999 5070 vita
1054 5018 1604 5090 etejusparadoxuebecclesiaehujus
1622 5017 1903 5089 ovili,quihuscnm-

153 5107 306 5162 transitum
334 5105 515 5161 vaticinando
543 5104 719 5176 signiticarit.
746 5107 828 5157 anno
868 5119 998 5171 unicam,
1053 5112 1246 5177 quapoterat,
1275 5107 1410 5162 remediis
1439 5106 1626 5177 profligavit).
1644 5107 1670 5162 ls
1696 5123 1784 5177 porro
1802 5108 1903 5163 eodem

155 5196 204 5267 qni
229 5195 256 5249 ei
284 5196 377 5251 letalis
403 5195 466 5260 luit,
491 5210 568 5261 cum,
597 5193 627 5248 in
650 5190 801 5248 testivitate
827 5193 854 5248 S.
876 5192 1000 5247 llcinrici
1053 5195 1316 5250 annuerivisesse
1333 5195 1426 5250 desiit.
1456 5195 1576 5258 Videbis,
1605 5195 1764 5265 inquiebat,
1781 5195 1859 5251 idem
1873 5200 1900 5250 et

155 5284 349 5354 Imperatoris,
377 5300 462 5339 mene
488 5280 648 5354 pontilicali
675 5281 731 5335 ritu
763 5279 850 5335 sacris
865 5287 1000 5350 operatus
1055 5282 1126 5338 mihi
1142 5289 1322 5339 eventurum.
1340 5285 1409 5339 Nam
1431 5283 1461 5338 in
1480 5282 1568 5354 hrrjus
1586 5284 1655 5339 anni
1678 5283 1840 5339 fidemnon
1856 5298 1903 5337 ero

155 5378 239 5438 esset,
269 5390 285 5427 e
310 5373 433 5444 prandio
454 5372 542 5428 vitam
562 5370 691 5443 ejusdem
710 5368 817 5436 Sancti,
844 5369 944 5424 sedens
969 5370 1000 5425 in
1055 5371 1277 5442 supervicturus.
1305 5371 1387 5436 Dixit,
1423 5377 1452 5426 et
1489 5371 1575 5426 verbo
1604 5371 1754 5443 respondit
1780 5378 1900 5427 eremus

156 5463 358 5527 oratoriosuo,
386 5461 539 5526 lectitabat,
564 5461 702 5515 fenestras
729 5476 744 5511 e
773 5458 999 5527 regionccetbe-
1056 5460 1221 5530 penloante
1240 5460 1547 5530 tinemejvvsdenvnnni
1564 5476 1697 5514 arincam.
1753 5478 1756 5482 ³
