3878 6112
93 247 148 302 ³85
447 241 652 303 tuinultum
671 243 795 304 Panse.
816 245 1044 303 elucescunt.
1064 275 1099 286 -
1119 247 1196 305 vlla
1216 249 1246 306 S.
1266 248 1493 306 saeuitiam.
1796 256 1849 311 380

93 371 157 422 tum
172 366 204 423 in
219 365 405 432 Baremberla,
421 381 487 421 cum
502 366 617 422 licentia
632 367 759 440 episcopi
775 368 833 424 mei
852 368 943 423 lacere
962 386 984 438 p
1001 368 1112 424 doceat
1124 370 1211 426 corda
1225 371 1357 428 omnium
1373 375 1558 445 praesentium
1572 376 1649 447 quod
1666 384 1854 450 augmentum

94 456 236 511 hactenus
246 455 408 527 concupivi,
425 460 454 510 et
466 455 553 511 hodie
568 456 705 528 perlicere
721 458 818 513 statui.
835 458 877 514 Ob
893 457 947 513 hoc
1001 457 1029 513 S.
1044 458 1140 514 llatris
1157 459 1286 514 Ecclesiae
1300 476 1366 515 cum
1381 460 1553 533 nugigerula
1575 464 1719 535 legatione
1748 467 1853 521 annul-

94 543 308 599 serenissimam
329 544 466 615 pietatem
485 547 609 599 vestram
625 544 789 616 interpello,
814 562 860 613 ne,
883 547 947 616 ejus
1000 546 1059 600 lare
1073 546 1231 617 praesumit.
1245 547 1314 602 Ecce
1328 549 1364 602 ed
1379 550 1441 604 haec
1468 552 1602 622 conjugis
1628 568 1700 607 meae
1727 569 1853 624 praesen·

94 632 226 688 amentia
253 632 303 703 qui
330 633 406 703 apud
435 649 481 687 me
505 633 596 688 voluit
618 633 749 689 obtinere
773 635 849 705 qnod
873 634 946 688 mihi
1000 634 1045 702 tis,
1062 640 1091 689 et
1106 634 1181 689 unici
1199 635 1295 690 lralris
1311 637 1367 691 mei
1378 643 1406 692 et
1420 638 1579 694 coheredis
1589 639 1671 711 larga
1682 641 1855 697 benevolen-

93 736 153 775 non
167 720 251 775 licuit
262 721 427 788 concedere,
445 721 626 793 prepositum
648 738 746 777 meum
768 724 861 778 valeat
887 723 946 778 im·
1000 722 1040 777 tia
1053 722 1174 792 aspirat;
1192 739 1296 795 meque
1312 725 1416 797 placita
1439 725 1494 781 sibi
1507 727 1669 783 redditione
1691 729 1748 784 illis
1767 729 1854 784 resti·

93 810 198 881 pediri.
219 811 287 864 Ecce
301 810 430 875 baculus,
452 809 482 864 in
502 826 560 882 quo
584 815 691 866 mutuae
719 810 947 866 confirmationis
1000 815 1081 866 tuere
1096 817 1218 883 uterque
1235 829 1286 884 pro
1296 818 1374 867 certo
1388 814 1477 870 sciat:
1493 817 1574 886 sique
1589 817 1740 888 episcopus
1755 817 1853 872 venire

94 901 212 968 signum
225 897 365 964 clarescit,
382 898 459 970 quod
475 914 535 953 non
562 904 681 971 propter
709 899 872 968 Dominum,
897 900 947 955 sed
1002 905 1030 955 et
1061 901 1203 971 promissa
1230 901 1365 971 dignatur
1391 902 1547 973 suscipere,
1582 910 1714 975 paratum
1733 921 1779 960 me
1814 905 1850 960 ad

95 987 291 1058 obdiguitatis
304 988 469 1042 nullatenus
483 986 674 1060 adipiscendae
684 986 814 1043 dolorem
830 987 947 1058 fugerit.
1002 1003 1087 1043 omne
1106 988 1183 1059 quod
1200 988 1280 1043 robis
1294 991 1436 1061 placuerit
1451 990 1588 1046 inveniet.

799 1406 885 1449 tulto
908 1406 1025 1448 uolltttt
1050 1405 1147 1447 ΗΠ.

523 1568 1416 1744 THANGMARUS

703 1853 908 1910 PRESBYTER
926 1851 1244 1909 ullnnsflalltsrtffls.

293 2256 534 2382 VITA
595 2255 956 2383 SANCTI
1015 2260 1642 2385 BERNWARDI

700 2489 872 2536 Elisson
894 2491 1242 2537 flltnesflatussllsls

512 2639 738 2714 AUCTORE
775 2639 1078 2715 THANGMARO
1116 2640 1429 2717 PRESBYTERO

352 2820 447 2896 (Apud
467 2823 499 2879 0.
519 2823 612 2892 Perta,
632 2823 805 2878 lloaumealo
819 2820 971 2877 Germania
985 2822 1125 2890 lutariae,
1144 2820 1247 2893 Script.
1268 2825 1338 2876 tom.
1357 2821 1402 2889 ill,
1421 2836 1488 2893 pag.
1509 2822 1584 2893 754.)

833 3129 1100 3197 MONITUM.

126 3310 337 3381 Thangmaras,
366 3307 481 3363 natione
506 3307 578 3364 Saxo
608 3307 657 3380 (l),
685 3311 807 3364 exeunte
836 3308 940 3363 seculo
958 3311 976 3366 B
995 3306 1320 3363 solusedOltonemlll
1336 3305 1546 3362 etSilvcstrum
1562 3305 1846 3377 illegatus,ltatiam

93 3395 414 3453 deeimoelundecimo
434 3396 715 3467 ineunlepresbyler
740 3397 865 3452 ecclesiae
893 3412 939 3450 ce·
994 3397 1093 3451 revisit
1107 3399 1153 3466 (0),
1179 3396 1210 3450 iu
1232 3395 1528 3450 concilioTudertino
1558 3410 1604 3450 res
1630 3396 1761 3451 Ecclesiae
1787 3410 1847 3449 suae

92 3485 229 3541 thedralis
250 3484 506 3542 Hildesheimensis
521 3486 556 3555 (0)
569 3489 597 3538 ot
624 3484 805 3556 primicerius
834 3484 938 3538 scholae
994 3482 1062 3552 egit,
1088 3484 1124 3537 ab
1149 3483 1324 3554 imperatore
1355 3498 1421 3536 mox
1448 3483 1588 3537 morituro
1609 3483 1769 3554 largissime
1798 3494 1842 3536 re·

90 3591 260 3646 puerorum,
288 3580 316 3629 et
343 3575 448 3629 saeculo
469 3571 620 3627 undecimo
649 3571 775 3627 eeclesiae
803 3572 938 3637 decanus,
995 3576 1163 3624 muneratus
1177 3587 1254 3624 anuo
1269 3572 1337 3624 (000
1353 3570 1470 3625 domum
1485 3571 1581 3638 rediit,
1596 3576 1625 3625 et
1638 3588 1690 3641 per
1701 3571 1845 3642 reliquum

91 3663 296 3718 Bernwardum
329 3661 429 3717 litteris
462 3661 652 3716 imbuendum
679 3661 864 3732 moribusque
893 3660 938 3714 in·
992 3658 1058 3712 viter
1080 3663 1195 3729 tempus
1227 3659 1392 3713 Bernwardo
1416 3659 1542 3713 convixit
1560 3660 1624 3728 (10).
1647 3661 1719 3715 Cum
1748 3666 1845 3714 autem

88 3751 260 3806 struendum
277 3751 331 3805 sibi
341 3750 481 3805 traditum
490 3755 569 3804 tauta
582 3748 736 3804 dilectione
750 3749 829 3815 levit,
845 3753 878 3802 ut
888 3763 939 3818 per
992 3761 1105 3800 summa
1119 3762 1185 3800 cum
1198 3746 1330 3816 episcopo
1345 3745 1540 3801 familiaritate
1555 3747 1670 3814 viveret,
1696 3747 1755 3801 imo
1775 3763 1845 3802 con·

87 3846 177 3894 totam
198 3840 303 3894 deiude
325 3838 412 3893 vitam
429 3837 510 3909 quasi
526 3836 617 3892 lilium
635 3837 707 3908 patri
732 3836 787 3891 sibi
812 3836 938 3891 devinci·
992 3832 1082 3887 lassor
1097 3833 1152 3904 (ll)
1170 3835 1232 3903 ejus
1246 3832 1332 3888 luisse
1349 3834 1488 3902 videatur,
1506 3835 1659 3903 magnilica
1679 3835 1743 3905 ejus
1765 3839 1846 3904 gesta

88 3933 131 3983 ret
144 3932 194 3996 (3).
211 3927 379 3983 Bernwardo
393 3927 429 3982 ad
442 3926 639 3997 episcopatum
664 3924 937 3980 llildeslreimensem
992 3921 1128 3992 colligere
1148 3938 1299 3993 aggressus
1326 3922 1394 3990 ((0),
1422 3922 1525 3977 eodem
1551 3938 1628 3992 aegre
1649 3923 1693 3975 vix
1725 3921 1844 3977 tandem

87 4022 236 4087 provecto,
252 4016 312 4087 ipse
330 4017 455 4071 decanus
479 4014 785 4082 (4l‚liibliotl1ecarius
809 4017 837 4068 et
855 4017 937 4067 nota·
991 4011 1185 4066 consentiente
1198 4011 1352 4081 compegit,
1387 4016 1416 4064 et
1439 4016 1505 4082 post
1529 4011 1640 4065 obitum
1666 4009 1764 4065 dilecti
1789 4008 1843 4063 viri

87 4105 200 4175 riusl5)
229 4105 315 4157 rebus
342 4103 477 4173 gerendis
498 4101 656 4172 plurimum
681 4099 821 4163 interluit,
849 4106 879 4154 et
907 4100 937 4155 in
993 4100 1112 4156 absolvit
1139 4097 1202 4169 (13).
1229 4097 1367 4153 Convenit
1388 4098 1462 4152 liber
1480 4099 1511 4153 in
1542 4098 1610 4152 locis
1639 4097 1716 4153 haud
1744 4097 1844 4168 paucis

86 4192 203 4263 negotio
219 4190 588 4246 Gandarslreimeinsianno
613 4191 682 4244 1000
709 4189 744 4243 ad
757 4189 936 4260 willegisum
991 4206 1056 4244 cum
1083 4188 1242 4242 Annalibus
1263 4188 1602 4256 llildeneshcimensilrus‚
1631 4187 1710 4258 quod
1735 4186 1799 4241 ideo
1826 4203 1844 4242 a

88 4279 334 4350 archiepiscopum
350 4278 388 4349 (0)
413 4294 478 4333 cum
495 4279 560 4332 aliis
585 4279 707 4349 legatas,
736 4277 839 4332 eodem
859 4293 935 4332 auno
992 4283 1090 4332 nostro
1106 4278 1227 4347 scriptos
1243 4276 1333 4330 videri
1346 4292 1433 4347 supra
1449 4277 1608 4331 memoravi
1629 4275 1697 4347 (14),
1725 4281 1754 4330 et
1781 4292 1843 4330 om·

90 4368 252 4439 episcopum
269 4383 353 4422 suum
366 4368 488 4422 Romam
510 4366 663 4420 comitatus
677 4365 715 4436 (7)
728 4371 756 4420 et
772 4382 837 4420 cum
851 4382 885 4419 eo
902 4382 936 4420 ex
991 4366 1038 4420 nia
1046 4365 1105 4419 lere
1118 4381 1182 4436 quim
1193 4370 1289 4419 narrat
1299 4370 1349 4419 aut
1368 4366 1403 4419 ab
1416 4365 1479 4434 ipso
1492 4378 1634 4435 praesente
1658 4365 1718 4419 visa
1741 4369 1792 4419 aut
1815 4364 1843 4419 ei

91 4454 580 4526 ltaliareversus‚mensedugnsto
600 4454 669 4509 anni
687 4457 750 4509 llllll
782 4471 841 4510 uua
869 4471 933 4509 curn
990 4452 1458 4509 saltembenenolaleetoriecile
1479 4455 1696 4509 animadvertet.
1714 4452 1843 4508 [leveri-

93 4543 254 4615 Eggelaerdo
269 4544 378 4615 syuodo
393 4543 624 4599 Francolarlance
639 4542 771 4599 interfuit
792 4542 843 4614 (8),
871 4546 935 4598 tum
990 4543 1057 4598 tatis
1076 4542 1170 4597 studio
1187 4543 1217 4598 in
1236 4544 1287 4598 tali
1310 4542 1372 4598 viro
1401 4543 1521 4598 minime
1545 4542 1729 4598 dubitaveris.
1751 4542 1844 4615 Opere

908 4668 1018 4724 NOTAE.

121 4772 158 4839 (l)
175 4772 243 4844 Cap.
262 4788 269 4826 :
289 4772 362 4827 clarc
374 4777 473 4827 austrae
487 4775 575 4842 uentu
586 4774 729 4841 scapulae.
1026 4771 1064 4843 (0)
1085 4773 1152 4842 Cep.
1170 4773 1263 4828 34-37.

120 4845 158 4913 (0)
189 4844 275 4897 Vocet
300 4858 363 4896 eam
400 4849 521 4898 nostrum
557 4842 766 4899 monasterium:
810 4845 934 4916 exempli
1026 4843 1080 4913 ((0)
1103 4843 1241 4913 Prologus
1255 4842 1285 4896 in
1300 4841 1367 4896 line.

93 4915 829 4984 petiaanna1000,cap.ttt;anaoluor,cap.43.
1026 4915 1080 4983 (ll)
1107 4914 1245 4978 Quisnam
1276 4913 1331 4967 nisi
1357 4912 1504 4968 confessor
1538 4912 1599 4967 heac
1620 4912 1751 4967 diceret:
1784 4912 1840 4968 Nec

119 4986 155 5052 (3)
196 4985 363 5039 Bennonem
392 4984 489 5050 etiam,
517 4985 802 5053 postealtlisaensem
823 4984 934 5056 episco-
990 4985 1097 5054 aliquid
1123 4985 1152 5038 in
1176 4984 1352 5038 amaristudio
1379 4985 1438 5052 ejus
1454 4987 1517 5039 oitae
1542 4999 1628 5038 mcum
1649 4984 1841 5038 conscientium

92 5054 301 5120 pum‚erndisse
317 5054 422 5125 legitur
451 5055 481 5109 in
504 5054 609 5113 Chron.
643 5054 673 5110 S.
704 5055 847 5110 Michaelis
873 5056 934 5110 llil·
989 5071 1132 5109 rnairoaaa
1146 5070 1253 5123 aornar,
1270 5057 1337 5125 quia
1346 5056 1502 5124 plenissime
1511 5056 1615 5110 scirem.

92 5124 159 5179 dash.
180 5125 279 5179 Leibn.
296 5125 332 5192 ll,
347 5141 375 5197 p.
395 5126 462 5182 400.
1026 5125 1080 5194 (ίο)
1095 5125 1204 5193 Proloar.

117 5196 156 5267 (4)
177 5197 245 5267 Cap.
263 5196 306 5251 33.
1025 5197 1133 5265 (13)οθ
1162 5193 1293 5249 Heinrico
1319 5195 1343 5248 ll
1371 5211 1402 5249 ca
1427 5236 1433 5249 .
1453 5198 1488 5250 00
1503 5194 1543 5248 ita
1563 5193 1701 5265 loquitur,
1721 5200 1754 5249 ut
1767 5211 1835 5250 eum

117 5271 143 5333 (5
180 5267 328 5334 Prologus.
988 5270 1057 5320 tuuc
1072 5266 1253 5333 superstitem
1268 5265 1355 5321 luisse
1369 5213 1480 5332 riXeas3
1499 5264 1572 5319 liber
1596 5264 1686 5336 igitur
1701 5271 1767 5320 ante
1783 5282 1834 5321 en·

117 5341 142 5403 (6
175 5338 243 5409 Cep.
268 5337 595 5407 l8.peraosmoadoal.
989 5353 1059 5392 num
1079 5337 1327 5390 roalunitusest.

116 5408 152 5477 (7)
174 5408 242 5479 Cap.
262 5410 309 5474 05,
322 5409 467 5478 presbyter
480 5408 515 5464 ol.
528 5425 590 5480 cap.
603 5408 647 5464 34.
1025 5408 1080 5475 (ll)
1095 5407 1143 5461 SS.
1169 5407 1214 5465 lll.
1233 5423 1261 5476 p.
1277 5407 1312 5459 00
1327 5406 1439 5475 (Patrai.
1456 5409 1526 5458 torn.
1549 5405 1626 5462 CXLI
1641 5405 1671 5459 in
1688 5405 1837 5461 Lamberto

117 5480 156 5549 (8)
177 5479 245 5551 Cap.
267 5480 312 5534 33.
989 5476 1436 5548 Ascualnaburg.adan.1039).
1465 5477 1665 5548 Thangmaras
1693 5492 1741 5534 en.
1770 5478 1839 5532 (000
