3878 6112
430 272 586 332 STATUTA
604 274 765 333 cauuutlll
786 274 832 332 DE
850 273 988 332 ululc10
1007 272 1251 333 saucacorull.
1656 278 1725 333 tort

92 401 189 452 sancte
217 396 341 452 Ecclesia
366 396 478 469 recipit,
504 413 569 469 quae
593 402 690 454 tamen
720 398 751 454 in
772 399 820 454 Ec·
838 400 860 455 l
876 414 963 470 gnam
989 399 1028 453 ite
1053 388 1250 471 infringente:
1267 401 1298 454 ln
1326 399 1443 455 nomine
1466 400 1572 467 Patria,
1595 406 1623 457 et
1641 401 1721 471 Filia,

70 487 198 544 Romana
221 501 282 543 non
300 487 448 557 leguntur,
474 487 543 559 quia
564 491 693 543 auctores
717 503 818 544 eorum
873 492 902 540 et
916 486 1039 559 Spiritus
1051 487 1152 543 sancti.

70 581 156 632 intur.
786 583 790 591 '
907 575 1087 632 tirbecrctis
1108 575 1222 632 lllartini
1240 580 1366 647 papaeet
1388 577 1508 649 Eugenii
1529 593 1633 650 pape:
1652 579 1719 636 Ubi·

70 663 177 720 oncilio
199 663 433 736 llothomagensi,
460 680 523 735 cap.
540 667 557 719 2
574 665 630 719 :Ut
651 669 715 736 post
732 680 816 720 evan·
872 679 985 736 cunque
999 664 1116 720 cuilibet
1137 664 1315 736 presbytero.
1331 665 1389 719 sive
1405 665 1436 719 in
1449 682 1510 733 sua,
1529 666 1632 721 sivein
1647 667 1719 722 alte-

70 771 87 821 r,
103 752 185 808 linito
199 751 356 821 oilertorio,
377 769 465 824 super
479 752 653 809 oblationem
665 752 816 809 incensum
871 751 931 806 rius
959 752 1096 825 parocbia
1114 752 1248 808 inllrmus
1276 751 1412 808 alteratur·
1434 754 1470 808 ad
1500 753 1717 825 baptizandum,

70 856 96 896 rr
108 840 299 895 decrevimus.
871 839 997 913 baptizet
1010 857 1095 908 eum,
1111 840 1224 912 quodsi
1238 855 1295 896 nou
1314 841 1423 911 iecerit,
1439 842 1609 913 deponatur.

82 929 195 984 concilio
220 927 339 999 Urbico.)
360 928 497 999 Exempla
522 927 624 984 Leonis
643 944 736 1001 papae,
751 944 814 999 cap.
905 929 945 983 Ex
971 929 1096 985 Decretis
1127 928 1285 984 llormisdae
1317 944 1411 999 papae,
1436 945 1500 999 cap.
1525 933 1541 984 3
1563 931 1620 986 :Si
1653 932 1718 1003 quis

70 1017 143 1072 oties
166 1014 313 1070 ecclesiam
329 1015 366 1071 ad
386 1031 473 1087 quam
497 1015 665 1072 convenitur
688 1032 814 1086 prasen—
869 1015 1005 1087 baptizat,
1030 1022 1081 1072 aut
1106 1017 1217 1088 aliquot
1244 1017 1374 1072 divinum
1401 1017 1527 1072 oltlcium
1559 1021 1718 1076 exercuerit

70 1121 112 1160 rae
140 1104 231 1176 plebis
253 1104 426 1176 impleverit,
447 1104 534 1159 toties
560 1104 690 1160 sacrificii
707 1105 814 1161 oblatio
869 1120 921 1175 per
932 1105 1124 1161 temeritatem
1149 1104 1220 1178 [non
1244 1106 1393 1161 ordinatur
1408 1105 1572 1173 (redundare
1595 1108 1713 1165 uidetur.

70 1197 164 1248 tanter
187 1193 318 1257 iteretur,
336 1209 371 1248 ne
386 1192 476 1265 aliqui
491 1194 694 1250 couvenientes
708 1194 749 1250 ibi
764 1211 816 1250 sua
869 1193 936 1248 Cau.
953 1194 1008 1265 leg.
1035 1210 1092 1249 non
1110 1194 1281 1265 ordinatus.)
1294 1193 1306 1268 ]
1321 1194 1473 1266 abjiciatur
1490 1195 1525 1250 ab
1540 1195 1673 1264 Ecclesia,
1688 1203 1716 1252 et

70 1298 119 1337 sne
151 1281 311 1352 priventur.
331 1282 389 1337 Nec
411 1281 442 1337 in
474 1281 559 1337 alteri
587 1298 645 1354 quo
663 1282 814 1354 episcopus
868 1297 1020 1355 uunquam
1034 1283 1193 1339 ordinetur.

70 1370 223 1426 ncantavit
243 1370 392 1443 presbyter
413 1386 448 1426 eo
463 1370 509 1426 die
533 1371 649 1427 missam
669 1372 814 1428 celebrare
904 1372 942 1426 Ex
956 1371 1083 1428 Decretis
1096 1371 1200 1427 Gelasii
1212 1386 1306 1443 papae,
1323 1387 1385 1443 cap.
1402 1377 1417 1427 7
1434 1388 1441 1427 ε
1457 1373 1594 1427 Diacones
1608 1373 1716 1445 absque

69 1462 130 1513 nat.
868 1457 1003 1530 episcopo
1026 1463 1055 1514 et
1074 1458 1240 1530 presbytero
1264 1459 1409 1528 baptizare
1424 1475 1483 1514 non
1508 1459 1641 1528 audeant,
1658 1461 1715 1516 nisi

70 1545 184 1600 lecretis
207 1545 349 1602 Zachariae
373 1563 455 1620 papae
475 1548 531 1604 lllll
554 1547 744 1620 :Episcopus
768 1549 813 1604 vel
867 1546 1013 1617 praedictis
1029 1545 1131 1602 officiis
1144 1546 1359 1618 fortasselonga
1373 1547 1545 1615 constitutis,
1559 1550 1714 1606 necessitas

70 1638 120 1702 ter,
146 1638 300 1707 postquam
315 1635 352 1690 ad
374 1636 492 1691 missam
514 1636 670 1707 introierit,
693 1640 721 1692 et
745 1652 810 1692 ora·
867 1638 994 1690 extrema
1015 1634 1178 1706 compeDet.
1203 1633 1283 1699 Quod
1298 1641 1326 1689 et
1339 1634 1419 1689 laicis
1438 1635 1606 1691 Christianis
1621 1637 1714 1693 lacere

70 1722 202 1788 dixerit,
218 1723 276 1779 nisi
291 1723 388 1794 aliqua
408 1724 503 1794 passio
524 1723 706 1794 interveniat,
730 1728 810 1780 ante·
866 1724 1039 1796 plerumque
1052 1723 1226 1778 conceditur.

70 1813 213 1885 inceptum
229 1812 424 1869 ministerium
438 1813 567 1886 impleat,
584 1813 620 1868 ab
635 1813 738 1870 altario
760 1813 811 1869 Dei
900 1812 938 1866 Ex
965 1811 1087 1866 concilio
1112 1811 1331 1878 Tarraconensi,
1360 1814 1454 1883 caph
1476 1827 1484 1867 :
1506 1811 1587 1884 Saepe
1615 1818 1715 1869 contra

69 1918 126 1957 nus
139 1901 286 1957 discedere
300 1901 414 1956 audeat.
864 1898 1021 1953 secundum
1044 1897 1230 1953 confirmatos
1251 1899 1399 1954 decretum
1422 1903 1485 1954 est:
1500 1899 1642 1956 Saeculum
1667 1917 1714 1957 re·

71 1990 183 2045 concilio
199 1991 358 2055 turonensi,
374 1990 463 2058 cupite
486 1988 543 2054 37.)
563 1986 716 2044 Sciendum
732 1990 809 2060 qnod
864 1985 1006 2057 linquere,
1021 1986 1116 2041 etsoli
1139 1987 1197 2041 Deo
1221 1986 1316 2042 vivere
1338 1988 1384 2042 vel
1399 1987 1515 2051 sarrire,
1533 1989 1608 2044 sicut
1625 1995 1655 2046 et
1668 1990 1714 2046 bis

70 2095 83 2132 s
118 2075 272 2132 [lominicis
304 2075 415 2143 diebus,
435 2079 465 2130 et
491 2075 548 2130 illis
579 2076 811 2132 solemnitatibus
863 2074 1032 2144 baptizatos.

88 2169 188 2219 sancta
203 2163 327 2219 Ecclesia
346 2165 383 2220 ob
405 2163 634 2219 recordationem
655 2164 810 2220 Dominicae
899 2161 940 2216 Ex
961 2161 1087 2216 Decretis
1110 2160 1307 2216 Aurelianens.
1331 2176 1393 2234 cap.
1409 2165 1425 2218 5
1440 2177 1447 2216 :
1464 2162 1499 2217 Ut
1521 2179 1622 2219 omues
1645 2180 1711 2236 per·

70 2253 178 2308 =ctionis
203 2253 276 2308 solet
306 2253 408 2308 stando
431 2269 522 2318 orare,
553 2253 617 2308 fixis
643 2253 674 2308 in
702 2257 809 2309 terram
863 2249 945 2304 lecta
971 2249 1064 2306 atatis
1080 2248 1175 2321 jejuni
1199 2249 1233 2304 ad
1258 2249 1506 2306 confirmationem
1534 2252 1659 2323 veniant,
1684 2259 1713 2310 et

72 2357 84 2394 s
108 2340 277 2412 suppliciter
304 2340 442 2397 debemus
464 2357 556 2411 orare,
589 2341 624 2397 ad
645 2343 809 2415 exemplum
864 2343 1037 2393 moneantur
1058 2337 1255 2393 conlesaioues
1268 2338 1361 2394 iacere
1385 2339 1476 2408 prius,
1493 2344 1524 2395 ut
1539 2341 1640 2398 muudi
1660 2342 1712 2398 do·

69 2429 121 2484 tS.
135 2429 282 2499 Stephani,
299 2434 327 2484 et
342 2429 369 2485 S.
388 2429 470 2484 Pauli
481 2430 611 2501 apostoli.
863 2443 933 2482 nnm
949 2427 1040 2482 sancti
1061 2426 1183 2498 Spiritus
1199 2427 1311 2482 valcant
1335 2428 1470 2500 accipere.
1488 2429 1530 2498 Et,
1548 2430 1618 2502 quia
1632 2446 1711 2485 nun·

70 2520 231 2571 aeramento
246 2516 381 2588 baptismi
397 2533 431 2573 ex
456 2534 483 2572 lv
498 2518 549 2574 lib.
566 2517 706 2590 ejusdem,
727 2519 809 2590 juxta
864 2531 951 2587 quam
965 2514 1020 2571 erit
1040 2514 1228 2581 Christianus,
1243 2515 1300 2570 uisi
1314 2515 1468 2589 episcopali
1491 2517 1712 2576 confirmatione

70 2620 108 2659 im
125 2604 226 2659 Leonis
238 2619 332 2676 papae,
348 2604 471 2660 Victoris
485 2621 578 2677 pepae,
595 2606 699 2662 Gelasii
714 2623 807 2678 papa,
863 2603 1044 2659 chrismatus.

84 2709 167 2765 papa
184 2709 191 2747 :
209 2693 292 2748 Nullo
311 2698 442 2764 tempore
464 2694 668 2766 baptizandum
684 2699 736 2763 est,
754 2695 809 2751 uisi
899 2691 1070 2748 llelchiades
1096 2707 1170 2764 papa
1189 2691 1325 2764 tiispanis
1349 2692 1500 2765 episcopis,
1526 2711 1588 2765 cap.
1605 2698 1621 2751 6
1636 2713 1643 2750 :
1658 2697 1711 2752 Da·

70 2786 110 2837 cto
139 2781 257 2837 sabbato
281 2783 397 2837 Paschae
416 2787 446 2839 et
471 2785 648 2852 Pentecoste,
678 2783 734 2840 nisi
754 2800 808 2856 pro
862 2781 985 2853 ptismus
1000 2785 1030 2836 et
1044 2780 1191 2852 impositio
1208 2786 1492 2854 manus,utrumque
1513 2799 1665 2856 magnum,
1680 2782 1711 2843 id

70 2888 86 2926 o
104 2871 202 2926 mortis
213 2871 398 2944 anticipetur.
862 2872 915 2937 est,
936 2873 1167 2936 sacramentum
1190 2868 1240 2924 sed
1256 2885 1357 2924 manus
1371 2869 1518 2941 impositio
1542 2872 1647 2944 majori
1660 2889 1709 2929 ve·

70 2960 178 3014 lecretis
206 2958 341 3015 Celestini
363 2976 455 3032 papae,
484 2976 547 3033 cap.
573 2964 626 3017 lu:
643 2961 714 3018 Cum
739 2979 805 3036 par-
823 2956 843 3012 G
861 2957 1010 3014 ueratione
1023 2962 1067 3013 est
1081 2957 1179 3028 digna,
1194 2957 1302 3030 quippe
1318 2973 1335 3012 a
1354 2958 1422 3014 solis
1436 2959 1621 3032 pontificibus
1636 2963 1709 3018 ecci·

70 3063 99 3103 re
122 3048 243 3118 juvenes
265 3049 302 3103 ad
325 3048 552 3120 regenerationis
574 3050 693 3105 veniunt
711 3067 804 3107 sacra·
860 3044 976 3117 pienda.
998 3044 1072 3103 Sunt
1094 3048 1191 3101 tamen
1214 3046 1277 3100 hoec
1290 3045 1347 3100 duo
1370 3046 1440 3102 adeo
1464 3049 1616 3119 conjuncta
1629 3051 1708 3107 nteb

69 3152 99 3206 n,
116 3153 176 3192 non
191 3137 272 3208 prius
285 3136 395 3193 fontem
411 3137 476 3193 vite
490 3138 606 3208 adeant,
621 3155 709 3211 quam
725 3156 805 3196 0101».
859 3133 995 3205 invicem,
1015 3133 1073 3189 nisi
1087 3139 1178 3189 morte
1193 3134 1397 3205 praeveniente,
1420 3135 1584 3192 nullatenus
1598 3139 1709 3210 possint

70 3228 96 3280 et
117 3225 366 3281 exsufflationibus
388 3225 559 3282 clericorum
574 3226 691 3299 spiritus
714 3228 804 3284 abeis
859 3222 1015 3294 segressffla
1049 3226 1078 3278 61
1105 3237 1197 3278 unum
1227 3222 1288 3277 Sint
1321 3223 1410 3278 &stem
1442 3223 1498 3279 tiit
1530 3225 1631 3296 perfici
1650 3243 1707 3283 uon

71 3315 124 3369 dus
139 3315 283 3386 abigatur.
860 3316 965 3384 potest.

70 3403 180 3458 :oucilio
205 3401 352 3470 lleldensi,
375 3418 437 3474 cap.
462 3408 478 3458 7
501 3419 508 3459 τ
528 3401 629 3459 Dmuis
656 3406 804 3477 presbyter
895 3400 933 3454 Ex
947 3397 1068 3454 concilio
1084 3398 1280 3470 Lugdunensi,
1297 3414 1363 3471 cap.
1383 3401 1476 3457 3.·111
1488 3403 1585 3458 nullus
1599 3403 1634 3459 de
1649 3403 1706 3460 alio

70 3495 132 3546 tem
157 3490 302 3563 lapideum
317 3490 422 3546 habere
445 3491 616 3564 nequiverit,
635 3508 684 3546 vas
704 3509 804 3548 conve-
857 3487 1022 3555 chrismato,
1047 3486 1104 3540 niti
1118 3487 1152 3543 de
1177 3502 1262 3554 novo,
1280 3488 1358 3559 quud
1381 3489 1491 3559 proprii
1506 3490 1633 3563 episcopi
1648 3492 1706 3547 lar·
1764 3532 1767 3537 -

70 3578 88 3634 d
103 3580 158 3635 hoc
171 3578 351 3635 solummodo
365 3579 531 3652 baptizandi
545 3579 670 3635 officium
686 3580 801 3650 habeat,
857 3574 967 3646 gitione
981 3573 1026 3628 rel
1050 3574 1233 3628 concessione
1247 3575 1365 3647 accepit,
1381 3575 1527 3647 baptizare
1541 3578 1597 3633 nisi
1613 3585 1706 3635 morte

70 3672 128 3723 rtra
140 3668 288 3723 ecclesiam
304 3684 365 3723 non
376 3669 552 3740 deportetur.
856 3664 1074 3734 praeoccupante
1091 3666 1255 3731 praesumat.

70 3759 164 3813 Decret.
188 3758 294 3829 uppem·
315 3771 405 3827 pope,
427 3759 516 3827 cupite
539 3759 594 3824 10.)
609 3755 747 3813 Similiter
766 3757 802 3813 ad
892 3751 930 3804 lix
952 3749 1075 3806 concilio
1102 3751 1242 3816 Romano,
1265 3765 1327 3823 cap.
1356 3752 1391 3806 20
1408 3766 1415 3805 :
1432 3751 1471 3807 De
1499 3751 1638 3808 scrutinio
1661 3754 1703 3810 fa·

70 3845 103 3899 la
127 3845 281 3901 lavandum
296 3851 324 3901 et
338 3845 374 3901 ad
397 3845 489 3916 pallas
503 3844 600 3900 altaris
615 3845 736 3916 propria
749 3845 801 3901 ha·
855 3839 957 3894 ciendo
972 3838 1152 3894 decernimus
1166 3842 1198 3893 ut
1215 3836 1286 3911 [nbi]
1303 3838 1463 3910 episcopus,
1479 3844 1507 3895 et
1519 3841 1567 3896 ubi
1580 3857 1704 3899 conven-

70 3949 164 4002 ·vasa‚
179 3935 211 3989 iu
225 3933 329 4007 quibus
343 3933 417 3989 nihil
432 3934 511 3989 aliud
527 3933 586 3988 liat.
856 3933 902 3982 tus
923 3932 967 3983 est
985 3927 1098 4001 populi,
1115 3932 1144 3983 et
1157 3928 1235 3997 oleri,
1256 3933 1286 3984 et
1307 3927 1482 3999 possibilitas
1497 3930 1647 4001 permittit,
1662 3931 1704 3989 ibi

70 4023 251 4078 rtechumeno
279 4028 308 4078 et
332 4022 362 4077 in
383 4021 527 4095 baptismo
550 4026 580 4078 et
602 4021 632 4076 ln
647 4022 801 4079 conflrma-
856 4017 1025 4073 celebretur·

70 4120 122 4166 nus
136 4111 267 4182 patrinus
291 4116 385 4183 potest
399 4112 472 4180 lieri,
488 4111 512 4165 si
535 4110 689 4167 necessitas
704 4115 799 4183 cogat.
892 4106 930 4161 lix
954 4104 1077 4161 concilio
1094 4104 1269 4174 triburensi,
1296 4120 1358 4178 cap.
1375 4108 1410 4160 22
1424 4121 1432 4160 ε
1447 4107 1597 4163 Decretum
1616 4114 1659 4164 est
1673 4114 1704 4166 ut

70 4199 202 4251 ttamen
230 4195 407 4251 consuetudo
433 4196 588 4252 llomana:
610 4212 663 4268 per
686 4196 801 4268 singula
821 4194 990 4295 „deincps
1017 4209 1069 4249 nec
1089 4210 1143 4265 pro
1172 4192 1364 4265 ordinatione,
1390 4210 1442 4250 nec
1469 4211 1522 4266 pro
1537 4194 1699 4266 chrismate,

76 4283 226 4357 recipiunt.
856 4283 899 4338 vel
915 4283 1069 4355 baptismo,
1083 4283 1127 4337 vel
1141 4281 1282 4350 balsamo,
1293 4283 1336 4338 vel
1351 4283 1510 4354 sepultura,
1521 4285 1565 4340 vel
1575 4301 1703 4342 commu·

70 4373 184 4429 lecretis
205 4373 306 4428 Leonis
328 4389 411 4445 papae
426 4390 433 4428 :
452 4373 486 4428 lit
499 4388 559 4428 nou
579 4373 676 4445 plures
691 4374 728 4430 ad
742 4390 802 4429 sus·
854 4371 943 4427 nione
957 4371 1118 4444 quidquam
1133 4371 1276 4443 erigatur.

71 4477 120 4517 um
144 4463 179 4517 de
210 4461 353 4534 baptismo
385 4461 525 4518 infantem
545 4461 681 4517 accedant
713 4479 801 4534 quam
855 4460 896 4516 EX
922 4459 1069 4516 ulauov
1097 4459 1300 4516 BURCHARDI
1328 4459 1473 4516 nuchul.
1503 4461 1548 4516 DE
1572 4462 1702 4520 aucun-

71 4549 130 4605 sive
154 4550 209 4618 vir,
238 4550 297 4605 sive
325 4550 444 4606 femina.
478 4550 510 4605 ln
534 4548 801 4605 confirmationibus
1217 4547 1341 4605 RlSTlh.

84 4639 114 4695 id
128 4639 224 4711 ipsum
239 4640 298 4694 liat.
890 4638 930 4692 lix
946 4638 1054 4693 Decret.
1070 4636 1138 4692 tulii
1151 4652 1236 4710 papa
1258 4637 1294 4691 ad
1317 4634 1466 4708 episcopos
1479 4638 1592 4709 AEgypti
1605 4654 1612 4692 ε
1627 4639 1702 4696 lllud

70 4728 172 4783 nncilio
195 4729 334 4800 llogunt,
360 4729 452 4800 capt
468 4740 476 4783 τ
491 4727 525 4782 ln
548 4726 691 4799 baptismo
703 4727 748 4783 vel
770 4726 800 4783 in
853 4741 932 4794 vero,
943 4725 1018 4798 quod
1030 4725 1208 4797 quidampro
1218 4723 1429 4796 complemento
1439 4723 1650 4778 communionis
1660 4724 1703 4780 in-

70 4820 106 4871 rte
130 4831 186 4871 non
201 4820 296 4887 potest
311 4815 453 4888 suscipere
467 4815 541 4870 elius
555 4815 643 4870 alium
663 4815 694 4870 in
708 4816 800 4872 illium
853 4815 973 4869 tinctam
996 4811 1330 4870 tradunteucharistiam
1346 4809 1477 4883 populis;
1498 4827 1551 4867 nec
1566 4812 1619 4866 hoc
1634 4829 1702 4885 pro·

71 4904 153 4961 inon
168 4908 211 4960 est
223 4905 383 4976 baptizatus
396 4903 440 4959 vel
455 4903 651 4960 confirmatus.
853 4904 945 4959 latum
972 4918 1008 4958 ex
1029 4900 1182 4974 Evangelio
1204 4899 1403 4956 testimonium
1427 4905 1598 4972 receperunt
1618 4916 1625 4956 ε
1647 4901 1701 4958 Ubi

70 4992 170 5048 onrilio
187 4992 349 5060 Parisieusi,
377 5008 439 5063 cap.
464 4994 501 5047 2:
518 4993 554 5047 Ut
576 5007 662 5048 nemo
689 5008 800 5048 asacro
854 4991 992 5062 apostolis
1015 5005 1117 5062 corpus
1134 5004 1229 5052 sunm,
1247 4988 1458 5061 etsenguinem
1474 4988 1613 5044 Dominus
1626 5004 1702 5044 com·
1759 5007 1768 5023 ·

70 5081 172 5153 liquem
194 5080 340 5153 suscipiat,
365 5080 421 5136 nisi
435 5080 597 5135 orationem
622 5079 800 5135 Dominicam
854 5078 1008 5134 mendavit.
1038 5077 1161 5133 Seorsim
1182 5077 1260 5133 enim
1286 5076 1378 5150 panis,
1401 5082 1429 5132 et
1450 5093 1579 5132 seorsum
1607 5077 1702 5132 calicis

70 5169 176 5226 lbolum
191 5170 273 5240 juxta
299 5169 431 5240 lingnam
456 5184 549 5237 suam,
574 5171 604 5223 et
622 5169 799 5225 intellectum
853 5166 1066 5222 commendatio
1096 5170 1282 5221 memoratur.
1315 5167 1386 5222 Nam
1413 5165 1565 5221 intinctum
1595 5181 1700 5237 panem

76 5263 105 5313 et
119 5274 214 5314 coram
230 5258 396 5330 presbytero
409 5258 550 5313 decantet.
853 5255 917 5310 aliis
940 5254 1086 5311 Christum
1109 5270 1169 5311 nou
1183 5254 1307 5327 legimus
1321 5254 1486 5327 prebuisse,
1512 5254 1568 5310 nisi
1583 5253 1625 5309 illi
1637 5257 1701 5310 tan·

70 5347 123 5419 ipla
155 5347 295 5403 Zacharia
323 5361 406 5418 pape
435 5345 472 5401 ad
500 5345 679 5401 Doniiacium
707 5346 799 5401 archi-
853 5348 916 5399 tum
941 5342 1093 5415 discipulo,
1116 5358 1203 5415 quem
1218 5342 1479 5398 intinctabuccella
1493 5341 1618 5413 llagistri
1632 5359 1700 5414 pro·

73 5451 121 5490 nm
136 5453 143 5488 ε
159 5436 239 5500 Ouod
252 5451 311 5490 non
326 5434 464 5491 deberent
477 5433 646 5502 rebaptizari
662 5434 799 5505 baptizati
853 5434 976 5489 ditorom
990 5433 1164 5501 ostenderet,
1178 5449 1236 5488 non
1255 5449 1321 5505 quae
1336 5432 1421 5505 hujus
1436 5433 1608 5488 sacramenti
1620 5432 1702 5488 insti·

70 5529 159 5596 rytero
182 5523 401 5596 grammaticam
415 5522 579 5594 ignorante,
595 5520 725 5578 hetinam
747 5522 801 5578 lin·
852 5522 995 5578 tutionem
1007 5521 1182 5595 designaret.
