3894 6120
164 285 216 339 207
659 281 741 338 vlit
759 281 787 338 S.
808 279 1043 348 curaturum,
1064 280 1122 337 UBl
1143 276 1189 335 DE
1208 278 1236 334 S.
1258 278 1425 338 nautico.
1468 274 1471 280 ’
1869 281 1914 336 208

163 405 314 461 mendacia
340 409 440 460 contra
467 403 607 476 virginem
634 403 738 460 Christi
756 403 951 476 loquentium,
967 420 1014 457 sn·
1034 402 1139 458 Atiam
1154 419 1274 458 munera
1289 403 1410 458 contulit
1435 402 1465 457 in
1479 400 1597 456 diversis
1620 400 1752 458 ecelesiae
1769 417 1914 458 ornamen-

163 511 216 567 per
238 495 345 567 ignitos
372 509 501 548 vomeres
515 493 647 548 incedere
675 498 704 573 et
723 493 841 547 illaesam
858 494 1015 564 procedere
1069 492 1118 546 tis:
1150 508 1216 564 quae
1253 491 1351 546 omnia
1388 491 1450 561 ipse
1490 490 1624 545 dominus
1663 490 1853 561 apostolicus,
1889 502 1917 549 ut

163 584 251 638 dedit.
1068 594 1182 650 semper
1206 579 1342 634 memoria
1367 579 1458 650 ipsius
1472 578 1642 632 fundatricis
1669 578 1732 633 illic
1758 577 1916 646 dorsetae

196 675 223 726 2.
248 673 442 743 Virginitatem
463 672 594 726 miraculo
617 670 726 740 prohat.
748 700 783 709 —
807 669 935 734 Qualiter
961 686 1013 724 au·
1068 668 1183 738 quando
1198 683 1251 737 per
1264 667 1404 734 fraudem,
1431 664 1669 736 autviolentiarn,
1691 667 1739 721 vel
1763 667 1842 722 furto
1856 667 1917 724 inde

160 765 219 815 tem
235 760 264 815 id
278 760 383 814 tactum
400 759 437 812 sit
452 759 486 813 ad
507 774 690 814 communem
706 758 922 813 aedificationem
939 774 1014 828 prae-
1067 757 1282 820 subtrahantur,
1312 756 1385 810 dura
1409 754 1557 810 bannisui
1587 755 1789 825 innodatione,
1811 761 1917 827 septae·

78 884 81 893 ,
162 848 335 902 terenndnm
356 862 413 901 nou
440 852 491 915 est,
529 852 562 900 ut
589 853 619 901 et
640 846 816 902 castimoniae
845 846 1014 900 erudiamur
1067 845 1149 915 ginta
1163 860 1279 915 quoque
1299 844 1420 898 duorum
1438 843 1493 914 (ll)
1518 842 1734 914 episcoporum,
1752 843 1805 915 qui
1818 843 1860 898 ibi
1872 844 1916 900 ad·

160 934 311 1007 exemplis,
350 940 379 988 et
414 933 579 989 divinorum
611 937 786 989 secretorum
823 933 1013 988 admiratione
1066 932 1341 1001 erant,auctoritate
1364 933 1425 1003 ipso
1444 930 1696 1012 diecentirmavit.
1715 933 1793 987 Item
1820 947 1915 986 mona·

160 1038 338 1088 moveamur,
353 1021 548 1093 intelligentes
564 1023 810 1094 quemadmodum
824 1021 1013 1093 diligentibus
1066 1019 1185 1075 sterium
1204 1020 1236 1074 in
1261 1021 1368 1074 honore
1401 1019 1493 1074 sancti
1506 1018 1670 1086 Salvatoris,
1693 1026 1725 1074 et
1748 1020 1813 1090 ejus
1837 1021 1917 1076 victo-

161 1112 252 1166 [teum
268 1111 367 1166 omnia
385 1117 577 1182 cooperantur
591 1111 621 1164 in
637 1111 755 1165 bonnm.
776 1109 874 1164 Tantis
886 1125 1012 1180 namque
1066 1108 1341 1175 riesissimaecrncis,
1357 1108 1387 1163 in
1406 1107 1469 1162 loco
1488 1107 1538 1178 qni
1558 1106 1699 1179 Coniugia
1715 1108 1836 1174 dicitur,
1858 1125 1916 1164 ma·

159 1200 314 1254 aetatibus
335 1197 666 1253 bonistentatiodeesse
686 1214 744 1252 non
774 1198 878 1268 potnit.
896 1197 1013 1252 Invidus
1066 1196 1299 1266 gnificentissime
1325 1197 1494 1265 construxit,
1515 1200 1544 1250 et
1557 1197 1730 1253 ancillarum
1746 1197 1800 1252 Dei
1815 1197 1914 1253 ibidem

159 1288 238 1342 enirn
261 1286 393 1341 omnium
416 1286 559 1341 bonorum
587 1286 728 1354 diabolus,
760 1285 810 1340 uhi
828 1285 1012 1340 thummim·
1065 1286 1123 1339 Deo
1150 1285 1308 1339 secundum
1343 1285 1472 1357 regulam
1501 1285 1593 1339 sancti
1621 1285 1770 1341 Benedicti
1794 1287 1913 1341 servien-

159 1376 335 1430 maculatnm
359 1373 488 1429 sauciare
517 1390 575 1428 non
608 1374 714 1444 potuit,
743 1372 894 1443 zelotypiae
922 1372 1010 1426 livore
1064 1371 1150 1441 tium,
1166 1372 1417 1443 congregationem
1430 1372 1632 1428 decentissime
1642 1373 1803 1428 ordinavit.
1820 1375 1913 1444 Porro,

159 1464 265 1519 toedare
294 1461 473 1534 cogitavitet
500 1462 561 1533 ejus
581 1463 681 1516 saltem
711 1460 946 1527 lariiamlaedere,
963 1461 1010 1515 cui
1064 1468 1237 1530 cooperante
1257 1461 1284 1514 ei
1303 1461 1332 1514 in
1356 1460 1490 1515 omuibus
1505 1461 1647 1532 imperiali
1663 1462 1828 1534 maJestate,
1844 1461 1913 1518 idem

159 1548 486 1620 vulnuscorruptionis
509 1547 642 1619 infligere
668 1565 726 1602 non
744 1548 843 1602 valuit.
867 1548 949 1602 Facta
968 1553 1010 1602 est
1064 1548 1272 1603 monasterium
1297 1549 1376 1603 omui
1397 1555 1502 1603 ornatu
1528 1548 1679 1604 decoravit.
1708 1554 1786 1604 Ante
1815 1550 1914 1621 princi·

159 1638 256 1709 igitur,
283 1643 399 1691 auctore
413 1637 538 1705 diaholo,
559 1642 689 1708 suspecta
703 1636 843 1704 criminis,
870 1652 935 1707 quoe
949 1652 1044 1735 nonB
1064 1635 1128 1704 pale
1149 1637 1237 1689 altare
1261 1637 1372 1689 iconem
1396 1651 1429 1688 ex
1454 1651 1524 1689 auro
1544 1640 1573 1690 et
1596 1635 1690 1706 lapide
1711 1636 1914 1707 pretiosissimo

159 1731 280 1780 noverat
302 1725 443 1779 maculam
473 1725 675 1795 corruptionis.
706 1723 760 1778 Sed
789 1723 858 1795 quia
885 1723 1008 1778 crudelis
1063 1723 1178 1790 statuit;
1203 1723 1422 1779 calicesaureos
1448 1724 1793 1795 etargenteos,catinos,
1810 1741 1913 1794 urceos,

159 1820 202 1868 est
225 1814 276 1886 qui
295 1815 401 1868 lamam
423 1829 505 1868 suam
530 1813 660 1884 negligit,
682 1811 898 1884 expurgationis
917 1810 1009 1883 gratia
1062 1813 1161 1882 pallas,
1182 1813 1300 1878 casulas,
1322 1813 1396 1880 vela,
1414 1812 1551 1878 cortinas,
1571 1828 1676 1884 cappas
1700 1829 1775 1868 auro
1797 1818 1827 1868 et
1840 1830 1913 1885 gem·

159 1902 196 1956 ad
223 1918 355 1956 vomeres
389 1901 521 1956 cadentes
550 1901 623 1956 illud
656 1901 710 1956 sihi
734 1900 876 1971 judicium
910 1900 1006 1970 elegit,
1062 1899 1117 1953 mis
1137 1899 1269 1971 pretiosis
1285 1901 1416 1968 intextas,
1435 1906 1463 1955 et
1483 1906 1585 1956 cratera
1609 1900 1748 1956 utensilia
1769 1900 1832 1956 sive
1856 1918 1913 1957 vasa

159 1990 237 2060 quod
251 1994 372 2061 propter
385 1988 521 2043 duritiam
534 1988 686 2043 hominum
698 1988 863 2043 institutum
877 2004 938 2041 esse
962 2004 1007 2042 eo·
1062 1988 1216 2043 ministerii
1228 1992 1308 2043 tanto
1328 1989 1423 2043 studio
1439 1995 1469 2043 et
1492 1994 1551 2043 tam
1581 1988 1761 2059 sumptuosis
1781 1990 1912 2061 impensis

157 2079 314 2149 gnoscitur.
342 2079 472 2147 Cumque
496 2076 600 2131 dilecta
629 2077 686 2131 Beo
705 2076 740 2130 ad
766 2076 837 2131 illud
854 2075 1008 2146 judiciam,
1061 2076 1155 2131 eidem
1171 2077 1297 2131 eeclesiae
1319 2077 1452 2144 contulit,
1482 2081 1515 2131 nt
1529 2076 1694 2149 quicunque
1719 2078 1911 2134 eaintuentar

157 2166 236 2220 velut
250 2163 312 2219 ovis
321 2163 356 2217 ad
367 2162 725 2231 occisionem,duceretur,
737 2162 889 2233 ingemuit,
906 2167 935 2216 et
954 2163 1007 2217 ait:
1060 2164 1172 2235 regiam
1188 2165 1430 2236 magnificentiam
1455 2170 1482 2220 et
1510 2165 1613 2220 miram
1639 2164 1806 2238 utriusque,
1827 2167 1909 2238 irnpe-

158 2252 309 2307 «Bomine
334 2252 417 2318 Deus,
433 2255 546 2304 creator
576 2250 640 2305 coeli
663 2255 799 2317 attense,
830 2250 878 2320 qui
906 2250 1008 2321 probas
1061 2253 1165 2307 latoris
1179 2253 1311 2308 videlicet
1334 2269 1366 2307 ac
1384 2251 1585 2323 imperatricis,
1608 2253 1639 2308 in
1660 2253 1756 2308 Benm
1788 2254 1908 2309 devotio·

156 2346 281 2396 reneset
300 2339 394 2407 corda,
415 2340 511 2410 judica
528 2339 671 2410 judiciam
695 2355 793 2394 meum
809 2344 838 2393 et
852 2338 931 2409 eripe
950 2354 1006 2393 me.
1061 2356 1128 2395 nem
1149 2357 1324 2412 magnopere
1338 2341 1438 2396 mirari
1454 2357 1512 2395 non
1533 2345 1655 2396 cessent.
1946 2397 1947 2413 ρ

154 2429 192 2483 Te
205 2429 283 2483 enim
299 2431 401 2483 testem
434 2428 603 2497 etiudicem
626 2426 713 2481 hodie
742 2427 853 2490 invoco,
877 2426 1008 2496 quianec
1097 2429 1124 2483 4.
1146 2430 1274 2499 Gottnpsu
1301 2434 1449 2484 restaurat.
1472 2458 1509 2470 -
1532 2431 1639 2484 Praeter
1658 2429 1713 2484 has
1738 2428 1907 2502 principales
1944 2452 1947 2499 ρ

155 2516 231 2571 hunc
261 2521 435 2588 proesentem
467 2516 632 2580 ilenricnm,
668 2531 720 2569 nec
757 2513 884 2586 aliquem
913 2514 1008 2569 virum
1061 2517 1306 2571 suaetnndationis
1325 2524 1354 2572 et
1374 2517 1525 2587 primarias
1547 2515 1691 2583 ecclesias,
1708 2532 1947 2588 quaeconven-,

155 2606 263 2660 carnali
277 2603 480 2659 commistione
506 2619 635 2674 unquam
655 2603 786 2673 cognovi.
804 2621 818 2654 n
848 2602 1006 2672 Hocdicto,
1061 2604 1147 2659 tualis
1176 2605 1303 2673 ecclesia,
1334 2621 1398 2676 quae
1427 2602 1601 2658 monasteria
1630 2603 1752 2658 illorum
1783 2603 1905 2659 donatio
1944 2624 1947 2674 Ι

155 2691 338 2763 stupentibus
363 2694 392 2744 et
414 2689 550 2745 flentibus
571 2689 710 2744 universis
726 2690 775 2761 qui
801 2690 930 2759 aderaut,
959 2708 1008 2746 vo·
1062 2707 1119 2746 nou
1139 2692 1308 2763 gloriantur,
1326 2691 1420 2745 autin
1444 2689 1701 2761 praediisdilatata,
1737 2690 1906 2746 utdeeoreta
1944 2711 1947 2765 ρ

155 2795 249 2835 meres
279 2777 435 2833 candentes
458 2778 536 2833 nudo
572 2777 692 2849 vestigio
729 2779 856 2845 calcavit,
884 2784 912 2833 et
946 2779 1007 2834 sine
1061 2779 1257 2835 ornamentis?
1274 2781 1350 2834 Alias
1365 2778 1442 2835 enim
1460 2778 1629 2850 antiquitate
1649 2778 1795 2849 collapsas
1814 2778 1905 2833 reaedi-
1945 2800 1947 2852 ρ

155 2868 316 2922 adustionis
350 2865 482 2919 molestia
522 2881 621 2919 secura
658 2866 834 2936 pertransiit.
868 2868 910 2920 lta
932 2866 1007 2921 Deus
1061 2867 1229 2937 ficaverunt,
1249 2869 1387 2940 quasdam
1410 2868 1497 2923 etiam
1525 2867 1684 2922 destructas
1697 2872 1727 2921 et
1738 2867 1776 2921 ad
1792 2866 1905 2922 nihilum
1945 2889 1947 2939 ρ

154 2956 339 3027 omnipotens
357 2953 503 3008 vinculum
518 2959 603 3008 castae
625 2954 786 3009 dilectionis
806 2955 936 3023 servavit,
959 2956 1005 3010 in·
1022 2956 1043 3011 C
1063 2957 1229 3012 redactasin
1245 2957 1399 3028 pristinum
1413 2958 1456 3010 vel
1475 2956 1505 3010 in
1521 2955 1670 3010 meliorem
1679 2958 1789 3010 statum
1805 2960 1904 3010 restau·
1946 2975 1947 3027 ρ

155 3044 317 3097 nocentiam
346 3040 553 3111 comprobavit,
584 3040 744 3113 integritati
772 3042 930 3098 custodiam
951 3043 1006 3098 hu·
1061 3047 1210 3111 raserunt,
1229 3048 1257 3097 et
1281 3043 1363 3098 sicuti
1390 3043 1547 3114 prudentes
1574 3042 1698 3113 virgines
1727 3041 1828 3097 oleum
1854 3058 1905 3096 sua

156 3130 286 3185 militatis
298 3128 439 3183 adhibuit.

192 3222 218 3274 ³.
233 3221 305 3274 loco
334 3232 414 3272 sucro
436 3216 527 3272 condit
550 3222 575 3272 et
601 3217 686 3272 dotat.
703 3248 738 3256 —
756 3219 787 3272 ln
811 3218 934 3273 fascibus
948 3218 1006 3274 ita-

157 3322 213 3377 qua
226 3306 389 3373 constitute,
410 3306 593 3360 continentias
622 3323 680 3360 snae
695 3307 816 3377 gloriam
833 3309 886 3362 sub
898 3306 1006 3362 terreni

157 3395 307 3466 chlamyde
334 3393 448 3465 imperii
478 3394 625 3467 satagebat
652 3394 834 3464 abscondere,
866 3401 899 3450 ut
925 3400 1005 3450 tanto

157 3483 340 3553 propensius,
369 3486 476 3553 quanto
500 3483 643 3538 eittcacius
675 3487 798 3554 poterat,
823 3486 1007 3555 promoveret

157 3588 232 3643 qnae,
262 3573 319 3626 Deo
341 3570 499 3641 inspirante
518 3587 571 3626 nec
592 3588 652 3626 non
667 3571 832 3643 adjurante,
851 3572 888 3626 ad
913 3572 1005 3644 ipsius

157 3659 270 3713 laudem
290 3658 434 3728 cogitabat
454 3659 601 3731 perticere.
624 3659 752 3730 Denique
775 3666 839 3731 post
864 3659 1005 3716 novellam

156 3745 367 3802 fecundissima
398 3747 584 3818 plantationis
621 3764 680 3802 snae
707 3748 856 3803 ecclesiam
891 3750 1004 3803 Babeu-

155 3835 235 3906 berg,
256 3850 343 3907 quam
361 3850 427 3889 cum
452 3835 502 3890 illo
526 3835 735 3889 studiosissimo
750 3851 803 3890 suo
821 3843 1005 3907 cooperatore

155 3925 277 3980 ilenrico
305 3924 334 3977 in
362 3925 424 3978 loco
445 3923 685 3994 Babenbergensi,
705 3925 915 3993 venustissime,
931 3927 1005 3982 sicut

155 4014 292 4068 hactenus
313 4012 451 4080 cernitur,
465 4011 614 4065 fabricavit
629 4013 682 4066 snb
708 4013 868 4081 patrocinio
896 4015 1003 4084 princi-

154 4101 199 4171 pis
231 4100 427 4170 apostolorum
447 4100 525 4153 Petri
548 4103 634 4169 atque
658 4099 746 4153 sancti
763 4101 876 4170 Georgii
898 4108 1003 4173 marty-

1062 3132 1265 3188 misericordire
1281 3133 1446 3187 indiversus
1461 3130 1805 3196 effuderuntutmeritio
1821 3130 1904 3185 dicere

1060 3220 1189 3290 possint:
1220 3220 1322 3277 climati
1348 3221 1432 3275 bonas
1457 3220 1523 3274 odor
1559 3234 1650 3274 snmus
1676 3221 1706 3274 ta
1748 3223 1824 3274 omne·
1858 3220 1905 3274 loco

1061 3307 1179 3378 (IlCor.
1209 3325 1238 3372 ιι,
1267 3312 1321 3375 15).
1352 3308 1374 3363 0
1399 3306 1566 3378 conjugium
1596 3323 1654 3361 non
1677 3307 1839 3378 voluptate,
1865 3305 1905 3361 sed

1058 3394 1136 3449 bona
1149 3397 1296 3450 voluntate
1311 3394 1489 3466 copulatum!
1502 3395 1524 3450 0
1535 3399 1665 3450 sanctum
1679 3394 1905 3458 matrimonium,

1059 3483 1110 3537 nbi
1122 3500 1180 3538 una
1199 3483 1270 3538 tides
1289 3483 1436 3538 inviolatas
1458 3482 1604 3549 castitatis,
1622 3482 1672 3537 ubi
1689 3499 1766 3538 nnus
1792 3482 1906 3554 spiritus

1060 3570 1264 3626 misericordiae
1279 3588 1311 3625 ac
1331 3571 1472 3639 veritatis,
1501 3571 1549 3626 ubi
1565 3571 1641 3626 idem
1661 3570 1736 3626 velle
1758 3570 1789 3626 in
1804 3569 1907 3626 virtuti

1059 3660 1112 3715 bus
1125 3659 1260 3730 idemque
1276 3660 1353 3715 nolle
1370 3660 1398 3714 in
1410 3658 1499 3713 vitiisl
1515 3659 1565 3713 ubi
1579 3675 1631 3714 nec
1645 3658 1759 3730 primns
1776 3676 1832 3715 nec
1843 3660 1906 3714 alter

1060 3746 1183 3800 discerni
1197 3746 1308 3816 potnit3
1322 3747 1391 3801 dum
1413 3746 1495 3812 alter,
1507 3745 1584 3816 quod
1599 3745 1721 3816 primus,
1739 3745 1832 3800 voluit
1845 3744 1905 3800 :nbi

1060 3849 1112 3905 par
1130 3834 1243 3888 animus
1265 3833 1295 3887 in
1324 3833 1486 3888 multifariis
1514 3848 1634 3903 operum
1659 3833 1811 3889 effectibus
1829 3849 1905 3906 pares

1058 3921 1089 3975 iu
1105 3921 1217 3977 duobus
1236 3922 1359 3976 ostendit
1373 3921 1504 3976 allectus!
1520 3922 1623 3985 Quales
1633 3922 1684 3975 lias
1699 3922 1819 3994 nuptias
1829 3923 1903 3977 dixe·

1058 4009 1113 4064 rim
1139 4009 1243 4064 nescio.
1270 4010 1364 4064 Unum
1394 4009 1460 4078 scio,
1487 4009 1556 4080 quia
1577 4011 1666 4064 nescit
1693 4016 1796 4066 nestra
1824 4009 1904 4065 modo

1059 4099 1138 4170 regio
1167 4099 1248 4167 tales,
1275 4100 1344 4153 darn
1366 4099 1408 4153 illi
1427 4104 1545 4170 propter
1572 4114 1692 4169 regnum
1716 4099 1860 4156 coelornm
1878 4114 1903 4152 se

155 4188 204 4255 ris,
232 4190 438 4242 monasterium
463 4188 515 4243 suh
546 4187 647 4258 regula
673 4189 763 4242 sancti
797 4189 941 4243 Benedicti
967 4190 1003 4245 ad
1058 4191 1224 4255 castrantes,
1241 4204 1293 4241 nec
1310 4188 1422 4258 prolem
1447 4192 1569 4241 terrenae
1597 4186 1780 4242 fecunditatis
1810 4203 1903 4260 exspe-

155 4276 354 4346 aqnilonarem
377 4276 503 4347 plagam,
519 4274 549 4329 in
564 4275 672 4330 honore
690 4275 781 4330 sancti
796 4277 938 4331 Michaelis
956 4294 1002 4332 ar-

153 4362 287 4430 changeli
306 4362 451 4429 exstruxit,
481 4377 539 4415 non
572 4362 677 4417 minori
706 4363 799 4417 studio
826 4364 1002 4433 praediorum

154 4466 187 4504 ac
210 4451 386 4505 diversorum
401 4450 527 4505 donariis
547 4457 796 4518 ornamentorum;
821 4453 936 4507 tertiam
956 4455 1003 4509 de·

154 4554 233 4592 mum
261 4554 357 4592 versus
382 4538 536 4593 meridiem
567 4540 620 4593 sub
650 4539 749 4593 ordine
786 4540 1002 4610 canonicorum,

154 4626 207 4681 sub
240 4627 323 4681 titulo
351 4627 443 4682 sancti
483 4626 618 4698 Stephani
651 4628 878 4698 protomartyris,
914 4644 1002 4699 parvo

152 4716 268 4786 quidem
294 4716 448 4782 schemate,
467 4715 517 4769 sed
551 4716 654 4786 majori
678 4731 765 4786 opera
789 4716 824 4770 de
839 4732 891 4769 sno
913 4717 1001 4788 patri-

152 4805 251 4859 monio
272 4804 421 4859 ecelesiam
460 4803 597 4858 fundarit.
623 4804 663 4858 nd
696 4820 784 4876 quam
812 4804 1001 4861 dedicandam

152 4893 338 4948 Benedictum
366 4893 422 4963 (70)
438 4907 554 4962 papam,
575 4909 660 4964 quem
676 4893 811 4964 praefatus
823 4893 880 4947 Deo
896 4892 1001 4964 dignus

152 4982 289 5036 Benricus
307 4981 466 5053 imperator
481 4980 518 5034 ad
539 4981 771 5036 confirmandam
786 4981 1002 5053 Babeubergen·

151 5087 211 5125 sem
226 5070 426 5140 pontificatum
453 5069 646 5134 advocaverat,
673 5069 771 5124 venire
787 5069 908 5140 rogavit.
926 5071 1002 5140 Ipsa·

151 5165 247 5213 entem
275 5157 344 5212 illud
377 5156 593 5227 psalmographi
622 5171 718 5210 secum
750 5157 917 5212 decantaus:
942 5161 1001 5214 Do-

151 5249 233 5309 mine,
260 5247 347 5300 esaar·
372 5245 493 5300 decorem
518 5244 614 5300 domus
629 5248 681 5299 ture
705 5243 789 5314 (Psoi.
814 5261 877 5312 xxv,
906 5248 946 5315 8),
962 5245 1000 5302 di·

151 5350 231 5388 versa
253 5333 347 5387 eidem
374 5333 500 5387 ecclesiae
525 5333 606 5403 juxta
627 5332 806 5403 imperialem
833 5334 1000 5389 munificen-

152 5439 241 5564 10ρΊῖΟ)
255 5439 422 5493 Benedictus
438 5440 509 5504 lllll,
527 5440 577 5510 qui
592 5438 690 5510 Sergio
717 5439 751 5492 1v
770 5440 903 5496 successit
924 5457 1000 5496 anno

1057 4277 1176 4343 chates,
1200 4275 1364 4330 natibema
1385 4276 1441 4330 Bao
1457 4275 1671 4346 generationem
1694 4280 1907 4348 recuperante

1056 4379 1179 4434 qnorum
1209 4379 1258 4418 ore
1277 4364 1339 4418 lans
1366 4363 1415 4419 [tei
1442 4379 1593 4435 nunquam
1622 4363 1747 4419 deliciet.
1775 4365 1845 4420 llaec
1868 4368 1907 4418 est

1057 4451 1206 4523 generatio
1218 4452 1408 4523 quaerentium
1423 4452 1585 4516 Dominum,
1597 4452 1793 4523 quarentium
1807 4452 1905 4507 faciem

1057 4539 1107 4594 bai
1132 4540 1241 4594 Jacob:
1268 4540 1317 4610 qui
1340 4540 1465 4594 viventes
1495 4539 1525 4594 in
1549 4539 1675 4607 Christo,
1701 4539 1836 4595 membra
1859 4556 1906 4595 saa

1056 4627 1261 4682 mortificantes
1279 4633 1398 4699 propter
1422 4626 1575 4692 Christum,
1597 4644 1683 4699 super
1708 4632 1820 4683 terram
1849 4645 1906 4683 mo·

1055 4716 1171 4782 rientes,
1195 4715 1282 4770 modo
1308 4720 1462 4787 regnantes
1483 4731 1549 4771 cum
1569 4715 1680 4771 Christo
1695 4715 1773 4771 bona
1794 4715 1907 4772 Domini

1055 4804 1100 4859 sui
1114 4804 1213 4858 vident
1228 4804 1258 4859 iu
1272 4805 1391 4876 regione
1406 4803 1576 4860 viventium.

1091 4896 1120 4946 5.
1138 4894 1242 4947 Auctor
1255 4892 1421 4961 aggreditur
1434 4895 1520 4947 vttom
1544 4895 1644 4947 sancta
1657 4892 1848 4961 cunegundis.
1875 4921 1908 4933 -

1055 4980 1198 5045 Quoniam
1213 4981 1248 5035 de
1266 4980 1363 5035 vitaet
1391 4981 1544 5035 virtutibus
1567 4979 1608 5051 pii
1631 4984 1660 5034 et
1675 4980 1767 5034 sancti
1792 4979 1908 5036 ilenriei

1056 5068 1291 5124 christianissimi
1314 5068 1536 5139 imperatoribus
1556 5067 1792 5123 miserationibus
1822 5068 1907 5124 variis

1055 5158 1203 5230 quastecit
1216 5158 1247 5212 in
1258 5157 1345 5212 domo
1364 5156 1491 5220 Domini,
1515 5157 1549 5211 de
1566 5155 1655 5227 signis
1669 5172 1788 5228 quoque
1805 5162 1836 5212 et
1856 5155 1907 5211 mi-

1055 5245 1160 5302 raculis
1175 5263 1239 5318 quas
1268 5251 1334 5318 post
1354 5245 1506 5300 transitum
1530 5244 1621 5314 ipsius
1654 5260 1706 5316 per
1740 5260 1810 5301 eum
1842 5244 1909 5300 tecit

1056 5336 1143 5405 Dens,
1158 5336 1227 5389 satis
1243 5350 1276 5389 ac
1290 5335 1377 5406 digne
1391 5333 1498 5405 scripta
1524 5338 1621 5387 sancta
1644 5332 1753 5404 recepit
1769 5334 1905 5401 Ecclesia,

1090 5440 1145 5510 (n)
1157 5440 1251 5494 Codex
1264 5439 1436 5494 Budecensis
1446 5438 1532 5493 hahet
1543 5438 1740 5508 qnadraginta.
