3894 6120
457 318 540 376 vira
560 322 589 378 S.
609 320 846 390 cuuucuuuts,
867 323 927 380 UBl
948 325 994 380 ΒΕ
1014 324 1043 379 S.
1065 324 1228 383 Bubulco.
1677 337 1730 391 202

65 451 175 524 aragia
187 448 280 523 gavisi
306 451 383 502 aunt.
412 446 599 516 Rursumqne
622 460 672 499 rex
686 444 722 499 ad
736 461 786 499 eos
803 449 851 501 :A
873 449 1004 501 mortuus
1018 461 1149 517 unquam
1178 446 1223 501 sui
1246 450 1373 521 corporis
1396 453 1551 522 praesentia
1569 454 1730 511 illustrave-

65 541 173 616 lnquit,
202 540 360 608 pretiorum
379 537 574 601 actiones,nut
606 549 667 603 qua
698 549 816 590 munera
872 540 927 589 rat.
946 534 1035 606 Cujrrs
1062 533 1104 588 rei
1131 536 1372 608 exemplumipse
1398 539 1732 614 Leonobissuppeditat

67 630 206 700 domitans
239 625 378 694 condimen
410 621 513 677 medica
546 627 639 676 nostro
671 621 816 676 Benedicta
873 622 968 693 capite
984 623 1030 689 ts,
1055 621 1106 676 ubi
1120 623 1209 677 refert
1229 626 1363 680 eumdem
1389 634 1520 683 sanctuni
1548 631 1730 687 Benedictum

66 716 269 789 rerependere‘l
281 717 319 769 At
333 711 376 767 illi
395 726 496 765 amnes
516 709 726 780 judicaverunt
747 724 816 762 eum
873 710 943 764 olim
962 709 1165 765 minitabundo
1181 712 1263 767 voltu
1283 714 1415 779 ilenrico,
1433 704 1657 788 priusquamad
1675 720 1730 774 im-

66 804 252 865 nuuilicentia
275 802 398 872 dignum
416 814 488 852 esse.
507 798 566 852 llex
589 812 660 868 ergo
686 813 723 851 ex
749 812 818 849 ran·
875 797 990 869 perium
1005 799 1108 853 luisset
1120 805 1245 859 evectus.
1257 804 1434 872 apparuisse,
1450 807 1569 877 quadiu
1580 808 1730 879 cujusdam

66 888 479 967 incipnmsnorumiugentia
499 885 668 939 munerain
683 882 818 954 praediis,
876 886 1046 941 manasterii
1074 887 1198 942 claustro
1228 904 1318 961 equas
1342 907 1409 946 suris
1432 899 1602 962 pernoctare
1630 912 1731 966 passus

66 984 124 1055 ,in
144 987 274 1053 argento,
289 979 321 1034 in
343 975 518 1031 ornamentis
533 971 671 1043 plurimis
687 971 820 1025 ecclesiae
876 972 1005 1028 luisset:
1031 993 1045 1026 a
1076 976 1174 1041 Nocte,
1195 976 1301 1049 iuquit,
1330 980 1431 1034 eadem
1457 981 1626 1036 Benedictus
1645 985 1732 1039 Pater

67 1071 215 1132 Benedicti
241 1067 379 1124 eontulit.
410 1064 446 1119 Bt
473 1060 643 1117 valefaciens
677 1057 821 1113 iratribus
877 1061 1549 1129 eidemduai,torvoacterribiliraldeintuitu
1574 1087 1729 1141 apparens,

66 1164 125 1220 lem
154 1159 280 1216 ecclesiae
304 1153 547 1228 praesidebanta
577 1147 688 1202 Casino
716 1152 821 1201 moute
877 1150 1068 1220 eiquemulta
1088 1152 1353 1224 quaditadomum
1372 1172 1453 1209 anam
1483 1161 1618 1212 tractaret
1649 1176 1727 1214 cona-

67 1257 193 1309 etaanus
220 1243 367 1301 discessit.
385 1241 427 1295 Ab
457 1257 492 1295 eo
518 1242 613 1292 auteur
632 1239 823 1302 temporeet
877 1238 1025 1309 minitans,
1042 1240 1132 1311 virga,
1161 1258 1247 1313 quam
1272 1259 1360 1297 uranu
1385 1244 1527 1314 gestabat,
1556 1246 1634 1302 illins
1652 1248 1727 1303 latus

67 1356 97 1408 a,
114 1337 236 1410 quadam
254 1330 379 1404 speciali
403 1327 561 1384 dilectione
575 1329 605 1379 et
623 1322 821 1378 veneratione
876 1327 1025 1398 percussit,
1040 1334 1068 1383 et
1081 1345 1114 1384 ex
1137 1335 1206 1384 tunc
1236 1330 1333 1385 dolore
1357 1331 1400 1384 illi
1421 1333 1550 1402 torqueri
1575 1334 1726 1391 vehemen-

71 1426 225 1485 Bcnedicta
253 1427 287 1476 et
315 1417 454 1473 omnibus
476 1413 641 1471 monasticae
663 1408 820 1481 religionis
874 1415 1095 1489 tissimecoepit.
1113 1439 1128 1468 s
1156 1419 1238 1474 Certe
1265 1418 1426 1488 hoaipsum
1444 1420 1535 1474 sanati
1552 1422 1724 1490 apudman·

67 1533 112 1570 ins
135 1511 241 1568 studuit
255 1508 412 1572 deservire,
432 1510 463 1559 et
486 1505 517 1558 iu
544 1500 761 1574 amplificandis
787 1519 819 1558 ac
874 1509 932 1559 teni
963 1506 1112 1561 Cassiuom
1151 1507 1263 1562 Heurici
1296 1507 1467 1560 miraculum
1505 1514 1603 1562 narrat
1628 1516 1726 1564 auctor

69 1601 234 1677 ndisrehus
264 1589 818 1662 ecclesiasticisBenignusacdevotus
874 1594 943 1648 Vitae
963 1595 1052 1649 sancti
1077 1594 1315 1658 lleiuwerci5sed
1346 1610 1405 1648 non
1426 1595 1512 1649 babet
1527 1612 1561 1650 ea
1579 1613 1644 1668 qnae
1659 1614 1725 1653 sau·

67 1691 182 1747 nistera.
199 1689 266 1742 llaec
291 1684 323 1737 in
352 1680 457 1737 Casino
484 1687 583 1734 monte
612 1679 719 1749 scripta
735 1680 815 1734 inve·
836 1689 932 1777 Bctus
943 1685 1028 1738 Pater
1040 1684 1074 1738 de
1090 1684 1134 1738 sui
1157 1683 1285 1755 corporis
1308 1684 1462 1753 praesentia
1477 1683 1545 1738 dicit
1562 1686 1638 1756 apud
1654 1685 1724 1741 Leo·

68 1797 81 1846 ³,
100 1782 176 1834 utet
199 1770 335 1828 moderni
363 1770 509 1839 uragualiu
540 1769 590 1823 llei
615 1769 646 1822 iu
674 1769 815 1824 memoria
869 1787 946 1838 nem,
964 1787 1030 1842 quae
1049 1770 1170 1841 proinde
1192 1788 1225 1825 aa
1248 1771 1312 1840 ipso
1344 1771 1435 1824 leone
1454 1772 1614 1843 excogitata
1636 1773 1724 1828 fuisse

68 1875 85 1937 t,
114 1863 233 1935 ctapud
260 1865 391 1931 posteros
420 1874 474 1927 per
502 1856 709 1927 antiquitatem
737 1861 814 1910 tem·
868 1859 1048 1929 conjicimus.

68 1974 78 2012 ι
104 1952 279 2009 oblivionem
305 1963 363 2001 non
380 1945 508 2001 veniant.
528 1966 543 1998 n
561 1945 814 2000 llcnricusstatim
904 1947 948 2000 40.
966 1947 1123 2001 Euomeret
1136 1946 1213 2001 idern
1230 1947 1295 2010 Leo,
1311 1962 1372 2016 cap.
1399 1947 1443 2010 ta,
1461 1948 1724 2018 pretiosamunera

68 2063 75 2101 ι
104 2043 193 2107 venit,
223 2040 266 2094 uti
297 2039 394 2090 narrat
422 2034 499 2089 idem
530 2036 603 2090 Vitae
645 2039 753 2097 auctor,
784 2049 815 2087 aa
869 2051 934 2106 quaa
960 2035 1098 2090 Benricus
1128 2034 1165 2089 ob
1181 2040 1378 2104 recuperatam
1395 2036 1547 2091 sanitatem
1563 2044 1632 2092 tunc
1648 2043 1723 2092 tem-

68 2136 143 2188 :tum
171 2142 279 2200 papam
307 2124 341 2179 de
365 2121 486 2177 sanitate
510 2129 630 2194 recepta
655 2122 725 2178 lecit
754 2137 815 2175 cer·
869 2124 948 2194 poris
969 2123 1054 2178 beato
1071 2123 1224 2178 Benedicta
1249 2122 1375 2176 obtulit:
1394 2144 1408 2171 «
1439 2125 1571 2193 Textum,
1602 2125 1722 2191 scilieet,

870 2210 1025 2282 Evangelii,
1051 2210 1159 2265 datoris
1185 2209 1301 2281 quidem
1318 2225 1349 2264 ex
1375 2227 1433 2264 urio
1451 2212 1537 2265 latere
1550 2213 1723 2284 adapertum

69 2307 157 2378 cripta
181 2319 247 2375 quae
275 2300 321 2354 hic
344 2298 409 2353 Vita
442 2299 532 2352 sancti
561 2298 682 2353 Henrici
717 2300 817 2351 auctor
870 2314 940 2353 aura
962 2299 1118 2371 purissima
1137 2315 1171 2352 aa
1185 2297 1308 2369 gemmis
1330 2297 1559 2368 pretiosissimis,
1585 2299 1621 2353 ab
1645 2299 1723 2353 intus

69 2396 103 2452 in
123 2390 274 2450 casinensi
304 2386 477 2443 monasterio
504 2393 661 2454 asservata,
686 2386 816 2441 alienon
869 2403 937 2442 raro
953 2387 1125 2453 uncialibus,
1148 2392 1181 2441 ut
1207 2387 1297 2449 aiunt,
1317 2387 1418 2442 litteris
1439 2393 1527 2459 atque
1555 2387 1723 2459 ligurisau-

69 2483 196 2542 eleonis
217 2478 367 2538 blarsicani
392 2477 531 2533 Chronica
548 2477 620 2531 mibi
650 2477 734 2532 facile
750 2490 815 2546 per·
851 2476 925 2531 -reis
937 2476 1055 2529 mirilico
1070 2475 1252 2540 decoratam,
1269 2475 1386 2530 calicem
1402 2491 1522 2530 aureum
1538 2492 1603 2530 cum
1618 2480 1723 2546 patena

69 2591 122 2641 arn,
143 2571 200 2629 nisi
229 2567 401 2624 miraculum
427 2571 523 2619 sancta
552 2566 635 2619 Patre
664 2563 816 2619 Benedicta
870 2581 920 2618 sua
936 2562 1059 2634 gemmis
1074 2569 1102 2617 et
1121 2563 1285 2635 margaritis
1298 2579 1330 2617 aa
1341 2565 1451 2618 smaltis
1462 2564 1581 2634 optimis
1596 2564 1724 2618 adorna·

69 2679 116 2730 an,
138 2659 216 2733 quad
249 2656 359 2712 inillis
387 2652 501 2723 scriptis
528 2669 562 2706 eo
585 2654 672 2708 ruodo
695 2669 729 2706 ac
755 2651 816 2721 ipsa
870 2651 1722 2724 tum:planetamdiapistinlistisaureisadornatam,stolam

70 2749 202 2808 mmait
214 2745 388 2817 descriptum
411 2741 509 2811 procul
525 2741 613 2795 dubio
641 2745 704 2795 erat
734 2738 818 2793 aliter
871 2738 1724 2813 quoqueetmanipulum[mappulam]atquecingulumsiu·

70 2856 97 2895 ra
131 2837 301 2900 referretur;
332 2831 384 2903 qni
403 2829 511 2883 scilicet
533 2828 610 2883 istud
642 2828 816 2883 miraculum
871 2828 1723 2901 galasiuteatomaara.Plavialeetiarndiasprnmaumlistis

70 2927 157 2994 ravit,
188 2928 307 2978 utassat
329 2917 536 2974 validissimum
565 2917 600 2972 ad
629 2916 816 2972 asserendam
871 2935 942 2973 auro
957 2916 1050 2984 textis,
1068 2933 1182 2973 necnon
1196 2923 1226 2973 et
1245 2917 1369 2973 tunicam
1386 2918 1517 2988 ejusdem
1532 2917 1723 2989 subtegminis

70 3015 168 3072 nribus
197 3010 286 3066 sancti
318 3010 412 3064 Patris
444 3004 573 3073 carparis
606 3004 817 3076 possessionem
834 3002 854 3057 C
873 3007 968 3063 aureis
992 3007 1130 3077 operibus
1146 3011 1326 3071 exornatam,
1340 3005 1427 3059 simul
1451 3009 1480 3060 et
1494 3022 1558 3060 cum
1585 3005 1724 3076 mappula

70 3109 180 3161 autam.
198 3099 302 3156 Scribit
328 3096 406 3151 enim
423 3093 538 3160 liuron,
559 3109 621 3166 cap.
651 3095 686 3148 li
715 3098 744 3147 at
769 3108 817 3145 se·
873 3096 1098 3168 diopistinauro
1126 3095 1316 3150 nibilominus
1346 3094 1492 3160 decorata;
1518 3094 1722 3164 situlamqua·

70 3195 133 3260 bus,
150 3191 303 3247 ilenricum
332 3186 536 3256 imperatorem
566 3182 651 3237 simul
669 3199 735 3237 cum
766 3182 816 3235 Be·
873 3203 929 3259 qne
946 3191 1110 3257 etcoppam
1126 3191 1289 3257 argenteam
1313 3184 1482 3255 quantitatis
1506 3200 1563 3238 non
1592 3183 1722 3249 modicae,

70 3269 639 3346 ‚vniaummoponuueemonasterium
662 3269 817 3324 Casinessse
873 3290 1010 3346 numqua
1038 3273 1171 3328 videlicet
1185 3273 1288 3327 fratres
1301 3272 1332 3326 in
1346 3272 1500 3343 praecipuis
1521 3270 1723 3327 festivitatibus

71 3413 79 3440 ,
93 3370 266 3440 inquorum
295 3358 449 3436 praesentit
463 3357 640 3412 Theobflldus
660 3358 747 3413 abbas
762 3357 819 3412 Ca·
874 3363 1016 3418 biberent.
1033 3362 1189 3432 Becollegit
1206 3366 1375 3432 pratereaa
1390 3362 1495 3417 ludaeis
1510 3365 1615 3415 restem
1637 3377 1721 3415 unani

71 3459 222 3524 selectus,
241 3455 278 3509 ab
303 3453 366 3523 ipsa
386 3445 524 3519 pontifice
548 3452 727 3502 consecralus
752 3445 817 3500 fuit·
874 3452 909 3506 de
932 3450 1034 3506 altario
1063 3451 1153 3505 sancti
1180 3449 1334 3512 Benedicti,
1364 3466 1429 3521 qnae
1457 3449 1604 3520 quondam
1633 3449 1724 3502 luerat

71 3536 472 3618 amporisutiproseqoitun
490 3533 625 3589 defitiens
653 3533 819 3590 acutissimo
875 3538 970 3594 Caroli
988 3537 1074 3610 regis,
1093 3554 1180 3608 quarn
1208 3537 1297 3591 iidem
1328 3537 1420 3592 ludaei
1445 3536 1609 3591 retinebant
1631 3534 1723 3607 iupi-

71 3631 302 3692 orevexabatur.
330 3626 376 3682 cui
404 3639 458 3679 nec
472 3623 557 3692 plane
572 3623 736 3689 dormienti,
767 3637 820 3676 nec
875 3641 965 3696 gnare
979 3642 1032 3697 pro
1048 3626 1214 3697 quingentis
1234 3625 1339 3692 aureis,
1358 3642 1470 3679 necnon
1490 3631 1519 3678 et
1535 3624 1652 3679 calicem
1675 3640 1723 3678 ar-

71 3740 86 3778 s
107 3719 243 3793 vigilanti
261 3715 396 3789 apparuit
409 3714 514 3769 beatus
526 3712 706 3779 Benedictus,
733 3712 821 3783 eique
875 3720 1012 3786 genteum
1023 3715 1194 3770 Saxonicum
1209 3713 1347 3783 majorem
1359 3729 1423 3767 curn
1441 3718 1544 3783 patena
1559 3729 1620 3779 sua,
1637 3727 1723 3783 quem

71 3811 127 3868 ain
140 3824 220 3863 sacra
235 3811 333 3862 monte
349 3799 480 3873 corporis
503 3800 546 3854 sui
561 3800 712 3856 existentia
733 3799 820 3854 dubi·
875 3804 1067 3859 Theodericus
1096 3803 1241 3858 &ronam
1270 3817 1320 3855 rex
1357 3802 1441 3856 beato
1473 3801 1626 3856 Benedicta
1655 3801 1723 3855 alim

72 3916 118 3956 aec
148 3898 240 3954 dixit:
259 3893 320 3951 Scio
346 3893 477 3962 quonium
506 3893 536 3942 tu
562 3904 603 3943 me
624 3890 753 3944 hactenus
777 3889 821 3942 liic
876 3893 1086 3947 transmiserat.
1103 3889 1574 3960 Quaeomniapariterinlratrom
1595 3905 1724 3960 paresen-

72 3990 107 4045 tta‘
134 3981 487 4056 quiescere;aedaesuper
500 3976 548 4032 bac
572 3979 690 4046 amplius
717 3979 822 4046 atiquu·
877 3981 918 4035 tia
940 3997 1028 4053 super
1055 3980 1145 4034 altare
1173 3978 1250 4033 beati
1290 3977 1435 4032 Benedicti
1468 3992 1579 4047 ponens
1607 3977 1724 4044 obtulit;

72 4075 191 4141 dubius,
206 4085 347 4140 meumque
379 4070 409 4122 in
438 4067 494 4120 leco
517 4066 570 4120 isto
584 4067 731 4121 certissime
749 4065 820 4134 quie·
877 4068 1107 4140 predictumque
1132 4083 1237 4139 papam
1261 4082 1319 4120 suae
1335 4065 1512 4120 auctoritatis
1540 4065 1724 4136 scriptionem

72 4162 147 4220 radas
172 4159 372 4229 corpusculum,
399 4156 447 4210 toa
464 4153 515 4207 tibi
541 4155 651 4220 sianum
665 4156 726 4209 osa
757 4153 823 4210 Cum
878 4157 912 4212 de
940 4157 1011 4229 ipsis
1036 4157 1170 4212 omnibus
1194 4157 1223 4209 in
1252 4155 1307 4209 hoc
1331 4155 1424 4209 tacere
1456 4155 1577 4224 rogarit,
1615 4158 1727 4225 aposto

72 4267 92 4308 a
103 4249 187 4307 nodie
199 4249 363 4312 suffeceris,
390 4246 420 4298 ia
448 4244 579 4308 egestione
592 4243 679 4297 urinae
699 4247 753 4296 tua
768 4246 821 4295 tres
837 4274 860 4328 D
878 4246 927 4301 liei
951 4245 1141 4305 anathematis
1164 4244 1351 4299 innodatione
1369 4243 1462 4297 eidem
1478 4243 1628 4313 scriptioni
1642 4259 1727 4316 appo

72 4354 152 4396 raon
178 4352 278 4407 paruas
301 4337 422 4402 mingere
447 4329 570 4398 tacetis,
593 4333 619 4384 ct
644 4345 678 4384 ea
693 4336 756 4386 tunc
781 4329 825 4384 do
880 4335 943 4402 sita,
959 4333 1071 4405 nequis
1087 4334 1268 4405 unquamvel
1286 4332 1413 4386 hocloco
1429 4348 1494 4402 qua
1523 4330 1655 4398 diximus,
1683 4332 1727 4386 rel

73 4431 131 4484 tort
143 4427 338 4496 ampliositas
352 4420 499 4477 totenais.
515 4417 649 4475 Protinus
661 4418 759 4490 itaque
769 4418 825 4472 evi·
879 4423 936 4478 alia
950 4439 1016 4494 quae
1031 4423 1062 4477 in
1087 4430 1171 4477 autea
1186 4421 1264 4477 idem
1289 4420 1444 4490 imperator
1472 4419 1539 4474 huic
1554 4420 1727 4475 manasterio

73 4514 216 4574 Benricus
223 4511 357 4579 surrexit,
373 4515 459 4581 atque
472 4524 506 4563 eo
515 4506 602 4562 moda
615 4505 825 4578 quopraedixe-
879 4509 1062 4575 concesserit,
1082 4508 1194 4563 auterre
1212 4511 1376 4579 prasumat.
1393 4530 1407 4556 a

73 4604 252 4668 retrrsl’ater,
268 4601 419 4655 sanitatem
439 4598 559 4668 recepit3
585 4611 617 4650 ac
637 4610 721 4649 mane
750 4593 825 4648 foetu
918 4601 961 4653 ll.
977 4597 1051 4664 Quin
1067 4602 1096 4652 et
1119 4596 1288 4652 Benedictus
1300 4595 1425 4666 pontifex
1452 4599 1480 4649 et
1503 4595 1658 4665 Piligrinus
1673 4596 1727 4651 Co·

73 4692 181 4750 italum
209 4686 451 4743 veniensaunctis
469 4685 603 4739 fratribus
631 4699 691 4736 rena
715 4684 826 4752 gestam
880 4684 1199 4751 laniensiumantistes,
1227 4700 1279 4737 sua
1294 4683 1402 4752 pariter
1417 4698 1537 4737 munera
1551 4684 1727 4749 obtulerunt,

74 4823 85 4851 ,
117 4784 147 4835 et
177 4779 234 4833 alia
266 4777 356 4831 multa
386 4789 451 4845 quae
476 4773 537 4827 fuse
566 4769 751 4843 prosequilur
777 4767 826 4822 ille
880 4790 946 4846 quae
963 4776 1019 4829 Leo
1034 4777 1162 4827 recenset
1172 4770 1274 4826 eadem
1290 4771 1497 4824 loca:aldem
1526 4786 1641 4841 quoque
1658 4786 1728 4839 apo-

75 4873 182 4941 ‚totus
197 4866 226 4920 in
246 4881 280 4920 eo
295 4870 328 4919 ut
342 4880 376 4918 ex
394 4863 449 4917 hoc
473 4860 610 4915 miracula
624 4857 735 4912 evincat
751 4856 828 4911 beati
881 4860 1008 4928 stolious,
1030 4859 1210 4931 imperatoris
1233 4859 1318 4913 saluti
1333 4859 1414 4913 valde
1438 4859 1649 4930 congratulans,
1676 4855 1730 4911 ab·

81 4955 225 5029 reliquias
246 4967 395 5023 nunquam
418 4949 448 5003 iu
462 4949 582 5004 Galliam
603 4947 700 5001 allatas
714 4943 826 4998 fuisse:
881 4948 949 5003 tulit
974 4954 1004 5003 et
1017 4947 1079 5019 ipse
1099 4947 1182 5002 beato
1216 4946 1368 5001 Benedicta
1382 4945 1485 5000 eadem
1512 4945 1558 4999 die
1585 4944 1730 5015 planetam

74 5061 143 5104 rane
162 5061 195 5099 ex
221 5042 283 5096 Vita
308 5039 399 5095 sancti
424 5036 537 5092 llenrici
564 5034 722 5090 iacileuan
748 5030 827 5087 calli·
882 5036 1023 5107 optimam
1051 5034 1147 5089 veneti
1174 5033 1289 5102 coloris,
1320 5033 1392 5088 listis
1421 5031 1609 5087 nilrilomiuns
1637 5030 1730 5085 aureis

883 5123 1017 5179 decenter
1043 5127 1184 5191 ornatam,
1203 5129 1231 5177 et
1255 5123 1357 5177 stolam
1381 5137 1466 5175 unam
1495 5121 1633 5192 optimam
1661 5135 1730 5174 aare

74 5209 828 5291 'onitaquaindnbiomrevocarirelimtamillustre
883 5211 1330 5282 brustamcarnmanipulosua.
1345 5209 1443 5264 Sedet
1461 5207 1609 5278 Belgrinus
1639 5207 1730 5262 archi·

74 5309 164 5368 alam.
194 5305 291 5363 Potuit
317 5305 393 5360 euim
417 5308 531 5358 sanctus
549 5298 712 5366 Pater,etsi
740 5297 829 5369 ipsius
883 5298 1096 5373 episcopus,ob
1110 5298 1232 5370 gratiam
1246 5295 1588 5367 imperatoriaesanitatis,
1601 5297 1733 5352 similiter

76 5416 97 5455 n
113 5396 213 5454 Galliis
226 5393 394 5468 jacuissent,
412 5408 472 5446 sese
490 5387 658 5462 imperatori
674 5385 830 5442 dormienti
884 5387 990 5443 obtulit
1012 5385 1098 5441 beato
1126 5386 1277 5441 Benedicta
1306 5385 1452 5456 planetam
1479 5400 1655 5456 purpuream
1680 5401 1731 5456 op·

75 5485 172 5545 emin
191 5488 288 5540 monte
312 5482 414 5538 Casina
437 5479 574 5552 prebere,
600 5474 717 5532 utalias
731 5473 831 5530 iecisse
883 5475 998 5546 timam,
1026 5474 1123 5529 aureis
1161 5473 1235 5528 listis
1272 5471 1414 5528 mensium
1457 5473 1607 5529 duodecim
1651 5473 1734 5544 signa

75 5592 86 5632 r
116 5573 148 5631 in
183 5571 255 5629 locis
283 5568 468 5644 quibusdam,
496 5582 570 5640 quos
594 5579 648 5620 nec
670 5562 751 5619 vivus
778 5578 831 5618 nec
887 5562 1064 5619 habentibus
1085 5562 1115 5617 in
1141 5559 1262 5617 circuitu
1287 5561 1465 5632 adornatam,
1481 5565 1508 5618 et
1537 5562 1641 5618 stolam
1668 5576 1734 5616 cnm

161 5687 298 5754 Parnon.
324 5683 411 5750 CXL.
1524 5721 1525 5724 ¹
1564 5674 1583 5741 7
