3878 6112
70 235 125 289 881

524 240 766 300 oncunvounu
788 247 879 303 tlssru
899 249 953 304 XX.
976 281 1009 289 -
1030 252 1134 308 LIBER
1156 253 1390 325 ouooncrllUS,

1784 270 1836 322 882

68 358 145 429 piat.
164 360 319 432 Episcopus
334 376 411 430 vero,
427 363 585 435 presbyter,
601 368 647 422 vel
662 368 809 437 diaconus,
830 371 853 425 si
875 372 929 426 boc
944 376 967 426 X
983 372 1148 442 juramenta
1163 392 1215 446 pro
1230 377 1318 447 regiae
1336 379 1486 447 potestatis
1502 381 1603 451 salute,
1629 387 1673 440 vel
1695 389 1835 443 constitu-

69 447 184 502 crimen
200 455 418 521 perpetraverit,
430 452 613 522 degradetur.

982 463 1060 517 tione
1069 464 1162 534 gentis
1177 470 1206 518 et
1220 465 1331 536 patriae,
1345 482 1410 536 quos
1425 467 1563 523 hactenns
1577 477 1645 526 sunt
1659 481 1765 543 exacta,
1786 478 1834 533 vel
1852 519 1861 531 .

69 553 138 609 (Ἀρ,
154 555 234 611 χχιι,
252 586 282 596 ..
303 559 339 611 pe
357 557 404 611 5110
419 560 468 626 qm·
486 558 606 614 audierit
620 576 707 616 „ocem
719 564 881 633 μεμαώς,
900 570 927 619 03
981 551 1115 622 deinceps
1130 553 1293 607 exstiterint
1307 554 1458 624 exigenda,
1475 559 1555 611 omni
1582 560 1723 630 custodia,
1740 566 1834 618 omni-

367 642 506 682 asseusum
518 631 629 698 prabet.

107 712 151 783 (ln
165 683 283 769 Leuitico
298 715 397 782 tegitur
412 718 432 785 ε)
446 717 548 771 Anima
564 735 629 788 quae
644 722 810 790 peccaverit,
828 727 856 777 et
872 739 926 778 au-

68 800 158 856 dierit
177 817 275 856 vocem
288 803 454 873 pejerantis,
470 810 499 858 et
514 807 594 860 testis
609 807 705 875 luerit,
734 815 782 865 aut
800 811 862 881 ipse
885 811 926 865 vi·

981 655 1036 709 quo
1064 640 1214 711 vigilantia
1240 640 1479 698 indissolubiliter
1518 647 1699 703 decernimus
1735 652 1832 706 obser-

981 727 1081 793 vanda,
1103 729 1299 783 membrorum
1319 732 1511 800 truncatione,
1535 736 1693 807 mortisque
1715 743 1833 794 senten-

979 815 1030 883 tia,
1058 816 1196 888 religione
1217 818 1331 888 penitus
1355 820 1494 884 absoluta,
1526 823 1574 876 sed
1605 840 1641 878 ne
1678 842 1833 897 pravarum

69 886 158 956 derit,
187 893 237 944 aut
267 891 396 944 conscius
424 891 487 955 erit,
518 892 572 946 nisi
599 894 765 952 indicaverit
800 898 925 970 portabit
978 903 1251 961 mentiumversuta
1279 907 1409 978 nequitia
1434 917 1549 964 uosmet
1577 911 1612 967 ad
1627 914 1749 983 perjurii
1776 915 1831 969 ali·

69 976 266 1049 iniquitatem.

979 993 1093 1064 quando
1107 999 1242 1064 provocet
1256 997 1380 1066 culpans,
1397 1013 1449 1051 nec
1472 1003 1605 1053 asanctae
1634 1001 1701 1055 lidci
1730 1004 1832 1073 regula

70 1083 136 1138 ω,
153 1083 289 1140 xxm,-
305 1086 786 1162 nermoquodgposgopusspfrigum
801 1097 924 1148 sanctum
977 1081 1051 1135 hanc
1078 1088 1185 1136 asserat
1212 1084 1310 1136 venire
1343 1085 1526 1155 senteutiam,
1554 1092 1612 1141 tam
1642 1088 1747 1143 divinas
1781 1107 1831 1144 no·

383 1160 541 1227 testificatus
556 1166 605 1215 cst.

977 1169 1116 1224 claritatis
1159 1173 1283 1240 oracula,
1326 1189 1412 1243 qnam
1449 1176 1674 1244 praecedentium
1713 1178 1828 1232 Patrum

105 1240 265 1312 (Apostolus
279 1242 347 1298 dicit
362 1243 381 1315 :l
398 1245 551 1301 Veritatem
566 1248 629 1302 dico
660 1249 690 1302 in
724 1249 846 1317 Christo,
863 1267 923 1304 nou
977 1258 1044 1312 huic
1063 1259 1223 1313 narrationi
1237 1260 1399 1314 curavimus
1427 1261 1608 1317 innectenda.
1626 1264 1671 1319 Sic
1688 1266 1829 1336 euimper

67 1333 207 1398 mentior,
221 1331 421 1387 testimonium
436 1335 509 1389 mihi
523 1336 658 1391 reddente
673 1337 844 1392 conscientia
860 1354 923 1393 mea
978 1346 1151 1401 Hieremiam
1166 1348 1257 1402 dixit:
1281 1350 1408 1419 Repente
1428 1350 1529 1421 loquar
1545 1353 1677 1406 adversus
1701 1359 1826 1423 gentem,

65 1418 99 1473 in
114 1419 226 1492 Spiritu
241 1425 349 1475 sancto.

274 1509 339 1565 Car.
359 1510 447 1565 XXIV.
465 1541 500 1553 -
515 1514 552 1567 lle
570 1513 714 1568 eademne.

977 1436 1153 1489 etadversus
1175 1453 1306 1506 regnum,
1324 1443 1357 1492 ut
1373 1438 1525 1508 eradicem,
1543 1445 1571 1494 et
1599 1441 1763 1511 disperdam
1791 1442 1827 1496 il·

976 1522 1034 1576 lud.
1063 1523 1092 1580 si
1118 1525 1316 1593 poenitentiam
1341 1527 1433 1595 egerit
1460 1526 1624 1596 gensillna
1653 1531 1729 1583 malo
1763 1547 1826 1599 suo,

102 1595 162 1669 (na
176 1597 258 1653 dictis
273 1601 442 1668 llicronym.)
456 1600 647 1673 Hieronymus
666 1602 735 1657 dicit
751 1603 868 1658 :lesum
882 1606 956 1704 te·B
977 1612 1055 1682 quod
1072 1614 1182 1667 locutus
1192 1629 1256 1667 snm
1269 1614 1403 1668 adversus
1419 1630 1493 1681 eam,
1507 1631 1590 1686 agam
1615 1621 1643 1670 et
1666 1633 1719 1688 ego
1736 1619 1827 1688 poeni·

62 1688 126 1740 stor
141 1689 171 1740 et
189 1689 301 1741 sanctos
316 1688 432 1758 angelos
447 1688 519 1759 ejus.

109 1773 176 1830 Car.
192 1775 265 1830 XXV.
281 1805 317 1815 ·-
332 1776 408 1842 Quod
423 1776 544 1846 definitio
560 1778 671 1832 tracanto
684 1778 814 1833 soluendo
837 1781 883 1834 sit.

101 1861 160 1934 (Ee
188 1865 298 1919 concilio
325 1866 448 1933 llitem,
474 1867 563 1935 capite
588 1865 624 1937 l.)
652 1865 786 1921 Definitio
806 1866 921 1921 incauta

60 1949 252 2007 landabiliter
265 1953 412 2021 solvenda,
437 1969 489 2008 uec
514 1953 712 2025 praevaricatio
735 1959 788 2024 est,
813 1955 863 2010 sed
878 1961 920 2010 te·

61 2038 211 2096 maritatis
225 2041 398 2096 emendatio.

265 2131 329 2186 Car.
360 2132 706 2187 XXVl.-Deeodemrc.

37 2260 41 2267 .
102 2216 162 2288 (Ea
175 2218 274 2287 enesim,
291 2222 389 2289 cupite.
406 2219 444 2290 3.)
460 2220 489 2276 Si
503 2221 598 2292 puella
610 2220 663 2274 sita
675 2221 705 2274 in
718 2221 821 2292 puerili
837 2225 920 2275 aetnte

63 2308 97 2363 in
108 2306 199 2361 domo
211 2309 311 2378 patris,
326 2308 375 2362 illo
389 2309 531 2363 nesciente
551 2326 579 2362 se
594 2310 759 2379 juramento
778 2310 919 2363 constriu-

62 2395 164 2451 1erit:
181 2400 210 2450 et
224 2397 247 2450 si
263 2401 345 2468 pater
359 2398 465 2466 statim,
488 2402 522 2452 ut
546 2398 679 2462 audierit,
706 2398 918 2466 contradixerit,

62 2489 136 2538 vota
164 2484 226 2555 ejus
253 2490 282 2539 et
310 2485 475 2556 juramenta
501 2484 583 2540 irrita
611 2491 706 2550 erunt,
737 2491 766 2540 et
809 2486 920 2540 facilius

62 2573 279 2628 emendabitur.

264 2662 328 2717 Car.
348 2662 446 2716 XXVll.
465 2690 499 2702 -
523 2663 662 2717 lleeodem
682 2679 720 2716 rc.

99 2749 158 2817 (aa
172 2751 283 2804 concilio
310 2751 447 2817 Aureliae,
473 2755 563 2821 capite
576 2750 615 2822 2.)
639 2752 838 2805 iuramentum
854 2751 916 2815 lilii,

60 2841 116 2891 aut
129 2836 208 2903 lilim,
224 2838 366 2892 nesciente
380 2844 471 2910 patre,
488 2845 516 2894 et
533 2845 596 2893 vota
615 2838 757 2907 monachi,
775 2839 917 2893 nesciente

61 2924 179 2991 abbate,
195 2926 398 2996 etJnramenta
411 2928 506 2998 pueri,
522 2927 693 2982 irritasunt.

100 3029 168 3085 Cae.
177 3031 293 3086 XXVlll.
306 3063 340 3072 -
352 3033 431 3100 Quod
445 3034 568 3089 omuibus
583 3036 669 3088 modis
684 3033 832 3087 cauendum
845 3035 881 3088 sit

399 3105 578 3159 mendacium.

98 3191 225 3260 (Gregor.
241 3192 307 3248 dicit
327 3193 345 3261 :l
362 3192 437 3259 Noli,
452 3192 504 3260 lili,
529 3207 635 3263 negare
658 3191 781 3262 gratiam
803 3191 864 3259 Dei,
881 3208 917 3246 ue

60 3279 196 3335 incurras
208 3296 260 3351 pro
273 3280 349 3336 bono
364 3280 394 3335 in
409 3281 528 3346 malum,
542 3297 595 3351 pro
611 3280 773 3334 humilitate
792 3280 823 3333 in
838 3296 918 3334 men·

62 3367 190 3421 dacium.
204 3367 368 3423 Cavendum
384 3384 509 3439 namque
519 3376 561 3423 est
575 3367 710 3423 omnibus
725 3368 817 3422 modis
832 3383 916 3423 men-

61 3454 190 3522 dacium,
204 3454 263 3510 sive
278 3471 330 3527 pro
344 3456 435 3524 malo,
450 3456 508 3510 sive
523 3454 610 3509 etiam
626 3471 677 3525 pro
693 3455 769 3509 bono
794 3454 917 3525 prolerri

59 3543 195 3598 videatur
209 3559 217 3599 ι
229 3545 297 3614 quia
309 3561 393 3599 omne
407 3544 589 3599 mendacium
599 3560 657 3597 non
669 3548 712 3597 est
722 3559 755 3598 ex
768 3545 834 3611 Deo,
854 3543 915 3610 sed,

61 3631 137 3685 sicut
147 3631 276 3686 Salvator
290 3632 368 3697 dicit,
379 3648 396 3686 a
406 3633 481 3686 malo
492 3637 543 3686 est.

224 3721 288 3775 Car.
305 3721 387 3775 XXlX.
402 3723 521 3775 —Item
536 3721 569 3775 de
580 3721 746 3790 juramento.

96 3808 152 3878 (Ea
170 3809 281 3862 concilio
298 3808 430 3880 Toleton.)
447 3809 560 3864 Etenim
574 3810 643 3864 dum
673 3809 804 3879 pejerare
836 3825 915 3863 com-

60 3895 208 3965 pellimur,
224 3900 382 3951 creatorem
397 3897 514 3968 quidem
525 3897 707 3964 offendimus,
722 3897 771 3951 sed
784 3913 835 3951 nos
856 3903 917 3950 tau·

975 1701 1095 1754 tentiam
1111 1718 1197 1772 super
1212 1702 1288 1755 malo
1304 1701 1382 1772 quod
1397 1702 1530 1773 cogitavi,
1548 1708 1579 1758 ut
1603 1703 1726 1759 facerem
1741 1705 1778 1760 ei.
1794 1707 1828 1761 Et

974 1805 1026 1859 per
1037 1789 1213 1844 Ezechielem
1229 1808 1237 1843 :
1254 1790 1283 1844 Si
1307 1790 1416 1856 dixero,
1440 1791 1546 1862 inquit,
1567 1792 1645 1862 justo
1669 1793 1747 1864 quod
1769 1795 1827 1849 nita

973 1877 1058 1942 vivat,
1088 1883 1117 1932 et
1142 1878 1265 1933 conlisus
1292 1877 1449 1949 injustitia
1470 1896 1531 1945 sua,
1558 1880 1657 1935 fecerit
1684 1880 1827 1954 iniquita-

973 1970 1042 2032 tem,
1058 1982 1158 2020 omnes
1168 1966 1288 2036 justitie
1302 1966 1364 2036 ejus
1389 1966 1527 2022 oblivioni
1542 1968 1714 2026 tradentur:
1741 1975 1770 2025 et
1795 1970 1826 2026 io

973 2053 1124 2124 iniquitate
1138 2070 1189 2109 sua
1212 2070 1299 2125 quam
1313 2060 1448 2124 operatus
1463 2060 1515 2124 cst,
1533 2056 1563 2110 in
1576 2055 1639 2128 ipsa
1673 2058 1824 2113 morietur.

973 2140 1002 2196 Si
1014 2146 1111 2196 autem
1136 2142 1233 2196 dinero
1262 2142 1363 2212 impia,
1394 2143 1481 2197 llorte
1509 2143 1654 2220 morieris,
1679 2151 1708 2200 et
1735 2147 1827 2217 egerit

973 2230 1170 2301 poenitentiam
1188 2246 1195 2284 ε
1211 2231 1268 2285 vita
1290 2231 1374 2298 vivet,
1398 2237 1498 2285 etnon
1522 2233 1671 2287 morietur.
1699 2233 1728 2288 si
1756 2250 1825 2305 ergo

973 2322 1069 2371 nostra
1107 2320 1283 2372 conversatio
1324 2320 1364 2372 sic
1402 2319 1528 2373 divinam
1571 2325 1663 2374 mutat
1705 2325 1824 2376 senteu-

972 2408 1053 2474 tiam,
1071 2422 1122 2462 cur
1145 2408 1316 2461 miserorum
1333 2411 1420 2460 tautae
1450 2407 1592 2478 lacrymae,
1609 2409 1653 2462 vel
1679 2424 1823 2478 pressura,

972 2499 1031 2546 tam
1058 2494 1175 2548 crudam
1205 2509 1262 2547 non
1291 2500 1452 2564 temperent
1479 2510 1513 2548 ex
1542 2495 1729 2560 miseratione
1760 2496 1823 2550 vin·

972 2582 1097 2636 dictam?
1114 2582 1185 2638 llinc
1213 2583 1297 2636 otiam
1325 2584 1433 2653 populo
1457 2583 1612 2652 israelitico
1642 2600 1717 2654 saepe
1752 2584 1824 2639 ultio

971 2671 1113 2741 promissa
1132 2671 1325 2741 suspenditur,
1342 2675 1371 2725 et
1391 2671 1582 2726 Ninivitarum
1611 2671 1736 2741 perditio
1753 2672 1825 2727 divi-

972 2774 1017 2812 noe
1040 2759 1190 2813 sententie
1218 2757 1430 2828 permutatione
1454 2759 1578 2813 sedatur.
1606 2760 1677 2813 Nam
1710 2765 1825 2815 sanctus

971 2847 1138 2901 Ambrosius
1154 2847 1183 2900 in
1199 2847 1271 2901 libro
1287 2846 1370 2900 tertio
1385 2847 1420 2900 de
1435 2846 1553 2910 officiis,
1574 2847 1615 2901 ita
1631 2848 1671 2901 ait
1689 2864 1696 2902 :
1717 2849 1824 2903 Porum

934 2926 1061 3005 Cigitur
1088 2951 1120 2988 ac
1144 2935 1287 2989 sincerum
1309 2939 1424 3006 oportet
1438 2951 1498 2989 esse
1521 2936 1666 2999 allectum,
1688 2941 1717 2989 et
1731 2952 1823 2990 uuus-

972 3024 1094 3094 quisque
1108 3023 1268 3095 simplicem
1293 3040 1457 3077 sermonem
1473 3023 1609 3093 proferat.
1627 3024 1679 3078 Vas
1694 3041 1779 3078 suurn
1794 3024 1824 3078 in

970 3113 1120 3166 sanctitate
1158 3112 1314 3182 possideat,
1341 3126 1377 3165 ne
1416 3113 1534 3166 tratrem
1571 3111 1824 3182 circunscriptione

969 3201 1124 3255 verborum
1135 3200 1261 3255 inducat.
1293 3199 1369 3253 Nihil
1390 3199 1541 3270 promittat
1563 3200 1758 3268 inhonestum,
1790 3216 1822 3255 ac

970 3287 1025 3342 sibi
1039 3289 1207 3358 promittere
1234 3292 1353 3359 qnaerat.
1366 3288 1555 3342 Tolerabilius
1579 3293 1621 3342 est
1647 3289 1821 3359 promissum

970 3392 1029 3430 uon
1048 3376 1149 3443 tacere,
1166 3392 1253 3446 quam
1265 3375 1357 3428 lacere
1373 3375 1450 3444 quod
1465 3381 1549 3446 turpe
1564 3375 1610 3429 sit.
1631 3376 1709 3447 Saepe
1733 3377 1821 3447 pleri-

970 3480 1025 3535 que
1042 3463 1286 3532 constringentes
1300 3462 1488 3532 jurisjurandi
1504 3469 1693 3530 sacramento,
1711 3469 1739 3518 et
1755 3481 1821 3519 cum

969 3549 1025 3620 ipsi
1047 3549 1233 3618 cognoverint
1255 3548 1481 3618 promittendum
1505 3564 1563 3602 non
1586 3548 1673 3603 inisse
1701 3549 1749 3619 jus
1780 3567 1822 3603 sa-

969 3637 1118 3702 cramenti,
1141 3641 1237 3689 tamen
1260 3635 1499 3704 contemplatione
1526 3635 1635 3689 faciunt
1658 3635 1733 3705 quod
1760 3653 1822 3706 spo·

968 3720 1143 3791 ponderuut,
1172 3719 1245 3772 sicut
1265 3718 1425 3772 dellerode
1445 3735 1531 3787 supra
1559 3718 1735 3789 scripsimus,
1770 3719 1820 3788 qui

969 3807 1105 3861 saltatrici
1135 3807 1286 3877 praemium
1325 3806 1448 3875 turpiter
1489 3805 1633 3875 promisit,
1665 3805 1820 3859 crudeliter·

969 3895 1060 3949 solvit.
1077 3896 1181 3964 Turpe,
1197 3893 1275 3964 quod
1290 3907 1412 3962 rognum
1426 3908 1479 3962 pro
1503 3891 1653 3945 saltatione
1674 3890 1820 3962 promitti·

62 3984 213 4039 tummodo
243 3985 429 4053 maculamus,
457 4003 522 4040 cum
553 4002 622 4040 vero
651 3986 735 4041 noxia
775 3985 917 4056 promissa
968 3982 1272 4051 turzcrudele,quod
1295 3998 1372 4034 mors
1394 3980 1539 4051 prophetoe
1564 3996 1615 4051 pro
1631 3979 1819 4050 jurisjurandi

62 4072 253 4143 complemus,
273 4078 303 4127 et
330 4074 380 4128 liei
393 4075 471 4144 jussa
494 4075 616 4145 superbe
644 4074 864 4139 contemnimus,
885 4080 916 4128 ut
968 4072 1108 4142 religione
1133 4072 1401 4141 donaturzquanto
1428 4068 1605 4123 tolerabilius
1630 4069 1686 4122 tale
1720 4067 1821 4121 luisset

64 4161 203 4232 proximis
230 4161 320 4232 impia
338 4162 505 4216 crudelitate
534 4179 697 4227 noceamus,
726 4166 756 4216 et
785 4162 950 4252 nosipsosD
968 4161 1129 4232 perjurium
1144 4160 1391 4213 sacramentoib‘t
1406 4163 1469 4228 post
1491 4173 1592 4227 pauca,
1608 4156 1644 4210 de
1662 4157 1743 4226 lepte
1761 4154 1819 4209 dis·

65 4247 226 4303 crudeliore
241 4249 341 4304 mortis
357 4250 451 4320 gladio
467 4250 653 4304 trucidamns.
684 4249 744 4304 lllic
759 4250 835 4303 enim
861 4251 913 4304 du-

64 4336 133 4408 plici
147 4335 298 4406 culparum
312 4337 368 4391 telo
382 4337 569 4407 percutimur,
585 4337 632 4391 hic
655 4337 807 4407 tripliciter
827 4338 913 4408 jugu-

64 4427 169 4481 lamur.
184 4425 282 4479 Restat
297 4441 376 4496 ergo,
402 4431 482 4480 uteo
507 4431 604 4480 nostra
629 4431 730 4498 pergat
761 4427 913 4494 sententia,

65 4529 122 4586 qno
150 4512 355 4567 misericordie
395 4514 520 4586 patuerit
550 4514 605 4568 via.
637 4514 706 4578 Quae
730 4514 761 4567 in
791 4514 914 4569 Domino

64 4600 343 4671 probaturaccepta,
372 4606 405 4656 ut
430 4604 495 4673 plus
510 4619 574 4656 eam
602 4602 697 4674 cupiat
720 4619 807 4672 quarn
827 4602 914 4656 sacri-

64 4689 129 4745 llcia
146 4689 320 4756 veneranda,
351 4690 462 4746 dicente
477 4692 560 4762 ipso:
589 4690 811 4746 Misericordiam
837 4692 912 4759 volo,

65 4782 91 4833 at
104 4793 166 4832 non
195 4778 377 4833 sacrilicium.
406 4781 463 4835 llac
479 4779 667 4850 indulgentiae
683 4795 815 4833 concessa
828 4779 915 4833 licen·

65 4866 113 4933 tia,
131 4865 326 4921 miserationis
339 4866 429 4937 ipsius
444 4883 517 4938 opus
530 4867 559 4920 in
574 4866 691 4937 gloriosi
702 4866 839 4938 principis
862 4883 916 4937 po·

64 4957 196 5009 testatem
221 4954 461 5023 redigimus:ut,
491 4954 559 5026 quia
580 4956 655 5010 Deus
683 4955 726 5009 illi
760 4955 915 5010 miserandi

64 5042 176 5097 aditum
190 5042 334 5113 patefecit,
352 5043 481 5098 remedia
507 5044 621 5114 pietatis
635 5043 695 5114 ipse
711 5059 827 5115 quoque
857 5059 916 5098 uon

65 5130 197 5202 deneget.
222 5130 291 5196 Quae
317 5130 358 5185 ita
380 5131 536 5203 principali
567 5132 737 5186 discretione
769 5132 916 5187 moderata

65 5218 229 5288 persistant,
247 5224 279 5272 ut
299 5226 327 5272 et
340 5219 398 5273 illis
412 5219 452 5273 ita
476 5221 512 5274 sit
527 5219 723 5274 misericordia
742 5219 914 5285 contributa,

67 5309 258 5376 utnusquam
274 5322 354 5375 gens,
367 5313 418 5362 aut
437 5309 540 5378 patria,
569 5325 619 5378 per
633 5308 759 5374 eosdem,
776 5312 824 5361 aut
837 5308 917 5378 peri-

69 5394 166 5448 eulum
180 5395 373 5466 quodcunque
387 5397 521 5468 perferat,
538 5402 587 5452 aut
598 5398 751 5468 jacturam.
780 5397 845 5450 llaec
861 5398 914 5449 mi·

71 5483 220 5537 serationis
242 5483 361 5540 obtentu
382 5491 555 5558 temperasse
570 5485 702 5552 sufficiat,
721 5490 916 5556 caeterumque

969 4265 1097 4303 cernens.
1116 4247 1284 4302 lliserabilis
1308 4246 1475 4313 necessitas,
1490 4261 1555 4316 qnae
1580 4245 1699 4298 solvitur
1722 4243 1819 4315 parri-

969 4337 1052 4392 cidio.
1070 4336 1168 4391 llelius
1194 4342 1236 4390 est
1256 4351 1314 4389 non
1329 4350 1431 4388 vovere
1447 4333 1485 4400 id,
1516 4333 1593 4403 quod
1618 4333 1673 4386 sibi
1695 4331 1741 4386 cui
1754 4348 1820 4402 pro·

969 4424 1101 4489 mittitur,
1116 4424 1188 4477 nolit
1202 4423 1303 4477 exolvi.
1316 4423 1350 4476 Et
1362 4424 1428 4493 post
1442 4421 1591 4492 paululum
1608 4422 1689 4475 :Non
1706 4435 1819 4490 semper

968 4513 1058 4584 igitur
1073 4512 1215 4583 promissa
1230 4512 1365 4565 solvenda
1379 4510 1477 4565 omnia
1505 4515 1581 4564 sunt.
1600 4509 1729 4581 Denique
1758 4509 1819 4578 ipse

970 4601 1118 4669 llominus,
1148 4599 1380 4669 sicntScriptnra
1408 4596 1707 4667 indicat,lreqnenter
1738 4612 1819 4650 suam

969 4694 1061 4744 mutat
1090 4689 1272 4743 sententiam.
1302 4688 1350 4741 Vir
1378 4701 1494 4757 quoqne
1527 4685 1722 4738 sanctissimus
1761 4686 1818 4737 Au·

969 4778 1100 4848 gostinus
1136 4774 1363 4846 investigationis
1407 4771 1541 4826 acumine
1586 4774 1696 4836 acutus,
1738 4769 1818 4823 inve·

969 4865 1068 4920 niendi
1096 4870 1157 4919 arte
1184 4863 1357 4933 proecipuus,
1395 4860 1541 4915 asserendi
1570 4859 1652 4928 copia
1678 4858 1817 4929 prolluus,

970 4953 1142 5026 eloquentie.
1162 4953 1232 5006 llore
1247 4956 1394 5016 venustus,
1411 4948 1559 5020 sapientiae
1586 4949 1680 5001 fructu
1710 4946 1818 5000 foecun-

969 5042 1107 5107 duanae
1136 5039 1239 5093 insuis
1266 5042 1363 5092 narrat
1377 5036 1534 5091 allectibus.
1567 5036 1709 5088 lluosunt
1741 5031 1819 5086 enim

970 5130 1088 5185 omnino
1102 5144 1210 5199 genera
1225 5125 1453 5191 mendaciorum,
1469 5123 1499 5177 in
1516 5123 1621 5195 quibus
1641 5137 1699 5175 non
1714 5136 1820 5191 magna

970 5221 1055 5289 culpa
1078 5223 1130 5283 cst,
1147 5217 1195 5271 sed
1212 5221 1309 5269 tamen
1329 5219 1447 5268 nonest
1476 5211 1537 5264 sine
1557 5211 1650 5280 culpa,
1678 5224 1744 5263 cnm
1770 5213 1820 5262 ant

969 5308 1108 5378 jocamur,
1137 5308 1187 5357 aut
1214 5320 1279 5357 curu
1320 5300 1525 5373 promittimus,
1554 5298 1719 5351 mentimur.
1745 5296 1818 5350 lllnd

971 5395 1098 5467 primum
1114 5392 1145 5446 in
1158 5391 1290 5462 jocando,
1307 5391 1371 5444 ideo
1388 5392 1499 5442 nonest
1512 5386 1818 5456 perniciosissimuum,

971 5484 1113 5556 quianon
1136 5479 1219 5536 fallit.
1249 5478 1334 5534 Novit
1360 5477 1439 5531 enim
1464 5477 1524 5542 ille,
1547 5475 1593 5529 cui
1619 5474 1731 5536 dicitur,
1762 5471 1820 5541 joci
