3878 6112
38 427 41 431 ’
139 432 316 490 correctione
331 431 493 506 purganda.

141 221 210 276 rora
755 215 928 273 APPENlth
945 217 991 272 ΔΙ)
1011 216 1268 275 enecassent.
1828 224 1894 279 ¹0&

138 343 272 416 cupimus
296 343 366 417 quia
385 342 538 398 manifesta
565 345 682 413 peccata
708 357 769 397 non
788 344 856 397 sunt
881 341 991 398 occulta
1008 345 1031 400 A
1045 341 1154 397 militer
1162 341 1285 413 jejunet,
1300 341 1357 398 nisi
1371 343 1448 415 qued
1461 344 1576 400 tertiam
1590 344 1706 408 teriam.
1722 350 1751 400 ct
1766 346 1893 418 quintam

1042 435 1071 486 et
1084 431 1246 499 sabbatum,
1262 435 1433 503 potestatem
1449 432 1556 489 habeat
1572 433 1739 490 redimendi
1759 440 1893 505 praetacto

175 522 261 595 (ltrm
287 522 318 576 S.
342 521 457 589 Gregor.
483 520 570 575 Felici
592 522 674 590 episc.
690 518 812 590 Sicilia.)
839 517 988 575 Manifesta
1041 520 1146 590 pretio,
1171 519 1340 592 ubicunqne
1359 525 1413 577 est.
1440 521 1549 577 Cratera
1562 522 1661 578 omnia
1676 523 1815 578 observet
1833 525 1892 580 dili·

139 626 257 685 quoque
277 613 395 682 peccata
418 607 684 663 nonsnntocculta
710 606 886 663 correctione
915 622 987 679 pur·
1042 608 1356 680 genter,utiinprimo
1372 625 1458 665 anno.

140 703 236 776 ganda
249 719 257 758 :
274 699 324 755 ssd
339 698 435 770 palam
451 702 520 754 sunt
533 697 675 770 arguendi
687 698 738 770 qui
762 698 859 770 palam
872 702 987 763 nocent,
1077 698 1135 766 (Ee
1147 697 1257 762 eadem,
1275 700 1363 766 capive
1375 698 1414 769 7.)
1428 699 1558 763 Ouatuor
1572 698 1640 753 anni
1651 698 1761 754 deinde
1776 705 1890 769 restant,

140 795 174 846 ut
199 790 270 846 dum
292 793 392 858 aperta
419 787 622 858 objurgatione
643 791 793 855 sanantur,
808 786 838 841 hi
863 785 914 859 qui
939 802 988 840 eos
1041 801 1093 857 par
1107 800 1180 857 quos
1194 785 1322 856 singulos
1331 786 1445 857 jejunet
1458 791 1517 842 tres
1535 787 1798 859 quadragesimas:
1811 805 1891 844 unam

141 877 281 935 imitando
291 875 474 946 deliquerant
495 875 686 947 corrigantur.
705 878 778 931 llum
792 890 868 930 unus
895 874 988 930 corvi·
1041 878 1108 928 ante
1123 872 1231 928 Pascha
1244 889 1310 928 cum
1328 874 1440 929 caeteris
1464 874 1642 944 Christianis,
1664 876 1852 946 abstinendo,
1876 895 1891 932 a

140 969 230 1041 pitur,
257 964 375 1038 plurimi
401 965 599 1022 emcndantur.
619 966 653 1021 Et
680 964 783 1020 melios
809 970 854 1021 est
878 970 912 1021 ut
936 980 988 1034 pro
1041 961 1118 1028 vino,
1138 966 1167 1017 et
1186 962 1319 1031 medone,
1344 963 1455 1019 mellita
1470 964 1633 1032 cervisiae
1658 981 1750 1020 carne
1776 973 1807 1020 et
1830 983 1889 1021 san·

141 1055 298 1109 multorum
326 1049 483 1106 salvatione
512 1069 586 1108 unus
601 1052 809 1107 condemnetur
828 1067 916 1123 quam
935 1066 989 1122 per
1041 1050 1139 1120 guina,
1164 1053 1192 1104 et
1213 1049 1282 1112 ovis.
1302 1055 1331 1105 et
1353 1050 1512 1122 pinguibus
1534 1051 1674 1122 piscibus;
1699 1053 1825 1108 alteram
1839 1060 1888 1110 ter-

141 1142 227 1198 uuius
242 1141 388 1197 licentiam
399 1141 483 1196 multi
497 1140 705 1214 periclitentur.
722 1140 820 1195 blclius
839 1145 883 1195 est
910 1141 987 1195 enim
1041 1138 1111 1192 tium
1125 1143 1191 1208 post
1209 1139 1410 1206 pentecostem
1434 1144 1503 1195 ante
1530 1140 1658 1195 Natalem
1675 1141 1794 1196 Domini
1819 1143 1888 1212 jeju·

142 1233 173 1284 nt
187 1231 256 1285 mali
270 1231 420 1288 manifeste
435 1230 627 1302 corrigantur,
644 1244 731 1301 quam
752 1244 805 1300 pro
835 1227 893 1283 illis
918 1227 988 1283 boni
1045 1233 1105 1293 net,
1120 1231 1153 1281 ut
1166 1242 1254 1298 supra
1263 1225 1371 1281 dictum
1383 1232 1436 1282 est.
1453 1228 1486 1283 lit
1499 1227 1529 1282 in
1542 1234 1668 1301 quatuor
1698 1246 1790 1300 supra
1815 1231 1890 1284 dictis

142 1324 269 1390 pereant.
1042 1314 1124 1370 annis
1139 1315 1235 1383 tertia,
1250 1315 1351 1387 qusinta
1365 1315 1439 1371 feria
1453 1321 1481 1371 et
1495 1317 1617 1373 Sabbata
1635 1317 1784 1390 quidquid
1813 1320 1888 1374 vult:

176 1409 234 1478 (Ec
261 1412 363 1464 Deerat.
383 1408 545 1466 melchiadis
566 1422 648 1478 papae
669 1410 695 1460 et
712 1406 880 1463 Triburicnst
902 1421 986 1474 conc,
1042 1410 1070 1461 et
1097 1406 1253 1461 secundam
1286 1410 1316 1461 et
1337 1411 1469 1478 quartam
1499 1406 1600 1463 feriam
1628 1408 1778 1463 redimere
1807 1415 1891 1482 potest

142 1496 281 1566 caputet.)
306 1497 345 1553 De
364 1497 532 1568 poenitentia
551 1495 669 1550 illorum
688 1494 738 1565 qui
753 1499 854 1564 sponte
865 1493 987 1549 homici-
1042 1495 1207 1566 pretioJ'arn
1226 1494 1416 1566 supradicto.
1449 1494 1561 1552 Sextum
1587 1496 1691 1551 feriam
1721 1498 1892 1552 omnimodis

142 1584 223 1640 dium
246 1585 447 1654 committunt;
466 1584 613 1656 inprimis
640 1589 672 1638 nt
687 1583 832 1638 licentiam
857 1598 916 1638 non
935 1584 986 1638 ha·
1007 1584 1184 1674 13observet,
1201 1584 1328 1655 inpane,
1349 1589 1379 1640 et
1392 1599 1477 1656 aqna,
1493 1589 1522 1640 ct
1540 1600 1728 1657 nequaquam
1760 1587 1890 1641 redimat.

143 1674 231 1729 beant
244 1675 394 1729 ecclesiam
408 1673 545 1729 intrandi.
566 1673 631 1727 Illos
655 1671 800 1743 proximos
815 1672 849 1726 to
864 1672 924 1726 dies
937 1687 988 1726 nn·
1046 1673 1096 1730 llis
1110 1671 1230 1743 expletis
1245 1687 1355 1727 sacram
1373 1671 1608 1728 communionem
1622 1673 1757 1747 accipiat.
1779 1674 1893 1746 Semper

144 1762 188 1817 dis
201 1762 324 1833 pedibus
344 1763 471 1832 incedat,
484 1767 514 1817 et
529 1763 608 1816 nullo
623 1760 754 1815 vehiculo
779 1763 885 1815 utatur.
910 1760 992 1814 lnla·
1044 1767 1151 1828 tamen,
1168 1760 1297 1832 quaudiu
1307 1759 1392 1829 vivat,
1409 1761 1548 1833 paenitere
1563 1778 1622 1818 non
1636 1762 1769 1818 desistat.

143 1850 205 1905 ucis
218 1850 343 1905 vestibus
357 1851 393 1906 sit
406 1850 514 1923 absque
540 1849 736 1916 femoralibus,
754 1865 833 1904 arma
861 1864 919 1904 non
945 1849 990 1904 fe·
1079 1851 1154 1922 (rtem
1172 1852 1237 1906 Pius
1262 1864 1347 1920 popu,
1373 1852 1463 1920 capite
1488 1850 1542 1922 lo.)
1564 1851 1744 1907 l’oenitentes
1759 1867 1817 1906 non
1842 1851 1894 1906 de-

143 1943 198 2003 rat,
212 1943 241 1993 et
254 1937 327 1993 nihil
355 1945 450 1994 sumat
469 1939 513 1993 his
540 1940 575 1993 40
598 1937 699 1993 diebus
725 1935 780 1991 nisi
801 1941 914 1991 tantum
938 1954 989 2009 pa·
1044 1940 1113 1997 bant
1135 1938 1347 1994 communicare
1360 1943 1425 1994 ante
1445 1940 1725 1996 consummationem
1753 1941 1892 2012 preniten-

143 2026 331 2095 nem,⁹'salem
347 2033 376 2082 et
393 2043 496 2100 puram
511 2027 592 2083 hibat
606 2042 721 2098 aquam.
739 2026 772 2080 Et
786 2025 895 2080 nullam
910 2041 988 2080 com·
1045 2029 1103 2084 tiae.

143 2113 311 2170 munionem
327 2130 393 2170 cum
414 2116 525 2171 caeteris
552 2113 721 2171 Christianis
737 2129 831 2184 nequa
852 2128 918 2168 curn
933 2114 989 2169 alio
1082 2118 1121 2172 De
1150 2115 1310 2187 parricidis,
1333 2115 1392 2171 sive
1415 2115 1595 2185 incestuosis,
1622 2117 1793 2184 fratricidis,
1815 2118 1892 2174 Nico-

143 2201 458 2273 poenitcntehabeatin
484 2202 566 2270 cibis,
592 2203 637 2257 vel
658 2205 742 2273 potu,
772 2204 926 2271 antequam
956 2203 990 2256 tt)
1045 2205 1107 2260 laus
1120 2219 1194 2276 papa
1208 2203 1308 2259 Garolo
1324 2202 1515 2275 llognntiensi
1530 2204 1762 2278 archiepiscopo,
1779 2206 1893 2278 ejusque

144 2291 204 2346 dies
218 2290 439 2362 adimpleantur.
454 2292 490 2346 dx
505 2291 568 2346 cibo
592 2306 678 2362 quem
693 2288 783 2344 sumit
797 2290 893 2344 nullus
916 2290 990 2345 alius
1045 2291 1257 2363 suffraganeis:
1287 2290 1325 2345 lte
1354 2291 1506 2363 parricidis
1533 2291 1616 2348 tratri
1642 2293 1743 2351 eidem
1766 2293 1894 2364 precipi-

143 2379 307 2435 manducet.
323 2379 508 2435 Considerata
535 2395 602 2434 vero
625 2393 754 2450 personae
780 2377 928 2449 qualitate,
946 2379 991 2434 vel
1046 2397 1110 2436 mus
1130 2385 1161 2436 ut
1174 2378 1325 2450 peronius
1339 2379 1409 2434 anni
1428 2379 1566 2434 circulum
1582 2384 1647 2436 ante
1666 2381 1753 2437 fores
1774 2383 1894 2438 basilien

144 2467 323 2535 infirmitate,
337 2468 372 2523 de
391 2468 494 2540 pomis,
512 2468 556 2522 vel
571 2467 707 2533 oleribus,
720 2466 764 2520 val
783 2465 989 2536 leguminibus,
1046 2473 1161 2524 orantes
1185 2466 1299 2523 Domini
1322 2469 1504 2523 clementiam
1529 2475 1724 2540 perseverent.
1747 2471 1894 2542 Completo

142 2561 229 2628 prout
247 2557 340 2611 visum
365 2556 461 2624 buerit,
486 2557 595 2628 aliquid
611 2573 663 2628 pro
682 2554 879 2610 misericordia
899 2555 991 2611 indul·
1046 2569 1113 2609 vero
1136 2554 1206 2609 anni
1232 2554 1339 2609 circulo
1365 2553 1588 2612 introducantur
1608 2557 1775 2624 ecclesiam,
1800 2564 1894 2614 tamen

143 2650 254 2719 geatnr.
269 2644 389 2702 Maxime
402 2645 426 2701 si
444 2650 557 2700 coactus
571 2650 599 2700 et
615 2660 673 2701 non
685 2648 787 2715 sponte
802 2642 989 2700 homicidium
1046 2642 1120 2696 inter
1132 2643 1291 2712 audientes,
1306 2658 1398 2714 usque
1419 2642 1488 2698 darm
1503 2644 1589 2699 unius
1604 2645 1675 2700 anni
1692 2646 1816 2701 finiatur
1833 2663 1893 2718 spa-

140 2733 250 2788 tecerit.
283 2735 316 2788 nt
334 2732 361 2787 ei
385 2732 560 2788 omnimodis
588 2750 622 2788 ex
652 2732 791 2788 canonica
822 2735 990 2792 anctoritate
1046 2730 1128 2798 hum,
1143 2735 1229 2786 stent.
1244 2732 1315 2787 Com
1330 2730 1366 2786 ad
1382 2731 1536 2788 missarum
1550 2733 1701 2800 solemnia,
1721 2735 1767 2789 vel
1781 2735 1816 2790 ad
1844 2736 1895 2789 alia

141 2818 329 2874 interdicetur
350 2827 380 2876 ut
398 2820 427 2875 in
443 2820 604 2876 hisdiebus
618 2838 684 2876 cum
701 2819 781 2876 nulla
804 2820 912 2880 femina
938 2824 991 2879 mi·
1046 2834 1126 2874 sacra
1139 2819 1239 2874 audire
1250 2819 1344 2875 cilicia
1358 2820 1497 2876 venerint.
1515 2821 1564 2878 llis
1577 2821 1617 2876 ita
1631 2821 1768 2893 peractis,
1795 2824 1819 2877 si
1838 2840 1895 2895 pce·

142 2911 264 2975 sceatur,
289 2923 342 2963 nec
366 2908 401 2963 ad
427 2909 574 2981 propriam
600 2925 721 2966 uxorem
750 2913 873 2982 accedat,
895 2898 1027 2986 nequeC
1048 2907 1176 2964 nitentia
1190 2908 1300 2963 fructus
1313 2908 1345 2963 in
1372 2909 1414 2964 eis
1433 2909 1606 2981 conspicitis,
1623 2912 1754 2982 corporis
1779 2917 1807 2967 et
1833 2929 1894 2967 seu·

141 3011 208 3050 cum
231 2995 329 3068 aliquo
353 2996 470 3052 homine
494 2996 627 3052 dormiat.
651 2999 736 3055 Juxta
762 3001 917 3056 Ecclesiam
944 3002 989 3069 sit,

142 3087 208 3139 ante
221 3084 303 3155 cuius
314 3085 418 3156 januas
431 3089 546 3156 peccata
560 3101 612 3140 sua
625 3086 728 3142 delicat
738 3088 838 3145 dicbus
853 3105 885 3144 ac
899 3090 989 3144 nocti-

142 3173 212 3242 bus;
228 3178 256 3228 et
272 3189 330 3228 non
344 3174 453 3229 deloco
472 3173 503 3228 in
518 3174 611 3229 locum
627 3181 738 3246 pergat,
758 3178 853 3232 sedin
877 3194 934 3232 urvo
951 3179 991 3234 lo·

141 3276 174 3315 co
198 3260 243 3316 his
259 3262 294 3317 40
308 3261 410 3317 dicbus
424 3261 470 3316 sit.
492 3263 525 3317 Et
544 3262 567 3316 si
582 3261 656 3317 forte
679 3263 815 3319 habuerit
842 3265 989 3321 insidiato-

141 3364 188 3404 res
201 3349 266 3404 vitae
288 3365 357 3416 suae,
382 3349 500 3404 interim
515 3349 704 3405 differaturai
729 3351 907 3422 poenitentia,
938 3354 992 3409 do-

142 3436 245 3491 neceb
260 3435 394 3508 episcopo
417 3453 474 3508 pax
488 3436 515 3492 ei
531 3437 566 3492 ab
592 3437 718 3493 inimicis
737 3440 919 3496 concedatur.
947 3443 989 3511 Et,

96 3560 105 3571 ·
142 3526 167 3579 si
180 3525 212 3580 in
226 3524 393 3580 infirmitate
404 3526 536 3580 detentus
549 3525 647 3594 inerit,
662 3527 747 3583 itaut
761 3544 820 3584 non
830 3529 921 3600 possit
944 3530 989 3586 di·

141 3629 199 3685 gne
220 3613 370 3685 poenitere,
395 3613 544 3670 differatur
563 3615 740 3687 paenitentia,
765 3617 856 3673 donec
876 3618 991 3674 sanitati

142 3704 320 3759 restituatur.
336 3701 365 3758 Si
380 3707 476 3758 autem
493 3705 579 3775 longa
593 3704 765 3775 aegritudine
776 3706 907 3761 detentus
926 3707 991 3762 tue-

142 3791 191 3859 rit,
208 3791 244 3846 ad
260 3790 432 3846 sententiam
444 3791 572 3864 episcopi
586 3793 747 3864 poenitebit,
762 3799 909 3866 quomodo
935 3812 992 3851 rea-

140 3884 204 3936 tum
219 3885 248 3936 et
271 3879 419 3935 infirmum
433 3897 533 3935 sanare
551 3879 692 3952 disponat.
720 3880 780 3953 (Em
806 3883 926 3952 ejusdem
941 3883 990 3939 de·

141 3968 566 4041 cretidCompletilediebus,
594 3985 669 4041 aqua
697 3970 785 4035 lotus,
822 3972 992 4028 vestimenta

141 4062 169 4112 et
179 4057 372 4112 calceamenta
381 4057 513 4128 accipiat,
528 4061 556 4112 et
571 4058 690 4130 capillos
704 4057 822 4114 incidat.

175 4144 255 4210 Quod
270 4145 301 4199 in
328 4145 423 4214 primo
439 4161 514 4200 anno
536 4145 688 4201 observare
704 4146 814 4201 debeat.
837 4147 870 4202 ln
893 4148 989 4219 primo

139 4248 216 4287 enno
229 4238 295 4303 post
317 4234 352 4288 to
368 4234 428 4289 dies
441 4248 494 4304 per
515 4232 701 4288 tntumillum
729 4250 838 4291 annum
867 4252 883 4291 a
911 4236 987 4305 rino,

141 4321 263 4376 medone
277 4326 306 4376 et
315 4321 424 4376 mellita
445 4321 573 4390 cervisia,
587 4337 605 4375 a
620 4338 715 4388 carne,
730 4327 757 4378 et
772 4338 864 4393 caseo,
880 4327 909 4379 et
923 4325 988 4397 pin-

139 4409 245 4479 guibus
260 4407 384 4479 piscibus
396 4409 546 4478 abstineat,
560 4409 617 4464 nisi
629 4409 659 4465 in
674 4410 754 4467 iestis
769 4412 880 4481 dicbus,
896 4414 989 4486 quiin

142 4493 192 4549 illo
206 4495 351 4566 episcopio
381 4512 397 4550 a
423 4501 524 4551 cuncto
552 4498 660 4570 populo
687 4499 879 4555 celebrantur.
905 4502 949 4562 Et,
964 4500 989 4555 si

138 4582 212 4638 torte
226 4583 257 4638 in
271 4599 376 4656 magno
391 4584 505 4656 itinere,
517 4587 561 4640 vel
576 4586 607 4641 in
624 4587 715 4656 hoste,
730 4588 773 4643 vel
796 4588 847 4644 diu
876 4590 913 4644 ad
937 4591 989 4645 Do

139 4672 276 4730 minicam
306 4679 426 4743 curtem,
452 4674 494 4729 val
525 4674 555 4730 in
584 4674 752 4732 infirmitate
779 4679 912 4733 detentus
940 4678 986 4748 sit,

137 4766 208 4819 tunc
220 4762 325 4818 haheat
345 4778 402 4818 uno
420 4763 549 4834 denario,
566 4765 610 4819 vel
637 4766 729 4837 pretio
750 4766 836 4821 nnius
863 4766 986 4835 denarii,

138 4855 189 4907 aut
201 4855 260 4906 tres
282 4866 424 4921 pauperes
446 4852 601 4924 pascendo,
617 4854 732 4909 tertiam
753 4853 855 4909 fariam
870 4858 899 4908 et
923 4853 986 4909 sab·

138 4941 236 4996 batum
247 4939 400 5005 redimere,
416 4939 457 4996 ita
471 4945 569 4996 tamen
582 4949 616 4997 nt
631 4958 688 4997 una
709 4957 739 4998 ra
759 4943 795 4998 de
809 4942 903 4999 tribus
925 4947 987 4998 uta-

134 5033 194 5086 tur.
211 5029 271 5096 Vel,
291 5033 342 5084 aut
356 5028 457 5085 vinum
475 5028 566 5097 bibat,
582 5035 631 5085 aut
647 5031 811 5100 medonem,
828 5035 878 5087 aut
896 5031 987 5086 melli·

136 5122 195 5174 tam
206 5116 365 5172 cervisiam.
377 5118 533 5190 Postquam
558 5118 676 5173 domum
690 5118 811 5186 venerit,
837 5123 888 5174 aut
910 5118 986 5174 sani-

139 5206 188 5260 tati
209 5206 368 5275 restitutus,
397 5206 506 5262 nullam
522 5206 666 5262 licentiam
681 5206 786 5262 haheat
813 5207 983 5263 redimendi.

136 5292 285 5365 Completo
300 5294 369 5350 anni
392 5294 509 5364 circulo,
539 5293 595 5368 [in]
611 5295 759 5350 ecclesiam
775 5295 983 5364 introducatur,

135 5385 164 5436 at
181 5381 258 5453 pacis
274 5381 301 5439 ci
318 5381 449 5437 osculum
460 5382 644 5439 concedatur.

169 5468 226 5532 (Bc
236 5470 344 5538 iisdem,
360 5474 449 5541 capite
468 5471 508 5541 t.)
524 5472 555 5527 ln
571 5471 698 5527 secundo
713 5476 743 5528 et
755 5471 840 5528 tertio
853 5488 929 5527 snno
943 5472 982 5528 si-

1045 2997 1142 3070 gninis
1166 2996 1283 3052 Domini
1309 2995 1462 3068 participes
1477 2996 1557 3068 dant,
1575 3003 1607 3052 nt
1620 2998 1817 3070 desperantia
1838 3016 1893 3054 non

1044 3085 1216 3141 indurentur
1231 3084 1363 3156 caligine.
1389 3085 1511 3140 Carnem
1526 3102 1586 3141 non
1609 3087 1789 3142 manducent
1807 3088 1894 3143 omni·

1043 3174 1097 3229 bus
1109 3173 1211 3229 diebus
1225 3173 1290 3228 vitae
1304 3189 1377 3228 suae.
1393 3174 1529 3244 Jejunent
1553 3178 1650 3229 autem
1675 3176 1819 3247 usquead
1841 3192 1891 3231 no·

1044 3277 1111 3315 nam
1124 3260 1181 3315 dici
1196 3260 1298 3315 horam
1318 3261 1459 3331 quotidie,
1475 3260 1599 3333 exceptis
1621 3260 1701 3317 iestis
1728 3263 1830 3319 diebus
1855 3269 1892 3317 at·

1043 3365 1100 3422 que
1116 3348 1281 3404 Dominicis.
1296 3349 1400 3403 Vinum
1414 3353 1502 3421 atque
1512 3350 1697 3421 pulmentum
1707 3366 1824 3408 sumere
1838 3367 1891 3406 nou

1044 3441 1230 3509 praesument,
1242 3436 1296 3492 nisi
1316 3441 1415 3493 contra
1435 3453 1572 3510 paganos.
1595 3439 1628 3493 Et
1651 3455 1827 3512 quocunque
1853 3442 1891 3495 ire

1044 3525 1196 3595 voluerint,
1221 3525 1301 3580 nullo
1329 3526 1459 3581 vehiculo
1481 3527 1670 3596 deducantur,
1688 3529 1740 3584 scd
1774 3529 1891 3601 pedestri

1043 3629 1125 3669 more
1139 3613 1278 3686 proticisci
1296 3614 1438 3670 studeant.
1452 3615 1577 3688 Tempus
1597 3620 1696 3671 antem
1725 3617 1795 3672 huic
1808 3617 1890 3689 preni-

1043 3702 1142 3758 tentire
1156 3702 1188 3758 in
1208 3702 1411 3775 episcoporum
1435 3703 1555 3759 arbitrio
1577 3703 1727 3775 ponimus,
1742 3711 1777 3760 nt
1799 3721 1890 3760 secun

1043 3791 1113 3847 dum
1138 3791 1384 3847 conversationem
1416 3791 1543 3861 illorum,
1577 3798 1627 3847 aut
1658 3795 1825 3860 extendere,
1850 3793 1888 3846 vel

1044 3880 1176 3936 minuere
1200 3879 1328 3935 valeatis.
1359 3879 1402 3935 ab
1427 3880 1572 3946 uxoribus,
1598 3880 1622 3935 si
1645 3880 1813 3949 habuerint,
1837 3897 1888 3936 non

1044 3972 1231 4041 separentur3
1246 3968 1381 4024 aientem
1406 3985 1465 4025 non
1478 3969 1634 4025 habuerint
1649 3974 1725 4026 etse
1749 3971 1888 4026 condnere

1045 4072 1102 4111 non
1116 4055 1270 4124 valuerint,
1285 4056 1429 4128 legitimas
1444 4057 1585 4129 accipiant
1594 4074 1709 4128 uxores,
1724 4075 1764 4115 ne
1777 4059 1890 4115 tornica-

1008 4175 1030 4231 D
1045 4145 1132 4202 tionis
1146 4144 1315 4216 voraginem
1328 4144 1465 4201 incidant.
1481 4145 1510 4204 si
1526 4152 1623 4203 antem
1640 4151 1801 4220 antequam
1823 4148 1887 4204 dno·

1043 4249 1109 4289 rum
1132 4233 1336 4305 predictorum
1364 4249 1507 4290 annorum
1532 4235 1673 4291 curricula
1694 4236 1843 4302 liniantur,
1862 4238 1889 4290 li-

1043 4326 1087 4378 nis
1102 4323 1168 4378 vite
1178 4321 1296 4377 illorum
1305 4322 1463 4392 advenerit,
1476 4323 1613 4379 viaticum
1620 4323 1750 4380 illisnon
1765 4331 1887 4397 negetur.

1077 4410 1106 4466 Si
1135 4409 1284 4482 quiscum
1314 4409 1425 4465 duabus
1447 4410 1593 4467 sororibus
1619 4411 1708 4467 fuerit
1726 4413 1888 4478 fornicatus,

1042 4503 1092 4554 aut
1114 4514 1180 4553 cum
1209 4497 1255 4554 his
1270 4497 1411 4571 personis,
1445 4498 1480 4553 de
1509 4499 1613 4571 quibus
1640 4515 1723 4554 sacra
1748 4501 1890 4571 Scriptura

1041 4586 1183 4659 prohibet,
1200 4585 1224 4641 si
1238 4586 1356 4658 dignam
1371 4587 1463 4659 egerit
1477 4588 1686 4660 paenitentiam,
1703 4596 1735 4643 et
1759 4590 1889 4644 castitatis

1042 4691 1101 4731 non
1125 4675 1248 4731 valuerit
1274 4675 1482 4731 continentiam
1503 4676 1620 4745 habere,
1636 4675 1725 4732 liceat
1752 4677 1781 4732 ei
1805 4677 1889 4748 legiti-

1041 4779 1119 4820 mam
1137 4778 1257 4820 uxorcm
1272 4763 1410 4837 accipere.
1429 4764 1569 4820 Similiter
1583 4771 1611 4820 at
1626 4764 1746 4833 mulier,
1763 4782 1830 4839 quas
1844 4764 1889 4819 tali

1041 4853 1147 4908 scelere
1168 4851 1256 4908 luerit
1280 4852 1369 4927 lapsa,
1387 4856 1421 4908 ut
1444 4868 1501 4907 non
1520 4853 1555 4908 ad
1584 4852 1786 4909 fornicationis
1810 4853 1888 4908 chaos

1040 4941 1222 5014 perducatur.
1239 4941 1294 4997 Sed
1309 4940 1365 4996 hoc
1380 4940 1416 4997 de
1442 4940 1523 4996 laicis
1537 4941 1604 4996 viris
1628 4945 1659 4996 et
1669 4940 1706 4996 de
1723 4942 1888 4997 mulieribus

1040 5030 1221 5087 solummodo
1231 5033 1372 5086 statuunt.

1074 5118 1183 5190 Siquis
1205 5133 1272 5173 cum
1295 5120 1452 5174 commatre
1463 5116 1586 5190 spiritali
1607 5116 1696 5173 tuerit
1723 5118 1885 5184 fornicatus,

1038 5206 1240 5276 anathematis,
1256 5210 1288 5262 ut
1313 5207 1399 5274 scitis,
1421 5206 1525 5263 ictibus
1545 5206 1717 5278 percutitur.
1754 5207 1886 5264 Similiter

1039 5301 1135 5350 autem
1151 5300 1180 5351 et
1197 5295 1278 5349 illum
1291 5295 1402 5368 percuti
1417 5295 1646 5367 promulgamus,
1661 5296 1713 5367 qui
1736 5312 1804 5351 cnm
1827 5295 1880 5360 ills,

1038 5399 1125 5455 quam
1153 5383 1188 5438 dc
1213 5399 1293 5439 sacro
1319 5383 1398 5439 tonte
1425 5383 1605 5456 baptismatis
1635 5385 1812 5456 susceperit,
1840 5387 1885 5439 aut

1037 5488 1102 5528 cnm
1117 5472 1273 5545 illaquam
1295 5476 1361 5528 ante
1389 5472 1556 5545 episcopum
1581 5471 1797 5540 tenneritcnm
1811 5487 1883 5528 sacro
