3878 6112
325 233 562 294 bucnerouott
584 238 679 295 LlBRI
695 241 750 296 XX.
766 270 802 280 -
818 239 924 295 LIBER
943 236 1095 295 DECIMUS
1113 238 1272 302 QUINTUS.
1628 245 1683 299 894

70 355 117 424 ris,
134 361 162 410 et
181 358 258 410 calor
272 357 510 425 ssammueexurit,
526 359 565 414 sic
580 362 660 416 radix
674 368 811 421 eorumh
832 361 926 417 Esaias
939 362 978 415 sic
996 359 1100 432 arguit,
1118 360 1216 416 dicens
1230 377 1236 416 :
1252 362 1298 416 Vm
1316 362 1366 433 qui
1393 364 1563 434 consurgitis
1596 383 1682 421 mane

70 444 116 498 illa
144 444 208 511 erit,
235 450 261 500 et
288 463 406 517 germen
426 464 537 514 eorum,
554 454 586 503 ut
610 451 703 520 pulvis
729 468 777 506 as·
831 450 867 504 ud
894 448 1061 504 ebrietatem
1084 449 1259 517 sectandam,
1285 454 1314 503 et
1338 451 1499 520 potandum
1523 469 1614 525 usque
1646 455 1681 509 ad

70 532 227 603 .hjecerunt
241 535 319 588 enim
333 536 427 606 legem
454 537 568 591 Domini
589 540 776 608 exercituum,
831 537 1112 609 vesperam,utrino
1132 538 1268 593 aestuetis.
1287 540 1324 593 De
1348 539 1462 605 talibus,
1483 545 1512 595 et
1537 541 1592 595 alio
1619 542 1681 596 loco

70 622 314 676 umsanctitsrael
333 624 613 696 blasphemaverunt.
630 628 695 682 ideo
715 629 775 682 ira·
831 627 1021 682 diciturtttoe
1040 626 1103 691 tibi,
1130 625 1228 680 civitas
1254 625 1336 695 cujus
1364 642 1415 680 rex
1441 627 1556 697 juvenis
1584 633 1683 696 est,ot

72 724 121 763 ror
140 710 256 764 Domini
271 711 301 764 in
317 713 424 783 populo
445 729 506 779 suo,
524 718 551 768 et
566 715 691 770 extendit
718 731 777 768 ma·
831 716 912 785 quus
927 713 1071 785 principes
1086 729 1171 768 mane
1186 714 1345 768 comedent.
1364 715 1444 769 hiulti
1463 716 1573 771 enima
1597 733 1681 772 mane

69 812 87 851 n
106 813 194 868 super
213 815 290 865 eum,
303 804 332 853 et
349 801 488 871 percussit
509 818 585 868 eum,
616 803 776 857 conturbati
831 819 922 874 usquc
937 803 971 857 ad
991 802 1058 856 solis
1073 802 1246 869 occubitum,
1263 801 1394 856 ebrietati
1409 808 1438 857 et
1453 803 1530 873 gulae
1550 804 1681 876 voluptu-

70 893 128 951 ites,
153 893 181 940 et
202 887 277 942 lacta
303 895 370 941 sunt
386 889 536 944 morticina
558 906 669 960 eorum,
694 892 776 962 quasi
830 892 906 945 tibus
932 890 1068 957 serviunt,
1088 906 1141 944 nec
1169 890 1334 961 intelligunt
1357 906 1407 944 cur
1439 893 1500 945 nati
1522 898 1607 948 sunt:
1633 895 1681 948 sed

70 974 185 1029 tmedio
208 976 377 1045 platearum.
400 978 431 1030 ln
450 978 642 1033 omuibuehis
663 986 777 1034 nonest
830 978 1038 1033 consuetudine
1053 976 1169 1032 beluina
1193 978 1311 1046 detenti,
1333 979 1454 1033 luxuriae
1479 984 1590 1034 tantum
1622 985 1683 1036 tota

75 1063 158 1117 furor
172 1064 244 1133 ejus,
260 1065 307 1118 sed
321 1065 413 1119 adhuc
438 1081 541 1119 manus
561 1067 623 1138 ejus
651 1072 773 1122 extensa.
829 1067 885 1134 die,
898 1065 1047 1136 epulisque
1063 1065 1231 1119 inserviunt.
1253 1066 1364 1120 Clamat
1381 1066 1441 1121 loel
1463 1068 1613 1137 propheta,
1637 1069 1682 1122 his

92 1152 390 1208 (lentilli-Item
412 1154 445 1207 de
464 1154 601 1210 ebrietate.
831 1155 881 1225 qni
918 1153 1048 1207 ebrietati
1074 1153 1248 1220 deserviunt,
1275 1153 1394 1208 dicens:
1433 1155 1680 1226 Expergiscimini,

70 1241 232 1296 taloidorus
255 1240 356 1311 <liutizi
384 1243 459 1296 Escae
494 1244 651 1314 crapulam,
692 1249 777 1314 potus
831 1242 913 1308 ebrii,
928 1248 957 1297 et
970 1243 1047 1306 itote,
1062 1247 1091 1295 et
1104 1241 1222 1307 circlate,
1237 1258 1336 1296 omnes
1351 1242 1401 1313 qui
1422 1243 1518 1298 bibitis
1534 1245 1632 1297 vinum
1650 1245 1680 1297 in

70 1344 102 1393 n,
130 1333 277 1399 generunt.
301 1329 427 1384 Ebrietas
456 1335 552 1385 autem
579 1333 776 1402 perturbatio·
831 1330 1097 1394 dulcedinem.Quo
1117 1329 1293 1397 testimonie,
1318 1346 1376 1385 non
1401 1332 1440 1386 ait
1464 1335 1588 1400 tantum,
1614 1330 1694 1387 flete*

72 1417 95 1471 it
113 1418 228 1484 mentis,
243 1417 371 1472 furorem
386 1419 490 1487 cordis,
517 1419 664 1476 tlammam
683 1420 778 1475 libidi-
831 1435 931 1474 omnes
947 1419 997 1490 qui
1011 1418 1109 1473 bibitis
1124 1419 1236 1487 vinum,
1257 1424 1287 1473 ut
1302 1419 1401 1474 bibere
1425 1421 1544 1474 omnino
1563 1437 1623 1475 non
1643 1421 1682 1475 li-

70 1510 124 1560 atas
147 1505 189 1560 ita
204 1512 330 1561 mentem
345 1507 461 1575 alienat,
479 1511 509 1562 ut
529 1508 630 1563 ubisit
657 1509 775 1565 nesciat.
831 1512 902 1573 ceat,
919 1508 968 1561 sed
987 1506 1091 1577 adjecit
1112 1506 1143 1560 in
1163 1506 1353 1575 dulcedinem,
1370 1508 1448 1579 quod
1473 1508 1509 1563 ad
1529 1509 1683 1579 voluptuo-

70 1609 105 1648 rm
135 1595 244 1649 malum
267 1612 326 1649 non
350 1596 481 1663 sentitur,
508 1597 585 1668 quod
608 1613 660 1667 per
685 1598 775 1652 ebrie·
831 1612 892 1650 sem
921 1594 1101 1667 pertinet,et
1123 1594 1471 1665 prodigamctiusionem.
1490 1597 1561 1651 Nam
1591 1612 1681 1667 quan·

70 1683 226 1738 nmittitur.
243 1685 348 1739 Verum
377 1689 429 1752 est,
445 1685 615 1756 quodjuxta
648 1687 776 1758 prophe·
830 1683 1033 1740 tumeatisest
1054 1683 1215 1738 necessitati
1243 1684 1344 1737 edocet
1371 1683 1551 1738 Timotheum
1584 1683 1682 1737 bibere

70 1787 126 1827 ur:
154 1772 316 1826 Fornicatio
345 1778 372 1828 et
404 1773 526 1828 ebrietas
555 1773 680 1829 auferret
717 1791 775 1830 cor.
830 1773 984 1844 Apostolus
998 1771 1116 1826 dicens:
1135 1771 1205 1825 Vino
1220 1770 1333 1825 modico
1351 1776 1440 1825 utere.
1457 1772 1520 1825 Non
1541 1771 1631 1826 solum
1649 1786 1682 1825 ex

70 1877 86 1914 o
112 1859 200 1927 enim,
228 1860 302 1915 sicut
331 1861 370 1915 ait
402 1861 547 1928 Salomon,
581 1862 704 1918 infatuat
731 1880 776 1917 sa·
831 1862 898 1916 vino
923 1860 1103 1916 inebriantur
1118 1860 1260 1927 homines,
1283 1860 1432 1915 sedetiam
1456 1876 1489 1913 en
1504 1858 1682 1930 caeterispo·

92 1949 229 2017 Ebrietas,
258 1949 332 2004 sicut
355 1950 386 2004 iu
409 1950 480 2005 Loth
505 1966 603 2004 sensus
634 1950 776 2006 rationem
831 1950 912 2005 tandi
927 1948 1093 2020 generibus,
1107 1964 1172 2020 quae
1186 1948 1263 2002 vario
1279 1949 1364 2003 modo
1385 1949 1585 2003 coniiciuntur.
1603 1948 1683 2003 Unde

81 2037 161 2093 Unde
183 2042 211 2091 et
241 2038 272 2092 in
286 2039 474 2094 Proverbiis:
499 2041 641 2108 Potentes,
672 2041 777 2111 inquit,
833 2036 1487 2109 etNazaraeis,quisesanctiiicabantttornino
1504 2040 1682 2108 praeceptum

71 2126 120 2181 ndi
139 2131 215 2194 sunt,
231 2126 331 2181 riuum
347 2144 404 2182 non
419 2128 530 2193 bibant,
552 2144 597 2196 ne,
614 2144 680 2183 cum
697 2128 779 2183 bibe·
832 2132 876 2182 est
898 2127 998 2180 vinum
1027 2131 1056 2179 et
1081 2125 1200 2180 siceram
1228 2141 1287 2179 non
1313 2125 1432 2180 bibere?
1460 2130 1580 2193 utraque
1603 2125 1682 2180 enim

70 2213 223 2269 iviscantur
246 2215 427 2286 sapientiam.
470 2217 617 2289 Plerisque
645 2219 708 2273 leus
737 2223 779 2273 est
832 2221 938 2271 statum
953 2213 1058 2269 mentis
1073 2219 1212 2276 evertunt,
1245 2216 1273 2268 et
1298 2213 1556 2269 ebriososiaciunt.
1587 2214 1683 2268 Luxu-

70 2302 173 2371 bibere,
189 2308 217 2358 et
230 2319 288 2358 non
307 2304 455 2359 inebriari.
483 2306 610 2361 Audiant
628 2296 658 2361 bl
679 2307 778 2362 adver·
833 2305 906 2359 riam
917 2304 1025 2375 qnippe
1039 2303 1132 2358 carnis
1157 2309 1279 2375 utraque
1292 2304 1442 2375 aeqtraliter
1457 2303 1590 2373 gignunt.
1613 2302 1681 2366 Qui·

70 2391 187 2446 icentem
201 2393 370 2464 prophetam
387 2410 394 2448 ε
412 2395 458 2449 Vae
480 2395 530 2467 qui
556 2400 686 2465 potentes
712 2398 778 2451 estis
834 2394 900 2448 dam
917 2394 1109 2462 continentes,
1125 2393 1199 2447 sicut
1214 2407 1318 2463 panem
1338 2408 1403 2445 cum
1423 2392 1550 2462 pondere
1582 2391 1680 2458 edunt,

70 2481 142 2535 dnm
169 2482 279 2550 vinum,
309 2487 336 2536 et
358 2483 413 2537 viri
432 2483 519 2537 fortes
539 2483 573 2538 ad
604 2484 778 2539 miscendam
834 2484 917 2538 itaet
942 2497 1046 2553 nquam
1069 2497 1135 2535 cum
1159 2497 1294 2536 memora
1316 2486 1445 2544 sumunt,
1473 2483 1630 2534 asserentes
1645 2480 1682 2534 ad

70 2584 104 2623 m.
118 2568 189 2624 Vino
202 2571 293 2625 multo
304 2571 426 2639 deditos,
438 2575 467 2626 et
478 2571 625 2627 luxuriose
640 2572 777 2641 viventes,
834 2570 1031 2628 castimoniam
1055 2571 1159 2641 carnis,
1183 2571 1271 2626 etiam
1294 2570 1495 2625 abstinentiam
1517 2568 1679 2623 correctrice.

558 2710 646 2751 Fidis
668 2711 758 2751 Ltnnt
778 2709 890 2750 nuctttl
913 2709 1046 2757 QUARTI.

265 2955 413 3029 INDEX
440 2956 785 3030 CAPITULORUM
814 2955 942 3027 LIBRI
973 2952 1141 3027 DECIMI
1171 2953 1350 3040 QUINTI.

71 3093 180 3166 piscopi
194 3095 358 3167 impositam
375 3115 391 3152 a
415 3098 472 3151 Deo
487 3098 541 3153 sibi
556 3114 655 3153 curam
669 3099 699 3154 in
724 3116 778 3171 po·
798 3100 876 3155 cte.
895 3097 1024 3162 Qualiter
1035 3097 1208 3152 studendum
1228 3099 1265 3152 sit
1283 3097 1399 3168 regibus
1422 3096 1611 3162 sacerdotum,
1637 3094 1681 3148 vel

70 3182 188 3251 abeant,
207 3200 368 3255 pauperum
389 3200 574 3255 oppressores
597 3202 655 3241 non
673 3186 776 3242 lerant.
868 3187 968 3258 populi
982 3191 1099 3259 peccata
1114 3187 1220 3243 ulcisci.

70 3273 137 3343 eqni
152 3272 183 3326 in
198 3273 350 3344 episcopiis
361 3274 489 3343 praedam
505 3274 634 3328 iecerint.
832 3279 875 3333 20.
894 3280 933 3332 lle
949 3277 1049 3332 eedem
1063 3294 1104 3333 re.

70 3359 184 3431 piscopi
211 3366 366 3433 potestates
394 3362 613 3418 admoneantot
636 3378 777 3435 pauperes
832 3367 876 3420 2l.
892 3366 975 3430 Quod
996 3367 1151 3421 multorum
1178 3366 1307 3419 solamen
1330 3364 1379 3435 sit,
1403 3363 1428 3418 si
1450 3363 1606 3436 prudentes
1627 3363 1682 3418 viri

70 3449 213 3520 rprimant.
746 3498 750 3505 .
867 3454 984 3524 regibus
993 3455 1169 3509 adhaereant.

70 3537 126 3591 lem
142 3554 183 3592 re.
832 3543 876 3595 22.
893 3542 929 3596 Ut
940 3557 1041 3612 regum
1058 3540 1213 3595 adversarii
1226 3541 1520 3595 excommunicentur.

73 3625 219 3679 sularibus
253 3625 410 3680 Ecclesiam
433 3626 478 3683 rel
508 3626 644 3681 clericum
667 3625 777 3697 injuste
831 3632 875 3684 23.
894 3631 931 3684 De
946 3629 1003 3684 illis
1018 3631 1068 3701 qui
1082 3629 1206 3701 principi
1222 3646 1281 3683 non
1294 3628 1466 3683 obedierint.

70 3712 217 3768 cientibus.
831 3718 876 3772 at.
893 3719 932 3772 De
949 3717 1006 3772 illis
1033 3718 1128 3789 quiin
1149 3717 1318 3772 adversitate
1346 3717 1471 3787 propriae
1499 3714 1602 3787 gentis,
1632 3719 1682 3770 aut

70 3807 236 3874 rtemptores
250 3819 394 3858 canonum
410 3803 704 3859 excommunicentur.
866 3807 967 3878 patriae
979 3805 1136 3877 culpabiles
1145 3805 1341 3860 inveniuntur.

70 3890 289 3946 evaricatoribus
305 3892 468 3947 divinarum
481 3894 588 3965 legum.
831 3899 875 3950 25.
890 3896 926 3950 Ut
940 3896 1037 3950 nutius
1064 3899 1221 3966 praesumat
1235 3894 1365 3964 principe
1376 3893 1488 3948 vivente
1515 3891 1604 3947 alium
1628 3890 1681 3946 eli·

78 3997 136 4036 non
151 3981 236 4035 liceat
258 3981 435 4053 imperatori,
458 3983 503 4036 vel
522 3981 656 4055 cuiquam
676 3986 777 4053 poten·
866 4000 933 4054 gere
948 4000 1056 4055 regem.

71 4068 151 4142 iqnid
174 4085 259 4141 agere
273 4077 373 4126 contra
395 4071 524 4126 divinum
546 4072 725 4138 mandatum,
750 4077 779 4127 et
831 4075 875 4127 26.
895 4074 929 4128 Ut
944 4089 1029 4127 nemo
1042 4071 1174 4127 intendat
1194 4072 1223 4125 in
1238 4070 1387 4126 interitum
1397 4068 1484 4141 regis.

70 4158 209 4230 judicium
231 4159 370 4231 injustum
394 4161 473 4232 regio
498 4166 577 4216 metu
601 4161 777 4228 ordinatum,
832 4164 876 4229 27.
894 4162 931 4214 [le
946 4160 1078 4215 lidetibus
1094 4175 1207 4230 regum.

70 4247 140 4301 teat.
831 4252 875 4305 28.
895 4247 934 4303 lle
953 4264 1054 4321 regum
1068 4249 1177 4304 sobole.

70 4360 113 4400 mo
129 4347 230 4399 contra
243 4360 366 4401 canones
381 4361 442 4401 esse
457 4350 624 4417 praesumat,
792 4379 814 4433 D
833 4340 877 4393 29.
894 4337 976 4402 Quod
1004 4337 1147 4410 quidquid
1170 4340 1331 4392 comitiolus
1350 4335 1465 4391 animus
1489 4334 1598 4402 fecerit,
1626 4335 1681 4389 hoc

70 4443 226 4513 speratoria
241 4443 315 4515 lege.
865 4427 978 4498 iustum
996 4430 1086 4497 putot.

70 4539 111 4594 do
133 4541 270 4595 canonica
291 4541 477 4610 ventilantur,
502 4541 557 4597 nisi
578 4542 635 4598 sint
650 4542 778 4616 religiosi
831 4517 875 4571 3⁰·
900 4514 980 4578 0³⁰⁶
1009 4514 1073 4569 laid
1095 4515 1308 4614 'l'fffibl'lem’¹
1324 4513 1374 4612 {1¹¹5
1395 4513 1536 4611 Esssslffiids
1563 4513 1682 4614 5¹¹⁰qu

70 4642 102 4682 pn
116 4627 260 4682 intersint,
868 4603 1050 4673 tenent,',non
1064 4604 1143 4659 ahud
1172 4619 1259 4675 qnam
1281 4603 1411 4658 drunum
1439 4602 1567 4657 olficrum
1595 4616 1681 4670 agere

867 4707 899 4746 co
921 4697 980 4746 ant.

832 4784 876 4836 31.
901 4708 938 4835 {lt
951 4778 1043 4837 tudaei
1054 4778 1395 4851 snpeerristianosnon
1410 4782 1563 4850 ponantur.
1662 4830 1667 4835 .

833 4873 876 4926 32.
899 4869 981 4933 Quod
1007 4875 1106 4924 sancta
1125 4867 1248 4924 Ecclesia
1266 4882 1358 4923 unum
1386 4872 1498 4939 patrem
1527 4866 1630 4921 hebeat
1651 4863 1682 4919 in

884 4957 954 5012 aelia.

807 5045 811 5053 '
833 4975 882 5102 33.c
903 5045 1004 5101 Deillo
1020 5043 1071 5117 qui
1098 5060 1151 5116 pro
1171 5043 1293 5099 catholia
1316 5043 1372 5099 lide
1399 5041 1598 5098 tribulationes
1627 5056 1682 5112 pa-

834 5139 949 5277 3¹:232·
959 5220 1129 5287 haeredibus,
1145 5221 1169 5275 si
1188 5222 1269 5292 jussa
1283 5218 1438 5289 fltestatoris
1462 5234 1519 5272 nou
1546 5217 1682 5288 implere·

69 5289 136 5343 f³¹i³
151 5290 307 5344 fldm⁰⁰iti⁰
321 5307 432 5361 regum.
869 5310 938 5376 rint,
954 5314 985 5364 ut
1000 5310 1152 5381 episcopus
1165 5309 1331 5380 adimpleat.

70 5385 224 5441 ldffl⁰¹¹iti⁰
240 5387 415 5459 primitium,
835 5402 878 5455 35.
911 5399 947 5453 Ut
962 5397 1027 5453 laici
1041 5399 1172 5470 quamvis
1186 5395 1316 5467 religiosi
1330 5394 1519 5451 ecclesiastica
1542 5410 1600 5449 non
1623 5393 1679 5448 dis·

72 5483 235 5538 adhortatio
249 5484 423 5556 principum.
870 5491 990 5555 ponant.

70 4722 108 4778 ici
123 4723 154 4777 in
168 4725 287 4794 synodo,
304 4725 360 4779 nisi
381 4725 491 4781 clericis
515 4727 695 4798 jubentibus,
725 4728 777 4783 do·

70 4828 99 4866 tn
110 4813 244 4867 audeant.

70 4908 321 4979 ›pnlusdocendus
333 4911 379 4978 sit,
401 4927 458 4966 non
476 4913 650 4984 sequendus.

70 5005 93 5059 lo
105 5005 156 5075 qui
171 5010 270 5061 contra
284 5007 430 5063 decretum
445 5009 573 5081 episcopi
583 5010 705 5066 venerit.

70 5108 188 5157 occatur
216 5102 383 5174 imperator,
413 5111 446 5161 ut
472 5107 634 5163 constitutis
663 5112 776 5179 aposto-

70 5191 121 5246 tdis
139 5192 325 5264 obtemperet.
