3878 6112
90 246 145 299 99³

517 243 756 300 DRCRRTORUM
777 244 869 300 LIBRI
888 245 942 300 XX.
962 273 997 284 -

1019 244 1123 300 LIBER
1144 242 1296 299 bacinos
1315 241 1436 299 NONUS.
1795 243 1847 299 994

87 369 137 423 itte
163 383 220 422 non
251 371 295 419 est
326 365 461 420 dominus
486 366 591 420 mentis
614 365 743 419 alterins.
768 364 847 420 Sicut
872 366 978 435 ergoX
997 365 1047 416 aut
1061 363 1158 418 ocrrlos
1172 363 1258 419 audet
1269 363 1409 419 attollere.
1426 362 1543 432 Comple
1557 362 1652 433 legem
1670 361 1748 416 hiasi.
1765 362 1847 417 Ceci-

94 460 125 508 et
139 455 247 518 anima,
263 456 285 506 si
301 454 387 507 semel
406 455 525 508 saltitem
540 469 620 508 suam
646 454 764 525 coeperit
779 453 942 524 desperare,

86 544 148 614 jam
164 559 217 597 nec
234 541 370 612 intelligit
389 542 544 613 quomodo,
569 542 612 596 vel
627 541 658 596 in
671 557 737 614 quse
752 542 828 596 mala
842 541 943 613 praci-

89 635 218 702 pitetur:
238 631 278 684 ita
293 636 322 685 et
336 631 386 701 qni
406 629 605 702 desperatione
621 631 697 701 capti
716 635 794 696 sunt,
808 630 943 684 intolera-

87 721 162 775 biles
190 719 274 787 liunt,
301 729 329 773 et
347 736 514 790 peromnes
542 720 661 774 malitiae
685 719 743 774 vias
769 719 942 774 discurrunt.

94 811 231 880 Exsurge,
262 824 393 879 exsurge,
418 824 528 880 quasso,
552 807 751 878 expergiscere
770 806 942 879 aliquando:

95 905 125 952 et
139 896 313 952 diabolicam
332 899 405 952 hanc
421 897 533 967 depone
550 896 761 952 temulentiam.
774 897 860 950 Parce
873 912 943 951 cun-

95 985 150 1039 ctis
163 986 211 1056 qni
227 1001 280 1055 pro
294 991 344 1039 tua
359 985 559 1055 desperatione
570 985 733 1056 desperant,
750 1000 786 1038 ne
802 988 903 1056 putent
913 1000 943 1038 se

91 1074 170 1127 viam
186 1073 297 1128 virtutis
312 1072 453 1141 incedere,
472 1073 496 1128 si
511 1077 538 1128 te
553 1073 589 1128 ad
613 1090 677 1128 eam
697 1073 803 1128 redisse
830 1089 887 1128 non
902 1073 942 1127 vi-

91 1157 191 1212 deant.
206 1158 335 1229 Respice,
351 1173 458 1228 qnaeso,
478 1164 517 1225 te,
534 1163 659 1229 quantus
670 1173 746 1212 nunc
762 1173 869 1212 moeror
882 1173 944 1211 om-

91 1246 175 1300 nium
190 1250 354 1301 sanctornm
370 1245 490 1300 fratrum
512 1245 617 1300 habeat
632 1245 763 1313 chorum,
785 1251 814 1298 et
837 1249 944 1314 quanta

90 1335 194 1389 laetitia
223 1340 308 1405 atque
336 1334 487 1388 exsultatio
518 1333 674 1388 incredulis
690 1333 749 1398 flat,
778 1340 943 1405 quantaque

91 1423 135 1476 eis
150 1424 184 1476 ad
209 1421 369 1493 praecipitia
394 1421 515 1476 luxuries
537 1421 679 1476 decrescat
703 1421 868 1476 auctoritas.
887 1420 943 1474 Nec

91 1509 150 1563 erit
172 1514 235 1579 post
259 1509 319 1563 haec
343 1509 456 1580 aliquis,
482 1508 533 1579 qui
553 1507 683 1580 quolibet
706 1509 786 1581 lapsu
806 1508 941 1577 dejectus,

91 1614 151 1650 non
168 1597 262 1651 statim
285 1612 434 1667 resurgere
459 1597 567 1668 cupiat,
585 1602 613 1651 et
640 1596 736 1652 statim
752 1614 781 1651 se
808 1611 942 1667 reparare

92 1684 221 1739 festinet.

91 1790 159 1845 Car.
172 1792 245 1846 XLV.
263 1820 298 1833 -
315 1792 391 1857 Quod
403 1793 494 1847 nultus
510 1792 720 1848 occusotatioue
732 1793 873 1846 uulnerari
882 1793 943 1858 fro-

326 1865 376 1917 tris
391 1877 418 1917 se
433 1862 591 1916 subtrahere
609 1862 712 1916 debeat.

133 1951 211 2018 (item
239 1952 354 2005 loannes
383 1951 586 2020 constantinop.
614 1949 652 2004 ud
679 1948 799 2005 eumdem
826 1948 944 2004 Theodo-

90 2053 157 2092 rum
172 2039 204 2092 de
219 2040 298 2107 lapsu
311 2039 452 2104 Baetasii,
467 2041 558 2107 capite
569 2037 625 2108 60.)
642 2037 701 2109 ⁸Ubi
723 2042 767 2092 est
788 2037 947 2092 misericor·

92 2126 144 2180 dia
158 2127 327 2182 Christiane
350 2127 507 2198 religionis,
524 2143 610 2198 qnam
628 2126 765 2197 magister
790 2130 886 2181 noster
901 2142 945 2179 sa-

91 2213 205 2268 crificio
221 2215 318 2269 docuit
347 2231 409 2268 esse
433 2216 604 2269 meliorem?
620 2215 687 2269 Ecce
708 2215 784 2284 jacet
797 2213 886 2268 frater
911 2214 946 2268 ab

92 2302 179 2356 hoste
213 2320 375 2372 percussus,
398 2303 492 2358 adhuc
521 2303 641 2358 forsitan
664 2303 818 2374 palpitans,
847 2308 875 2356 et
897 2319 947 2356 vos

95 2391 180 2462 quasi
204 2391 265 2444 sine
296 2392 412 2446 attinere
436 2392 625 2456 revertimini,
650 2407 702 2446 nec
723 2391 947 2446 consolationem

94 2479 191 2550 plagae
207 2479 283 2533 illius
299 2480 410 2535 deferre
425 2480 558 2534 tentatis?
573 2481 661 2535 nolite
685 2496 747 2535 esse
771 2480 832 2534 sine
846 2479 945 2535 formi-

98 2567 179 2629 dine,
195 2565 305 2632 fratres,
331 2568 480 2622 fortiorem
495 2569 632 2640 percussit
652 2567 796 2634 inimicus,
823 2573 856 2621 ut
878 2567 946 2622 faci·

94 2654 154 2708 lior
169 2655 195 2708 ei
210 2655 303 2708 editus
319 2661 393 2710 esset
407 2657 442 2710 ad
460 2658 593 2726 reliquus.
616 2657 651 2711 Ut
666 2657 735 2726 quid
755 2670 824 2727 ergo
840 2655 947 2726 sperni·

95 2742 134 2796 tis
148 2745 341 2808 numeratum,
358 2751 408 2798 ant
426 2746 499 2798 sieut
522 2745 629 2814 putatis
645 2751 675 2798 et
698 2743 865 2798 mortuum?
889 2744 946 2798 Xe·

95 2832 320 2887 liorconcubina
335 2833 402 2888 Saul
426 2832 485 2887 filia
499 2833 592 2898 Resfa,
614 2848 679 2904 qum
704 2848 826 2904 corpora
843 2832 944 2887 defan-

997 450 1039 504 dit
1054 452 1150 506 asinus
1165 452 1261 507 fratris
1275 452 1328 507 sub
1344 452 1481 524 pondere,
1503 451 1557 505 hoe
1583 456 1636 516 est,
1663 466 1729 504 caro
1755 451 1848 505 evicta

996 545 1125 608 peceato,
1141 541 1248 595 acclina
1269 546 1307 607 te,
1331 546 1359 594 et
1372 539 1503 605 humilia,
1521 543 1549 593 et
1563 539 1679 593 subleva
1699 537 1734 593 de
1749 537 1845 591 ruina.

996 626 1069 691 Quid
1095 627 1237 682 erubescis
1261 629 1399 698 conjungi
1418 627 1528 682 homini
1544 627 1685 699 peccatori
1696 626 1711 680 ‘l
1727 624 1847 697 Respice

997 715 1079 770 iilum
1094 717 1144 788 qui
1171 716 1261 774 dicit:
1284 717 1344 771 Noli
1368 717 1491 770 nimium
1508 732 1570 771 esse
1591 717 1696 788 justus.
1714 716 1848 786 Magister

997 812 1094 859 noster
1107 823 1124 860 a
1138 807 1297 861 latronibus
1312 808 1493 861 vulneratum
1515 823 1571 860 noir
1597 807 1690 860 solum
1715 821 1783 859 cura
1799 805 1844 859 di·

997 909 1086 963 gnum
1114 893 1234 965 judicat,
1250 911 1350 949 verum
1374 894 1461 948 etiam
1486 894 1521 949 ad
1545 893 1689 948 stabulum
1709 909 1792 948 snum
1821 897 1849 948 et

996 984 1071 1037 ovile
1083 983 1226 1054 perduxit.
1242 983 1276 1037 Et
1289 989 1320 1037 tu
1334 998 1404 1053 ergo
1424 983 1526 1054 collige
1541 982 1660 1037 fratrem
1678 997 1765 1053 quem
1785 981 1847 1035 dia-

996 1072 1078 1126 bolus
1107 1072 1178 1126 latro
1204 1072 1353 1142 percussit.
1377 1070 1708 1142 Consignastabnlario,
1735 1068 1764 1123 id
1792 1074 1845 1136 est,

996 1160 1081 1215 beato
1096 1161 1242 1232 episcopo,
1263 1160 1314 1232 qni
1339 1159 1363 1214 si
1384 1159 1454 1230 quid
1469 1160 1498 1213 in
1525 1176 1559 1214 eo
1576 1157 1761 1230 impenderit,
1782 1174 1847 1213 am-

997 1248 1073 1320 plius
1088 1265 1105 1303 a
1121 1249 1241 1304 Domino
1256 1253 1460 1321 consequetur.

1211 1339 1275 1393 Car.
1290 1337 1390 1393 XLVll.
1403 1366 1436 1377 -
1447 1340 1483 1391 De
1492 1337 1584 1391 eadem
1594 1352 1633 1390 re.

1033 1428 1106 1496 (Item
1119 1425 1211 1496 idem.)
1229 1425 1414 1495 Evangeticns
1429 1440 1523 1478 sermo
1543 1424 1615 1478 dixit
1634 1423 1686 1479 :Si
1706 1440 1843 1495 peccave-

997 1514 1034 1568 rit
1049 1515 1078 1568 in
1095 1520 1121 1567 te
1138 1513 1227 1579 frater
1241 1517 1318 1582 tuns,
1329 1512 1441 1584 corripe
1456 1528 1523 1567 eum
1548 1512 1634 1566 solus.
1660 1512 1689 1567 Si
1704 1518 1731 1566 te
1747 1512 1846 1568 audie-

998 1603 1044 1669 rit,
1057 1604 1223 1656 lucratnses
1245 1618 1321 1667 eum,
1338 1607 1366 1656 et
1386 1607 1490 1655 caetera
1515 1616 1581 1672 qnae
1601 1600 1729 1655 continet
1752 1617 1848 1655 sermo

1000 1691 1145 1762 praecepti.
1158 1690 1226 1745 Vide
1242 1689 1310 1762 quid
1325 1689 1403 1744 dicit.
1419 1690 1458 1744 Ne
1472 1689 1669 1744 exhilarentur
1690 1688 1742 1743 filii
1760 1689 1847 1744 incir-

999 1780 1199 1835 cumcisorum.
1216 1779 1278 1834 Filii
1302 1778 1379 1833 enim
1405 1777 1683 1842 incircumcisorum,
1707 1783 1774 1831 sunt
1799 1777 1849 1831 ho·

999 1867 1091 1921 mines
1106 1865 1214 1933 sectili,
1238 1866 1267 1919 in
1286 1865 1420 1936 praeputii
1437 1865 1480 1919 sni
1505 1880 1611 1931 errore,
1633 1869 1662 1919 et
1690 1864 1849 1935 gentilitate

999 1954 1135 2007 virentes.
1151 1953 1185 2009 tii
1197 1968 1266 2024 ergo
1284 1954 1489 2018 exhilarantur,
1511 1969 1574 2007 cum
1591 1952 1713 2008 andiunt
1734 1953 1849 2009 ruinam

1000 2041 1099 2095 militis
1116 2041 1231 2095 Christi.
1252 2042 1402 2096 Peccatum
1426 2040 1514 2110 igitur
1529 2043 1647 2106 celetur,
1668 2045 1697 2094 et
1718 2040 1851 2097 adhibea-

999 2132 1047 2182 tur
1071 2127 1244 2181 emendatio.
1268 2128 1325 2180 Nos
1344 2126 1422 2180 enim
1447 2127 1651 2180 consolationis
1668 2126 1848 2194 linteamina,

1001 2222 1030 2272 et
1044 2215 1167 2270 coelestis
1181 2215 1242 2286 spei
1257 2215 1406 2287 pigmenta
1420 2215 1590 2269 tribuamus.
1613 2215 1674 2285 lpse
1689 2220 1785 2269 autem
1801 2215 1847 2269 in·

1001 2304 1042 2358 fra
1067 2303 1230 2374 sepulcrum
1252 2302 1354 2357 secreti
1383 2301 1427 2356 sui
1447 2302 1591 2356 confessus
1606 2301 1715 2372 peccati
1737 2301 1848 2373 pudore

1002 2393 1191 2458 contineatur,
1206 2390 1256 2445 ubi
1284 2390 1467 2446 conscientiae
1495 2406 1591 2445 verme
1616 2391 1758 2445 laceretur
1774 2407 1780 2445 :
1798 2389 1848 2462 qui

1001 2485 1075 2535 totas
1100 2480 1129 2533 in
1159 2496 1192 2534 eo
1217 2480 1325 2550 obligat
1350 2479 1516 2551 putredines
1535 2484 1727 2550 peccatorum,
1757 2479 1848 2534 donec

1001 2570 1113 2623 nittlum
1128 2586 1162 2623 ex
1176 2585 1206 2623 se
1218 2569 1336 2623 fetorem
1351 2567 1434 2623 famae
1450 2568 1543 2638 turpis
1553 2567 1677 2622 emittat.

1196 2656 1261 2712 Can.
1275 2657 1388 2711 XLVlll.
1405 2687 1438 2697 -
1454 2659 1491 2712 De
1503 2656 1596 2712 eadem
1609 2672 1648 2711 re.

1037 2746 1312 2816 (rememorante
1338 2747 1570 2815 constantinopol.
1594 2746 1632 2800 od
1657 2745 1847 2817 Theodorum.)

1000 2835 1136 2902 Qualiter,
1152 2850 1232 2905 rogo,
1247 2836 1282 2889 de
1293 2835 1487 2888 misericordia
1504 2834 1618 2888 Domini
1633 2850 1786 2905 possumne
1798 2835 1846 2890 de·

95 2925 210 2974 ctornm
226 2937 297 2991 quos
318 2921 405 2975 David
426 2936 479 2991 pro
503 2920 726 2976 Gabaonitarum
753 2921 862 2975 ultione
877 2918 980 2990 per-C
999 2939 1125 2993 sperare,
1136 2923 1185 2994 qni
1202 2923 1288 2978 etiam
1313 2924 1492 2978 Pharaonem
1508 2923 1613 2993 arguit,
1631 2939 1848 2995 qrrarenequa-
1880 2934 1883 2940 ·

94 3014 287 3074 cusarsaton
314 3026 404 3080 nsque
433 3010 560 3063 accincta
590 3025 683 3079 sacco,
708 3010 816 3063 hucest
842 3009 944 3076 cilicio,

95 3096 258 3165 custodivit,
282 3098 371 3152 donec
395 3099 436 3152 eie
463 3102 575 3151 roraret
598 3099 720 3170 aquade
735 3098 817 3163 coelo,
834 3097 863 3151 id
891 3103 961 3165 est..

95 3182 191 3237 donec
209 3199 261 3252 pro
277 3184 361 3237 venia
384 3200 483 3238 eorum
508 3184 713 3239 misericordie
734 3185 856 3239 caelestis
870 3185 943 3238 scin-

95 3274 158 3329 tilla
179 3275 348 3331 defluxerat.
379 3273 477 3328 Relior
503 3273 557 3327 fuit
583 3274 632 3328 ille
653 3274 740 3329 tardas
757 3274 945 3344 blachabaens,

96 3365 148 3436 qui
166 3365 252 3419 etiam
272 3379 325 3433 pro
341 3360 463 3416 mortuis
480 3361 617 3417 fratribus
641 3362 799 3416 orationem
824 3361 946 3417 credidit

95 3469 160 3507 esse
179 3451 339 3508 faciendam
354 3467 360 3504 :
376 3466 448 3522 quos
477 3450 612 3504 damnata
635 3450 670 3504 de
689 3451 806 3505 lamnia
832 3451 944 3505 civitate

93 3541 240 3597 idolorum
255 3541 329 3594 dona
344 3543 567 3608 prostraverant.
580 3539 696 3610 thuid,
717 3554 798 3608 rogo,
814 3538 944 3593 medicus

93 3635 194 3685 noster
207 3631 282 3684 inter
292 3628 433 3683 librorum
450 3642 567 3680 suornm
590 3627 699 3681 loculos
720 3631 763 3681 tot
790 3627 946 3681 constituet

94 3733 203 3789 genera
215 3716 450 3789 pigmentorum?
466 3714 496 3769 Si
512 3715 584 3769 nibil
600 3720 643 3769 est
659 3731 691 3768 ex
706 3715 868 3785 emplastris
882 3715 944 3784 eius

94 3821 153 3876 quo
169 3805 264 3859 sanari
288 3805 379 3876 possit
399 3805 503 3856 vulrrus
526 3801 602 3872 quod
626 3802 767 3872 percussit
785 3801 941 3855 inimicus:

93 3894 156 3947 etsi
171 3895 274 3964 placet,
302 3891 466 3963 aperiamus
493 3890 620 3945 scholam
649 3890 798 3945 medicinae
825 3895 941 3958 nostrae,

93 3987 123 4034 et
141 3998 159 4035 a
182 3981 325 4052 principio
342 3980 459 4033 canonis
482 3980 644 4046 vulnerum,
665 3994 698 4032 ac
717 3978 941 4033 medicaminum

93 4071 204 4139 species
218 4069 428 4141 perquiramus.
447 4068 514 4121 Ecce
534 4066 566 4120 in
584 4066 675 4138 ipsius
696 4067 817 4122 introitu
837 4068 942 4122 scholae

1000 3028 1085 3083 quam
1106 3012 1246 3083 paenitere
1267 3012 1401 3083 dignatus
1416 3012 1462 3079 sit,
1479 3011 1599 3066 dicens:
1631 3011 1750 3067 Brachia
1776 3012 1849 3068 Pha·

998 3099 1096 3153 raonis
1110 3100 1183 3170 regis
1206 3098 1320 3170 AEgypti
1339 3099 1470 3165 contrivi,
1491 3104 1519 3153 et
1542 3105 1657 3155 nonest
1678 3100 1848 3171 deprecatus

999 3193 1030 3240 ut
1044 3187 1161 3241 daretur
1180 3187 1210 3240 in
1234 3203 1268 3240 eo
1290 3187 1407 3255 sanitas,
1424 3190 1453 3240 et
1473 3187 1641 3242 redderetur
1655 3187 1682 3241 ei
1703 3187 1794 3243 virtus
1811 3187 1846 3243 ad

998 3275 1300 3344 comprehendendum
1329 3272 1470 3346 gladium.
1486 3274 1621 3330 Salomon
1633 3274 1682 3329 ille
1697 3274 1846 3338 mirabilis,

998 3364 1048 3433 qni
1064 3366 1171 3420 meruit
1185 3363 1306 3419 astitrici
1328 3365 1388 3432 Dei,
1404 3365 1458 3419 hoc
1473 3369 1516 3419 est
1531 3364 1678 3437 sapientise
1693 3365 1743 3421 Dei
1760 3381 1847 3438 copu-

998 3451 1061 3512 lari,
1076 3453 1106 3507 in
1123 3452 1351 3523 alienigenarum
1364 3452 1485 3507 incurrit
1500 3453 1658 3523 amplexus,
1676 3458 1704 3509 et
1725 3453 1848 3509 vinculis

997 3539 1125 3594 libidinis
1138 3541 1298 3612 laqueatus,
1324 3540 1411 3595 etiam
1435 3540 1577 3611 sacrilegii
1600 3540 1719 3596 horrore
1738 3558 1770 3596 se
1788 3542 1849 3614 pol·

996 3627 1073 3682 luit:
1108 3628 1177 3700 qnia
1205 3627 1392 3682 simulacrum
1418 3628 1554 3685 Cathmos
1587 3628 1737 3684 lloabitico
1767 3629 1847 3685 idolo

997 3711 1154 3770 fabricavit.
1181 3714 1234 3769 Sed
1251 3714 1382 3785 qniaper
1398 3714 1598 3785 propheticam
1612 3731 1711 3770 rocem
1730 3719 1844 3789 culpam

997 3802 1102 3857 erroris
1134 3801 1260 3873 agnovit,
1290 3818 1448 3874 numquam
1481 3801 1685 3859 misericordiae
1726 3806 1847 3861 coelestis

996 3890 1115 3943 extorris
1130 3894 1182 3944 est.
1198 3894 1235 3944 at
1253 3889 1373 3945 forsitan
1384 3891 1481 3945 dicas:
1500 3891 1530 3944 ln
1545 3898 1648 3946 neutro
1664 3892 1846 3949 Testamento

996 3977 1062 4049 lego
1085 3994 1179 4048 neque
1198 3993 1266 4032 eum
1287 3978 1464 4048 poenituisse,
1495 3994 1589 4050 neque
1618 3980 1845 4037 misericordiam

997 4072 1193 4121 consecutum.

93 4165 250 4213 occurrunt
264 4158 307 4212 itti
330 4156 448 4211 seminis
477 4155 598 4209 carnalis
625 4161 765 4221 auctores,
790 4154 840 4227 qui
862 4170 977 4250 rene-D
998 4174 1061 4229 epp,
1074 4172 1160 4227 xglx,
1174 4199 1207 4211 -
1218 4172 1281 4227 pm
1294 4173 1482 4241 ,mmmm
1496 4174 1629 4228 neminem
1644 4173 1846 4231 ,domatum

93 4253 162 4301 nato
190 4246 332 4318 serpentis
360 4246 445 4300 dente
473 4243 609 4315 percussi,
638 4259 698 4298 non
723 4244 819 4297 statim
847 4258 940 4314 poente

92 4336 196 4390 mortis
213 4335 320 4390 addicti
343 4339 418 4397 sunt,
439 4333 488 4387 sed
513 4333 595 4402 ejecti
617 4331 652 4386 de
667 4332 794 4403 paradisi
820 4332 940 4398 deliciis,

89 4423 178 4478 idest
205 4423 240 4478 de
269 4422 402 4477 Ecclesia
428 4420 561 4474 libertate
586 4425 614 4474 et
634 4421 706 4474 sacri
735 4421 939 4474 communione

91 4511 257 4565 ministerii.

295 4598 361 4654 Can.
376 4596 468 4652 XLVI.
485 4625 519 4640 -
533 4599 570 4651 lle
588 4596 683 4651 auderit
705 4613 743 4651 re.

129 4688 208 4754 ittam
220 4688 361 4756 eiusdem.)
379 4686 459 4741 Unde
476 4685 555 4740 vides
570 4684 638 4756 quia
653 4684 693 4738 sic
714 4685 822 4755 peccati
840 4691 941 4741 conta·

89 4775 177 4846 gione
193 4776 380 4830 maculamur.
411 4774 450 4828 Ne
476 4789 583 4845 quaeso,
602 4772 766 4827 beatissime
783 4772 863 4841 mihi,
880 4772 941 4828 fra·

89 4869 165 4918 trem
182 4868 312 4918 nostrum
325 4864 355 4918 in
371 4861 548 4933 profundum
562 4861 641 4933 putei
656 4861 709 4915 sub
725 4860 819 4931 iniqui
833 4860 939 4932 princi·

89 4952 135 5024 pis
151 4956 291 5022 potestate
307 4951 481 5016 demersum,
507 4948 716 5020 desperationis
736 4949 880 5019 lapidibus
891 4949 940 5004 ob·

90 5056 220 5094 ruamus.
249 5040 400 5094 Imitemur
424 5038 506 5091 illum
533 5037 705 5108 AEthiopem,
729 5037 779 5107 qui
808 5042 939 5092 sanctum

90 5128 265 5183 Hieremiam
280 5128 311 5181 in
326 5128 386 5182 lacu
404 5125 440 5180 ab
450 5127 551 5197 iniquo
567 5126 817 5196 ragademersum,
828 5141 939 5180 assum·

89 5217 147 5286 ptis
162 5216 226 5272 XXX
240 5215 391 5270 hominum
403 5213 528 5281 auxiliis,
546 5218 574 5267 et
590 5213 685 5267 missis
700 5212 737 5267 ad
756 5229 822 5267 enm
837 5214 940 5285 pannis

88 5310 119 5360 et
133 5305 250 5360 funibus
264 5303 409 5359 veteribus
438 5301 582 5357 liberarit.
601 5300 700 5356 Facilis
719 5316 757 5355 ne
771 5304 832 5355 esto
855 5299 889 5354 ad
904 5299 939 5353 la-

87 5409 185 5466 psum.
198 5394 370 5465 ruinamque
382 5391 563 5447 miserorum.
579 5389 695 5462 Porrige
706 5404 824 5444 manum
833 5387 940 5460 jacenti

89 5480 181 5543 tratri,
193 5481 244 5552 qni
268 5480 403 5535 confusus
426 5479 537 5551 pudore
551 5477 670 5548 peccati,
696 5492 749 5531 nec
768 5476 881 5549 erigere
896 5490 937 5542 se,

1315 4243 1524 4298 admittendum.

1031 4331 1172 4402 (Ecdecr.
1198 4331 1301 4400 syricii
1325 4347 1415 4401 pupae,
1431 4335 1521 4402 capite
1551 4332 1607 4401 lb.)
1634 4333 1707 4388 titud
1729 4350 1844 4407 quoque

995 4437 1048 4476 nos
1064 4419 1184 4492 perluit
1209 4420 1380 4490 praevidere,
1396 4425 1428 4474 ut
1451 4421 1524 4474 sicut
1540 4421 1738 4492 paenitentiam
1759 4440 1845 4496 agere

996 4510 1131 4581 cuiqnam
1160 4524 1218 4563 non
1242 4509 1407 4563 conceditur
1433 4511 1627 4564 clericorum:
1660 4512 1700 4565 ita
1726 4517 1755 4566 et
1781 4519 1846 4583 post

996 4596 1205 4668 paenitudinem
1239 4612 1271 4651 ac
1310 4598 1581 4664 reconciliationem,
1612 4599 1684 4653 nulli
1715 4615 1843 4671 unquam

996 4686 1068 4740 laico
1083 4686 1167 4740 liceat
1180 4686 1322 4740 honorem
1343 4685 1493 4740 clericatus
1508 4686 1635 4757 adipsci:
1653 4686 1722 4757 quia
1744 4703 1846 4758 qnam·

995 4773 1037 4828 uis
1056 4773 1114 4828 sint
1133 4773 1263 4827 omnium
1289 4777 1472 4843 peccatorum
1503 4774 1675 4845 contagione
1700 4776 1843 4843 mundati,

995 4863 1075 4916 nulla
1107 4865 1205 4915 temen
1232 4860 1338 4915 debent
1367 4862 1560 4931 gerendorum
1597 4868 1843 4919 sacramentorum

995 4949 1187 5003 instromenta
1209 4948 1362 5019 suscipere,
1375 4948 1426 5019 qui
1444 4949 1554 5005 dudum
1579 4949 1688 5004 fuerint
1712 4966 1780 5006 rasa
1803 4951 1844 5006 ri·

994 5037 1110 5092 tiorum.

995 5140 1058 5193 Can.
1076 5140 1105 5195 t.
1123 5168 1157 5179 -
1183 5140 1319 5196 Crucibus
1338 5140 1498 5195 criminibus
1521 5142 1668 5211 implicitos
1687 5140 1725 5196 od
1742 5142 1842 5200 clerum

1029 5210 1305 5279 admiscuerimus
1331 5226 1437 5281 quoque
1459 5214 1536 5266 uitiis
1567 5215 1700 5270 inoomtos
1732 5215 1841 5271 clericos

1029 5283 1119 5350 officio
1128 5296 1181 5336 noa
1192 5288 1285 5348 motos,
1302 5285 1431 5352 comperit
1444 5283 1581 5338 Celusius.

1030 5389 1088 5454 (Ea
1099 5387 1172 5443 decr.
1191 5389 1297 5443 Getasia'
1321 5404 1410 5459 pope,
1438 5391 1528 5459 capite
1556 5393 1613 5459 tt.)
1641 5391 1842 5464 Comperimus

994 5476 1092 5545 etiam,
1111 5476 1262 5532 horrendis
1273 5477 1445 5548 quibusdam
1466 5478 1637 5534 criminibus
1666 5479 1838 5553 implicatos,
