3878 6112
89 226 142 283 935

622 220 822 279 raucarum
840 219 1109 279 WORDACIENSIS
1128 218 1296 277 EPlSCOPI.

1785 223 1835 279 936

88 346 220 413 benedic,
236 343 366 411 Domine,
376 341 511 398 timentes
522 344 551 396 te
559 341 678 413 pusillos
687 357 751 396 cnm
768 340 936 412 majoribus,
956 344 978 396 Α
995 341 1027 395 ln
1042 345 1069 395 te
1083 343 1280 411 speraverunt,
1298 343 1326 395 et
1338 355 1396 395 non
1411 343 1479 395 sunt
1493 338 1615 394 confusi.

88 435 293 491 benedictinos
307 431 427 487 Domino
444 432 495 503 qui
509 431 575 486 iecit
588 432 690 486 coelum
706 435 735 485 et
747 436 862 485 terram.

89 526 152 580 Post
179 525 234 578 tac
270 520 386 576 cauendi
407 526 471 575 sant
499 526 597 590 septem
627 520 730 589 psalmi
754 522 934 590 penitentie,

123 610 224 667 Darde
239 612 360 666 litania.
386 609 448 676 Qaa
471 611 579 678 eapteta
608 613 753 663 cautelae:
773 610 857 663 Pater
882 623 935 662 no·

123 704 191 754 ster.
207 700 241 753 Et
256 714 291 752 ne
306 714 357 752 nos
373 698 491 752 inducas
506 697 536 752 in
562 698 760 765 tentationem,
776 696 825 753 sed
845 696 936 752 libera

125 803 205 843 nasa
218 788 305 854 malo,
318 788 419 843 Amen.

160 875 276 931 Salvum
291 874 334 930 lac
347 890 459 929 servum
472 879 566 942 tunm,

195 965 269 1018 Deus
284 979 376 1031 meus,
394 967 556 1034 sperantem
573 961 603 1016 in
618 966 656 1018 tc.

160 1052 247 1121 nitra,
264 1051 300 1120 ei,
317 1053 449 1120 Domine,
465 1051 604 1106 auxilium
619 1052 655 1107 de
666 1055 773 1120 sancto,

198 1141 230 1196 Et
244 1141 278 1195 de
293 1141 361 1197 Sion
376 1147 457 1196 tuere
468 1156 544 1195 eum.

160 1229 237 1284 Nihil
253 1229 383 1301 proficiat
393 1229 526 1283 inimicus
535 1228 563 1282 in
573 1243 618 1297 co,

196 1320 228 1373 Et
240 1318 317 1373 iilius
332 1318 494 1390 iniqnitatis
507 1333 564 1372 non
578 1321 705 1387 apponat
716 1332 818 1371 nocere
827 1316 863 1372 ei.

160 1407 225 1462 Esto
240 1407 292 1471 illi,
311 1407 439 1474 Domine,
455 1406 542 1461 turris
556 1405 744 1473 fortitudinis,

195 1497 219 1552 Α
234 1496 304 1550 facie
320 1495 440 1550 inimici.

126 1584 264 1638 Dominus
278 1590 426 1638 conservet
440 1599 516 1650 enin,
534 1587 562 1638 et
590 1581 712 1636 vivificet
737 1597 814 1646 eum,
829 1585 857 1637 et
871 1580 937 1636 bea·
952 1618 972 1672 B

89 1676 150 1727 tam
164 1671 249 1727 iaciat
264 1688 329 1726 eum
343 1673 372 1725 in
396 1676 483 1738 terra,
508 1675 536 1725 ct
559 1685 618 1724 non
641 1670 732 1724 tradat
754 1669 783 1723 iu
809 1669 935 1725 animam

88 1758 935 1831 inimicorumejus.Dominusopemferatillisaperlectum

87 1848 254 1904 infirmitate
268 1849 339 1920 ejus.
357 1848 527 1904 Universum
543 1852 664 1902 stratum
681 1846 744 1919 ejus
769 1848 887 1901 versasti
905 1847 936 1901 in

88 1936 193 1991 doloris
224 1937 296 2008 ejus.
333 1936 463 2002 Domine,
503 1935 606 1990 exaudi
634 1935 794 1990 arationem
828 1951 933 1990 meam.

87 2025 234 2080 Psalmns:
252 2024 465 2093 misereremei,
484 2026 567 2079 Deus.

327 2113 456 2182 Sequitur
465 2115 561 2167 aratia.
579 2112 699 2168 memus.

124 2201 312 2272 Omnipotens
335 2206 364 2256 et
389 2201 549 2255 misericors
575 2201 660 2266 Deus,
690 2216 856 2271 qnaesumus
877 2198 934 2254 im·

89 2305 217 2345 mensam
243 2290 379 2361 pietatem
405 2295 496 2355 tuam,
525 2293 558 2343 ut
583 2289 619 2345 ad
647 2288 798 2342 introitum
826 2289 857 2343 in
883 2293 935 2342 tuo

88 2380 206 2434 nomine
219 2378 390 2434 humilitatis
411 2383 527 2444 nostrae,
552 2377 628 2432 hunc
645 2377 787 2431 famulum
803 2381 885 2431 tuum
900 2377 933 2432 N.

88 2468 118 2523 in
139 2470 192 2524 boc
214 2468 376 2522 habitaculo
401 2468 544 2537 jacentem
559 2466 676 2534 fessum,
702 2465 845 2520 salutifere
871 2465 936 2519 risi·

88 2559 148 2611 tare
164 2556 300 2628 digneris,
318 2556 391 2610 sicut
402 2555 514 2609 risitare
525 2555 660 2626 dignatus
672 2570 714 2621 es,
733 2553 864 2622 Domine,
879 2553 934 2609 To·

989 429 1030 484 Ne
1046 428 1152 495 tradas,
1170 429 1300 497 Domine,
1315 428 1414 483 bestiis
1431 430 1558 484 animam
1575 429 1761 485 confitentem
1775 432 1836 500 tibi,

988 516 1121 572 Animam
1138 517 1273 587 pauperis
1288 517 1332 571 tui
1347 532 1383 572 ne
1399 517 1574 572 obliviscaris
1588 519 1618 572 in
1634 519 1733 575 linem.

1102 607 1198 661 Postea
1210 612 1361 677 sequautur
1375 609 1434 662 ista
1447 610 1591 662 errationes.
1609 607 1732 663 oremus.

1027 694 1101 748 Dens
1127 695 1177 765 qui
1200 693 1373 749 famulatae
1389 694 1515 749 Ezechiae
1529 696 1678 767 terquinos
1692 712 1784 751 annos
1806 698 1839 753 ad

988 781 1076 837 vitam
1092 783 1214 852 donasti,
1231 782 1314 839 itaet
1329 783 1470 838 lentulum
1485 790 1565 839 tuum
1582 785 1614 840 N.
1630 801 1647 838 a
1662 785 1738 840 lecto
1754 787 1840 856 aegri-

988 871 1098 926 tudinis
1113 876 1162 926 lua
1191 872 1320 942 potentia
1343 872 1434 943 erigat
1459 872 1495 927 ad
1519 873 1651 928 salutem.
1675 875 1730 928 Per
1759 875 1840 930 Cbri·

989 966 1076 1017 etam.

1024 1051 1102 1105 Atta.
1115 1049 1244 1121 Respice,
1261 1049 1390 1116 Domine,
1402 1050 1542 1105 famulam
1558 1056 1651 1106 tuum.
1673 1053 1706 1106 N.
1721 1052 1754 1106 in
1764 1053 1840 1108 intir-

990 1138 1088 1194 mitate
1108 1138 1152 1193 sui
1176 1139 1305 1210 corporis
1329 1139 1519 1206 laborantem,
1545 1145 1574 1194 et
1590 1140 1721 1194 animam
1745 1142 1839 1198 reiove

990 1244 1077 1301 qnam
1092 1228 1203 1297 creasti,
1227 1232 1260 1282 ut
1280 1226 1515 1298 castigationibus
1538 1229 1722 1298 emendatus,
1747 1231 1837 1284 conti-

990 1333 1049 1373 nuo
1073 1333 1103 1371 se
1133 1316 1237 1372 sentiat
1264 1320 1315 1371 tna
1348 1315 1492 1371 medicina
1526 1333 1588 1372 esse
1613 1318 1768 1373 salvatum.
1790 1319 1838 1374 Per

992 1405 1148 1470 Christum,
1756 1452 1760 1460 .

1026 1495 1101 1549 Alia.
1116 1493 1189 1548 Deus
1205 1493 1253 1565 qni
1268 1493 1384 1548 iactura
1398 1496 1455 1549 tuae
1479 1493 1526 1565 pio
1551 1510 1666 1566 semper
1685 1494 1839 1550 dominaris

992 1581 1105 1650 affectu,
1132 1581 1238 1636 inclina
1267 1596 1366 1636 aurern
1394 1589 1473 1637 tnam
1506 1583 1770 1653 supplicationibus
1793 1600 1839 1638 no

994 1670 1069 1737 stris,
1097 1677 1125 1725 et
1157 1670 1297 1725 tamrrlum
1323 1676 1405 1725 tuum
1425 1671 1457 1725 N.
1475 1687 1508 1725 ex
1529 1670 1649 1726 adversa
1679 1673 1840 1728 valetudine

992 1759 1120 1830 corporis
1134 1759 1313 1814 laborantem
1328 1759 1458 1830 placatus
1471 1756 1590 1831 respice,
1606 1765 1635 1814 et
1648 1759 1734 1815 visita
1754 1761 1784 1816 in
1798 1777 1840 1814 sa·

991 1847 1078 1901 lutari
1094 1852 1153 1914 tuo,
1171 1863 1202 1902 ac
1225 1848 1348 1902 coetestis
1362 1846 1462 1918 gratim
1483 1847 1508 1901 ei
1537 1852 1641 1919 praeta
1655 1848 1838 1904 medicinam.

992 1936 1045 1991 Per
1059 1936 1213 1991 Christum.

1027 2026 1106 2079 Atia.
1119 2025 1204 2092 Deus,
1224 2023 1275 2096 qui
1293 2024 1420 2078 humano
1446 2023 1545 2095 generi
1572 2024 1674 2080 salutis
1699 2026 1836 2091 remedia,

990 2117 1017 2166 et
1033 2112 1099 2166 vite
1112 2117 1227 2167 aeterum
1250 2127 1371 2166 munera
1391 2111 1547 2182 contulisti,
1570 2129 1709 2168 conserva
1732 2115 1838 2169 famula

989 2200 1092 2271 tuo{N.
1115 2206 1232 2255 tuarum
1254 2201 1330 2256 dona
1352 2200 1501 2269 virtutum,
1527 2206 1555 2256 et
1578 2203 1705 2258 concede
1731 2208 1764 2258 ut
1778 2220 1837 2259 me·

990 2287 1083 2342 delam
1109 2291 1189 2341 tuam
1216 2302 1274 2341 non
1299 2287 1393 2341 solum
1419 2288 1449 2341 in
1469 2303 1598 2359 corpore,
1623 2290 1784 2345 sedetiam
1809 2290 1839 2345 in

989 2379 1086 2433 anima
1101 2375 1212 2431 sentiat.
1225 2377 1286 2432 Per.

1026 2469 1104 2522 Alia.
1119 2466 1261 2520 Virtutum
1282 2464 1441 2520 coelestinm
1465 2466 1548 2533 Deus,
1575 2465 1625 2538 qui
1645 2467 1682 2522 ab
1704 2467 1838 2523 humanis

990 2554 1158 2627 corporibus
1169 2569 1284 2608 omnem
1305 2555 1485 2625 languorem,
1506 2560 1534 2608 et
1554 2571 1670 2610 omnem
1684 2554 1840 2611 infirmita-

88 2644 165 2700 biam
180 2650 208 2698 et
222 2643 332 2712 Seram,
348 2659 461 2698 socrum
477 2643 563 2710 Petri,
584 2658 766 2714 puerumque
793 2642 935 2698 centurio-
990 2650 1048 2700 tem
1062 2643 1200 2715 praecepti
1218 2641 1261 2697 tui
1275 2647 1415 2715 potestate
1434 2643 1565 2714 depellis,
1581 2644 1680 2699 adesto
1699 2646 1841 2716 propitius

88 2732 142 2799 nis,
157 2733 197 2786 ita
211 2733 237 2786 ei
259 2733 312 2787 iste
337 2731 460 2805 pristina
485 2731 605 2787 sanitate
626 2732 731 2786 animae
751 2730 935 2802 corporisque
990 2733 1057 2790 huic
1075 2733 1189 2807 [famulo
1211 2736 1262 2787 tuo
1282 2733 1318 2787 Na
1338 2738 1369 2787 nt
1388 2733 1494 2803 iugatis
1508 2732 1735 2801 infirmitatibus,
1757 2739 1786 2789 ct
1805 2735 1841 2788 vi-

88 2828 212 2892 rccepta,
228 2822 386 2892 gratiarum
400 2821 453 2876 tibi
479 2821 509 2875 in
525 2822 646 2876 Ecclesia
660 2827 709 2875 tua
728 2820 832 2874 referat
847 2818 935 2873 actio·
990 2822 1070 2876 ribus
1104 2820 1236 2892 receptis,
1265 2836 1372 2874 nomen
1405 2825 1534 2875 sanctum
1567 2826 1650 2876 tuum
1681 2821 1840 2877 instaurata

88 2926 165 2964 nem.
182 2911 236 2965 Per
247 2911 412 2965 Dominum.
951 2902 972 2958 C
991 2911 1124 2983 protinus
1137 2909 1256 2964 sanitate
1273 2909 1432 2963 benedicat.
1450 2910 1502 2964 Per
1519 2909 1687 2965 Dominum.

90 3001 163 3053 Tarra
175 2998 255 3053 datar
268 3001 293 3053 et
307 2999 380 3054 locas
398 3003 526 3054 secretior
547 2998 702 3069 coaptandi,
722 3003 746 3053 et
760 2998 832 3067 quod
845 2999 935 3052 muri·
1026 3000 1102 3054 Alia.
1131 2997 1251 3053 Domina
1275 3000 1383 3066 sancte,
1402 2998 1488 3051 Pater
1515 2997 1711 3068 omnipotens,
1734 3003 1839 3055 aeterne

124 3091 260 3153 mamert,
282 3088 430 3155 interrapet
455 3102 514 3142 eum
540 3088 572 3141 de
593 3087 650 3153 fide
675 3087 818 3141 catholica.
847 3087 936 3141 Eleia
990 3087 1076 3155 Deus,
1106 3086 1157 3159 qui
1185 3085 1370 3157 fragilitatem
1402 3084 1577 3140 conditionis
1613 3092 1720 3142 nostrae
1748 3087 1840 3143 inlusa

125 3174 221 3229 dicat:
988 3174 1102 3230 virtutis
1129 3180 1186 3230 tnae
1216 3173 1383 3245 dignatione
1420 3174 1584 3240 confirmas,
1609 3178 1643 3230 ut
1667 3176 1838 3232 salutaribus

125 3261 224 3317 Credis
241 3261 271 3315 in
297 3262 386 3316 Deum
405 3264 531 3331 Patrem,
554 3266 582 3316 et
601 3261 715 3327 Filium,
743 3264 773 3315 et
796 3260 935 3332 Spiritum
989 3263 1124 3319 remediis
1138 3263 1251 3335 pietatis
1267 3268 1324 3317 tnae
1339 3278 1457 3333 corpora
1470 3267 1569 3317 nostra
1588 3266 1617 3317 ct
1643 3264 1777 3319 membra
1791 3282 1837 3321 re·

89 3351 240 3404 sanctum?
257 3351 380 3420 Respon.
401 3350 502 3408 Credo.
521 3349 618 3405 Credis
634 3349 709 3420 quod
728 3349 781 3403 iste
796 3353 853 3404 tres
868 3365 936 3420 per·
989 3356 1134 3423 gelantur,
1150 3367 1235 3423 super
1249 3350 1325 3406 hunc
1345 3350 1485 3406 famulum
1506 3355 1588 3405 tuum
1615 3351 1648 3406 N.
1665 3351 1838 3423 propitiatus

90 3453 167 3491 sanae
183 3453 257 3491 nnus
272 3438 346 3492 Deus
360 3437 417 3492 sit‘l
436 3438 560 3508 Respon.
578 3437 680 3491 Credo.
697 3436 794 3491 tlredis
812 3435 889 3507 qaod
905 3437 936 3491 in
988 3439 1117 3510 intende,
1144 3444 1177 3494 ut
1202 3440 1282 3494 omni
1301 3439 1469 3494 necessitate
1491 3454 1636 3511 corporeae
1661 3439 1838 3495 infirmitatis

89 3524 151 3596 ipsa
164 3525 314 3580 istacarne
331 3541 389 3596 qua
405 3540 481 3580 nunc
495 3541 535 3592 es,
560 3540 710 3596 resurgere
735 3525 823 3581 habes
842 3525 873 3580 in
889 3525 936 3581 die
989 3529 1114 3596 exclusa,
1130 3528 1222 3598 gratia
1237 3528 1267 3582 in
1288 3544 1322 3583 eo
1338 3527 1467 3598 pristinae
1492 3528 1622 3583 sanitatis
1646 3528 1776 3600 perlecta
1795 3544 1838 3584 re·

86 3613 199 3682 judicii,
226 3619 255 3669 et
273 3614 402 3686 recipere
423 3615 481 3669 sive
506 3615 616 3670 bonum
638 3615 698 3668 sire
723 3615 830 3669 malurn
858 3614 936 3686 quod
990 3623 1117 3689 paretur.
1133 3618 1186 3672 Per
1203 3616 1368 3671 Dominum.

88 3701 216 3773 gessisti?
238 3703 363 3774 Respon.
384 3703 482 3758 Credo.
505 3703 552 3757 Vis
571 3702 716 3758 dimittere
739 3701 797 3757 illis
821 3707 937 3773 peccata
1025 3706 1101 3761 atra.
1118 3705 1248 3772 Dremus,
1265 3706 1374 3770 tratres,
1392 3704 1547 3759 Dominum
1562 3709 1760 3776 nostrumpro
1783 3704 1838 3760 fra-

88 3807 139 3846 sne
155 3791 247 3863 quiin
271 3797 299 3847 te
324 3793 532 3864 peccaverunt?
556 3791 679 3862 Respon.
702 3792 781 3846 Volo.
809 3791 854 3844 Vis
867 3806 936 3861 pec·
991 3799 1033 3849 tre
1047 3799 1244 3865 nostroquem
1265 3793 1335 3851 dure
1360 3792 1395 3847 ad
1418 3808 1545 3863 praesens
1568 3793 1676 3848 malum
1693 3793 1840 3865 languoris

87 3884 150 3934 cata
173 3896 238 3952 quae
268 3879 359 3935 iecisti
385 3880 539 3935 emendare
567 3879 591 3933 si
619 3877 783 3934 reviviscis?
810 3879 934 3950 Respon.
990 3881 1103 3954 affligit,
1121 3886 1151 3935 ut
1168 3896 1234 3935 eum
1247 3879 1839 3952 Dominipietascoelastibusdignetnrcu·

88 3970 167 4024 Volo.
991 3987 1054 4025 rare
1071 3969 1219 4024 medicinis
1230 3974 1277 4023 :ut
1285 3968 1419 4040 quidcdit
1428 3969 1528 4036 vitam,
1537 3969 1620 4024 detet
1631 3971 1765 4025 salutern.
1778 3971 1837 4026 Per.

88 4060 181 4114 Postea
206 4063 337 4127 artantur.
360 4060 424 4114 Post
458 4058 659 4123 consessionem,
684 4060 710 4110 et
728 4055 814 4126 fidem
842 4054 937 4111 reddi·
1025 4060 1102 4114 Alia.
1132 4057 1253 4113 Domine
1278 4062 1385 4123 sancte,
1406 4057 1491 4112 Pater
1523 4058 1707 4130 omnipotens
1735 4064 1840 4114 aeterne

229 4148 491 4212 tametauctiouem,
504 4144 793 4213 decolorantiploua.
957 4146 1131 4243 1‚rteusqm
1146 4162 1176 4201 ee
1200 4146 1254 4214 via,
1269 4151 1297 4200 et
1317 4146 1433 4213 veritas,
1458 4150 1487 4200 et
1506 4147 1574 4216 vita,
1599 4147 1702 4202 exaudi
1727 4154 1757 4202 et
1775 4164 1840 4203 con·
1874 4210 1878 4221 ¹

87 4234 312 4289 inveritatetua
326 4232 498 4299 exaudime,
512 4231 794 4288 DominePsalmns.
994 4252 1074 4291 serva
1096 4235 1237 4290 famulum
1260 4238 1342 4289 tuum
1365 4236 1398 4289 N.
1428 4251 1515 4307 quem
1540 4235 1690 4290 vivificasti
1705 4242 1735 4291 et
1757 4237 1838 4292 rede·

89 4323 218 4387 Domine,
235 4321 338 4377 eraudi
352 4321 512 4377 orationem
525 4337 629 4389 meam,
642 4321 759 4376 auribus
773 4321 896 4394 percipe.
992 4323 1069 4380 misti
1095 4323 1187 4395 pretio
1211 4339 1316 4394 magno
1340 4322 1431 4378 sancti
1452 4323 1601 4395 sanguinis
1626 4324 1692 4379 Filii
1715 4324 1768 4379 tni.
1790 4324 1840 4380 Per

123 4411 228 4467 Deinde
237 4411 322 4482 Kyrie
337 4410 457 4491 eleison,
470 4416 496 4465 et
506 4412 589 4465 Pater
603 4415 700 4465 noster
713 4426 772 4465 cam
788 4412 831 4466 tis
992 4412 1137 4468 eumdem.

447 4498 584 4569 promisce
992 4502 1023 4558 Si
1036 4503 1159 4570 infirmas
1182 4502 1211 4555 ia
1236 4500 1425 4572 desperatione
1443 4503 1539 4569 suerit,
1558 4503 1706 4556 reconcilia
1732 4517 1790 4557 eam
1808 4517 1836 4554 aa

123 4589 244 4658 Exurge,
270 4588 388 4643 Domine
410 4588 495 4656 Dens,
519 4589 660 4644 exaltetur
684 4604 787 4644 manus
811 4593 870 4656 tna,
900 4604 937 4642 ne
1026 4593 1131 4646 ratium
1158 4590 1200 4645 bis
1236 4589 1410 4660 repetentibus
1447 4590 1625 4653 orationibus,
1671 4595 1702 4645 at
1733 4589 1836 4660 quaudo

88 4675 443 4748 obliviscarispauperum.
1025 4676 1201 4739 concaluerit,
1227 4675 1373 4731 secandam
1394 4693 1527 4735 corianam
1552 4683 1578 4732 et
1603 4682 1763 4734 sanctor-aur
1786 4679 1836 4733 Pa·

194 4766 256 4820 Tibi
272 4766 348 4820 anim
361 4765 513 4821 derelictus
528 4769 570 4819 est
582 4781 704 4837 pauper,
1026 4769 1099 4820 tram
1112 4769 1227 4830 statuta,
1245 4770 1270 4819 et
1282 4766 1443 4833 parilitatem
1455 4766 1548 4821 delicti
1556 4768 1697 4835 peniteat.

193 4854 330 4925 Orphauo
340 4858 372 4908 tu
387 4853 444 4908 eris
460 4854 582 4923 adjutor.
1026 4853 1220 4907 Reconciliats'o
1236 4854 1347 4921 trrflrmi.
1372 4854 1487 4921 Praesta,
1511 4869 1690 4924 quaesumus,
1708 4856 1834 4918 Domine,

159 4943 337 4998 Desiderium
353 4957 513 5013 pauperum
527 4941 669 4996 exaudivit
678 4940 827 4996 Dominus.
992 4940 1059 4996 lrnic
1071 4940 1180 4995 lamnlo
1195 4945 1246 4995 tna
1262 4941 1295 4996 N.
1314 4939 1434 5011 dignum
1456 4941 1633 5012 paenitentia
1658 4943 1797 5010 fructum,
1810 4946 1837 4996 ut

193 5030 438 5101 Proeparationem
449 5030 543 5084 cordis
560 5045 661 5084 eornm
672 5028 782 5085 audivit
791 5027 933 5086 auristna.
962 5064 965 5071 -
992 5029 1122 5084 Ecclesia
1145 5033 1204 5084 ture
1228 5033 1344 5096 sancte,
1373 5045 1390 5083 a
1416 5031 1498 5100 cujus
1524 5029 1692 5102 integritate
1714 5032 1837 5087 deviarat

159 5119 277 5174 btirifica
292 5119 504 5173 misericordias
522 5124 595 5183 tuas,
992 5117 1144 5187 peccando,
1162 5117 1354 5172 admissorum
1376 5118 1490 5174 veniam
1504 5120 1723 5192 consequendo,
1740 5121 1836 5176 redda-

194 5207 247 5271 Qui
263 5208 354 5262 salros
369 5208 438 5263 iacis
453 5212 601 5279 sperantes
615 5205 698 5261 inte.
991 5211 1039 5260 tur
1052 5204 1198 5260 innoxius.
1216 5207 1279 5262 Per.

158 5296 198 5349 'lu
214 5299 309 5349 autem
325 5295 467 5349 insencto
484 5294 606 5364 habitas,
1026 5292 1103 5348 Alta.
1137 5293 1325 5366 Omnipotens
1367 5293 1543 5366 sempiterne
1578 5295 1666 5365 Dens,
1694 5294 1837 5353 conlitemi

195 5384 267 5438 Laus
282 5384 377 5440 lsrael.
990 5381 1058 5436 huic
1072 5375 1182 5437 famulo
1197 5388 1247 5438 tua
1264 5384 1296 5439 N.
1313 5399 1366 5455 pro
1389 5388 1439 5438 tua
1463 5384 1570 5455 pietate
1596 5391 1715 5457 peccata
1731 5387 1839 5442 dimitte

87 5471 129 5527 Ad
142 5476 169 5525 te
185 5473 391 5540 clamaverunt,
407 5475 436 5527 et
450 5470 517 5526 salvi
533 5469 600 5526 facti
614 5474 693 5541 sunt,
992 5473 1023 5525 at
1043 5486 1099 5525 non
1116 5468 1182 5542 plns
1195 5471 1222 5526 ei
1250 5479 1350 5528 noceat
1364 5471 1543 5528 conscientia
1558 5477 1657 5528 reatus
1675 5473 1711 5529 ad
1727 5489 1839 5545 paenam
