3878 6112
142 189 196 256 743
677 182 880 240 nunculiam
897 182 1166 241 wonnscrnilsls
1186 183 1353 241 sriscoer.
1634 181 1641 189 “
1840 188 1898 241 744

34 286 40 296 ⁹
143 304 264 362 sonandi
287 303 376 374 regis,
399 302 454 358 hoe
477 307 608 358 sanctum
632 301 757 357 decrevit
771 300 937 365 concilium,
960 305 1030 358 ntA
1048 301 1168 357 tarnitas
1184 302 1348 373 expulisset,
1368 306 1396 357 et
1407 302 1437 357 in
1447 302 1537 357 alium
1551 302 1644 357 locum
1656 319 1708 374 pro
1722 305 1852 359 colendis
1865 305 1901 359 si·

143 394 311 465 hujusmodi
332 400 558 462 transgressores
573 389 989 462 pontificaliauctoritatecor·
1049 391 1157 445 militer
1184 391 1383 445 festivitatibus
1411 391 1481 460 suis,
1507 395 1534 445 te
1562 407 1676 462 quoque
1701 399 1849 461 noscente,
1872 398 1901 448 et

143 483 213 537 recti
232 482 268 536 ad
292 482 400 535 cultum
423 479 577 535 Christiani
600 477 742 548 dogmatis
766 482 944 544 revocentur,
960 480 994 531 ut
1048 477 1246 533 consentiente
1270 479 1468 548 migraverint,
1493 484 1522 533 et
1545 494 1622 534 nnnc
1648 480 1683 535 de
1706 481 1810 536 eodem
1837 482 1899 537 loeo

143 587 216 643 quos
236 571 367 625 voluntas
391 569 510 639 propria
533 583 592 621 non
617 566 761 633 emendat,
785 565 993 620 animadversio
1048 567 1135 621 etiam
1163 567 1268 637 expelli
1291 583 1321 621 se
1349 566 1443 621 denuo
1470 573 1697 638 conqueruntur.
1721 569 1843 634 Quodsi
1860 572 1899 624 ita

144 657 327 715 sacerdotalis
351 660 489 710 coerceat.
517 655 570 708 lios
593 656 689 708 autem
714 670 786 725 quos
809 654 993 708 circumcide·
1048 659 1099 719 est,
1123 655 1256 709 volumus
1274 661 1324 709 tna
1343 655 1508 709 fraternitas
1533 659 1568 709 ab
1586 657 1752 726 hujusmodi
1774 674 1804 711 se
1825 675 1894 729 qne-

143 754 222 817 rant,
236 747 259 800 si
274 745 328 800 tilii
344 761 443 798 eorum
459 750 536 810 sunt,
550 760 565 797 a
580 747 735 813 parentum
753 744 895 797 consortio
910 758 991 814 sepa·
1047 744 1107 796 rela
1134 742 1301 814 suspendat,
1325 749 1353 796 et
1377 742 1439 798 loeo
1466 759 1569 814 quem,
1594 745 1667 798 sicut
1689 745 1895 816 prediximus,

143 841 253 899 rentur,
279 834 303 887 si
330 833 403 887 servi
431 847 484 903 pro
508 830 615 901 inJ'uria
641 830 769 902 corporis
795 830 839 885 sui
865 830 993 886 libertati
1047 845 1112 884 eum
1126 834 1175 884 tua
1199 830 1373 884 conscientia
1388 847 1446 903 quo
1468 836 1691 903 congregentur,
1707 833 1806 904 adepti
1820 839 1893 901 sunt,

144 924 308 980 tradantur.
1047 935 1106 985 eos,
1126 919 1200 973 sicut
1224 934 1286 972 mos
1307 920 1371 985 fuit,
1401 920 1510 974 ibidem
1536 920 1620 975 liceat
1642 923 1814 976 ‹eonvenire⁴
1842 924 1894 977 llos

267 1010 331 1065 Car.
348 1007 527 1064 Lxxxv1.-
543 1009 583 1062 Da
597 1010 682 1062 cernis
694 1008 865 1062 ludaeorum.
1046 1008 1135 1072 enim,
1160 1008 1242 1078 quia
1266 1007 1426 1062 Christiana
1449 1008 1590 1079 religione
1615 1008 1790 1077 discordent,
1815 1027 1892 1066 man·

178 1098 413 1171 (Excedemxm,
430 1113 490 1165 cap.
514 1096 550 1164 9.)
568 1097 639 1150 ltem
658 1102 688 1149 ut
702 1097 902 1151 situdaeorum
917 1094 992 1149 servi
1046 1095 1218 1163 suetudine,
1247 1095 1424 1166 benignitate
1452 1096 1653 1165 admonendo,
1680 1098 1838 1166 suadendo,
1858 1099 1891 1154 ad

142 1189 264 1244 necdum
285 1185 415 1241 conversi
438 1185 472 1239 ad
497 1184 601 1239 Christi
617 1184 740 1253 gratiam
764 1183 989 1252 convolaverint,
1045 1183 1185 1239 unitatem
1201 1184 1268 1238 tldei
1283 1199 1399 1239 necesse
1421 1188 1463 1238 est
1477 1200 1664 1256 congregare,
1687 1201 1724 1241 ne
1740 1202 1814 1257 qnos
1828 1186 1891 1241 dnl-

142 1277 267 1332 lihertati
282 1276 436 1329 donentur.
1046 1272 1114 1326 cedo
1129 1271 1351 1342 pradicationis,
1363 1278 1392 1326 et
1406 1278 1570 1343 praeventus
1585 1273 1674 1328 futuri
1686 1273 1794 1344 judicis
1804 1279 1890 1329 terror

142 1366 205 1421 Car.
237 1362 385 1419 lxxxvii.
413 1391 446 1401 -
472 1363 508 1416 Dc
532 1363 676 1429 mancipiis
696 1361 851 1415 iudeorum
876 1374 936 1430 qna
954 1360 991 1413 ad
1046 1360 1081 1414 ad
1098 1360 1274 1415 credendum
1301 1360 1422 1415 invitare
1443 1366 1568 1432 poterat,
1592 1363 1678 1416 minis
1693 1367 1722 1417 et
1736 1364 1889 1418 terroribus

391 1433 740 1501 baptismum⁶⁰⁷¹s¹¹tlilmf
1045 1450 1230 1519 repellantur.
1256 1449 1372 1519 Oportet
1399 1464 1467 1520 ergo
1492 1453 1525 1504 nt
1547 1450 1581 1505 ad
1608 1450 1786 1505 audiendum
1813 1452 1888 1506 dete

177 1525 236 1595 (ΕΦ
252 1522 345 1578 mil·
362 1521 438 1590 “fud
461 1522 622 1586 Arvernam,
642 1535 702 1589 ΜΡ·
722 1519 779 1588 30)
797 1519 873 1573 [Ῑΰθῑ
887 1518 990 1590 ΡΓῙΟΓῘ·
1044 1538 1164 1592 verbum
1187 1537 1238 1592 Dei
1263 1537 1387 1607 benigne
1410 1538 1592 1605 conveniant,
1618 1555 1705 1609 quam
1726 1540 1888 1595 austeritate

141 1613 196 1667 bus
210 1610 368 1666 canonibus
388 1610 450 1679 jam
472 1608 560 1662 fuerit
574 1608 726 1662 delinitum
742 1613 774 1661 nt
788 1608 821 1661 de
840 1582 1025 1678 mancipiisB
1044 1641 1109 1696 qum
1123 1642 1209 1696 supra
1223 1625 1344 1680 modum
1359 1626 1533 1692 expenditur,
1550 1632 1749 1698 expavescant·

141 1699 263 1798 paganis
279 1712 343 1770 quae
358 1697 434 1794 apud
447 1697 563 1751 Judaeos
577 1702 645 1794 sunt
661 1694 684 1748 si
699 1696 732 1792 ad
757 1695 990 1749 ecelesiamoon-
1044 1732 1108 1786 Cn·
1133 1731 1211 1785 XCII·
1236 1761 1270 1769 -
1296 1731 1407 1785 Det-His
1437 1731 1596 1800 baptizatis,
1623 1735 1672 1801 qui
1696 1749 1749 1803 pro
1772 1736 1888 1804 pamm

141 1789 279 1858 fugermt,
295 1791 323 1840 et
336 1788 512 1856 baptismum
529 1787 673 1854 petierint,
690 1789 777 1837 etiam
792 1783 828 1837 ad
846 1799 989 1854 quoscun-
1178 1804 1274 1856 mom-3
1288 1817 1305 1855 a
1319 1802 1479 1857 ,paeonibus
1493 1803 1628 1873 baptizat,-
1639 1806 1755 1870 summ·

142 1895 198 1949 que
218 1875 392 1931 Christianos
416 1872 586 1943 refugerint,
610 1877 706 1925 taxato
722 1877 749 1925 et
773 1871 868 1925 oblato
890 1871 990 1926 atide·
1080 1906 1141 1979 (Εω
1165 1909 1259 1962 conca·
1288 1909 1430 1977 monico,
1456 1924 1516 1979 cap·
1539 1908 1579 1980 3¹)
1608 1909 1638 1964 Si
1663 1910 1728 1981 quis
1758 1909 1888 1965 diaconus

141 1954 305 2062 libnsvju'sto
316 1961 421 2033 pretio,
433 1960 467 2014 ab
481 1975 582 2057 eorum
597 1959 727 2057 dominio
741 1957 910 2056 liberentur,
923 1959 988 2057 ideo
1043 2011 1147 2066 regens
1162 1995 1286 2067 plebem,
1303 1995 1364 2050 sine
1380 1996 1513 2068 episcopo
1527 1997 1570 2052 vel
1586 1998 1764 2070 presbytero,
1781 1998 1887 2071 aliquo,

142 2058 293 2106 staturmas
316 2051 380 2116 hoc,
395 2053 428 2104 ut
448 2054 507 2102 tam
519 2053 597 2118 Justa
612 2051 775 2101 constitutio
800 2047 836 2101 ab
855 2047 989 2101 omnibus
1043 2098 1095 2153 pm
1111 2083 1238 2154 periculo
1260 2084 1361 2138 mortis
1382 2084 1581 2156 baptizaverit,
1606 2085 1758 2156 episcopus
1772 2103 1823 2140 eos
1840 2101 1886 2158 per

141 2140 287 2195 ⁰³²h⁰li⁰i³
303 2138 479 2192 ‘'mmm‘’
1042 2170 1273 2226 benedictionem
1295 2176 1323 2226 et
1336 2172 1583 2228 confirmationem
1609 2172 1747 2245 perficere
1767 2175 1885 2230 debebit

141 2228 205 2284 CAP·
237 2226 393 2282 LXXXVffl·
427 2254 461 2264 ··
493 2225 561 2279 mm
580 2223 613 2278 df
642 2225 787 2293 mancipiis
820 2224 988 2291 Judaewum’
1043 2259 1123 2324 Quod
1149 2259 1172 2314 si
1194 2265 1259 2314 ante
1286 2260 1321 2316 de
1353 2262 1457 2316 saeculo
1481 2262 1639 2331 recesserit,
1670 2263 1724 2318 sub
1748 2261 1805 2319 fide
1837 2278 1889 2335 qua

175 2303 224 2353 ant
255 2299 419 2354 Christianis
447 2300 495 2349 aut
522 2294 560 2349 ad
585 2295 671 2366 fidem
696 2295 881 2351 Christianam
898 2297 990 2350 omire
1086 2348 1091 2358 ,
1251 2351 1253 2356 ,
1382 2349 1388 2360 ,
1493 2351 1499 2361 ,

176 2367 402 2424 desiderantibus.
1043 2364 1168 2420 quisque
1180 2347 1280 2414 eredit,
1297 2353 1404 2420 potent
1418 2366 1478 2405 esse
1489 2354 1592 2422 Justus.

177 2456 238 2524 (Ea
259 2456 353 2510 concil.
370 2455 522 2518 Melissea,
546 2468 606 2522 cap.
625 2451 680 2524 lo.)
703 2453 841 2508 Praesenti
859 2453 987 2521 coneilio,
1044 2454 1108 2509 Car.
1124 2455 1214 2510 llClll.
1238 2486 1273 2496 —
1289 2456 1331 2510 De
1345 2456 1402 2510 illis
1429 2458 1478 2525 qai
1495 2456 1664 2526 presbyteros
1688 2461 1788 2526 manni
1811 2457 1890 2512 dena·

142 2543 199 2598 ileo
214 2549 340 2611 auctore,
354 2543 496 2597 sancimus
511 2546 542 2595 nt
556 2541 669 2595 nullum
691 2540 886 2596 Christianum
905 2558 989 2597 mau-
1289 2529 1345 2582 '²⁸⁰⁸
1361 2541 1414 2597 ΡΝ)
1428 2528 1548 2583 baliam
1563 2528 1638 2582 dare·

142 2633 362 2703 cipiumludaeo
377 2631 512 2697 deinceps
534 2630 648 2698 serviat,
665 2630 715 2685 sed
729 2627 802 2685 datis
826 2632 988 2702 proquoli-
1079 2630 1140 2699 (Ea
1165 2633 1260 2686 concil.
1292 2633 1448 2699 cavallon,
1479 2648 1540 2703 cap.
1569 2633 1608 2704 5.)
1638 2633 1762 2698 Quidam
1790 2633 1889 2688 fratres

140 2721 189 2777 bet
202 2722 278 2777 bono
303 2721 446 2791 mancipio
459 2719 611 2774 duodecim
634 2719 743 2787 solidis,
759 2718 854 2789 ipsum
879 2720 989 2774 manci·
1043 2720 1178 2774 dixerunt
1214 2720 1430 2775 consuetudinis
1466 2722 1593 2793 antiquae
1619 2721 1706 2777 fuisse
1733 2722 1764 2777 in
1790 2738 1888 2777 eorum

141 2809 222 2881 pium
232 2810 397 2881 quicunque
409 2807 648 2874 Christianorum,
660 2824 709 2861 sen
720 2808 755 2862 ad
765 2808 987 2878 ingenuitatem,
1045 2808 1184 2876 Ecclesiis,
1209 2813 1241 2863 ut
1266 2825 1319 2880 pro
1345 2809 1473 2865 balsamo
1495 2811 1616 2865 emendo
1640 2811 1677 2865 ad
1699 2812 1826 2865 chrisma
1845 2811 1887 2865 fa·

142 2914 193 2953 seu
209 2898 245 2953 ad
269 2897 417 2952 servitium
440 2896 584 2951 licentiam
601 2894 705 2950 habeat
728 2896 900 2963 redimendi,
921 2902 950 2951 et
965 2896 988 2950 si
1004 2863 1025 2920 C
1043 2897 1189 2967 ciendum,
1206 2898 1265 2952 sive
1284 2913 1337 2968 pro
1354 2898 1545 2954 luminaribus
1560 2899 1691 2954 Ecclesiae
1714 2901 1886 2954 concinnan·

142 2987 338 3043 Christianum
361 2985 424 3039 fieri
449 2984 634 3039 desideratet
656 3000 715 3038 non
739 2985 925 3052 permittitur,
947 2983 989 3038 si·
1043 2985 1096 3051 dis,
1127 2985 1210 3040 binos
1237 2986 1280 3039 vel
1309 2991 1465 3057 quaternos
1493 2987 1627 3042 denarios
1653 2987 1813 3059 presbyteri
1839 2989 1884 3042 da·

142 3075 249 3132 militer
270 3073 356 3128 iaciat
371 3089 378 3127 :
393 3073 462 3143 quia
477 3072 557 3127 nefas
577 3077 618 3126 est
631 3079 663 3125 ut
678 3072 756 3143 quod
779 3072 907 3128 Christus
930 3072 988 3127 ilo-
1043 3076 1115 3128 rent.
1134 3074 1213 3129 Unde
1236 3090 1337 3128 omnes
1353 3091 1409 3129 nno
1426 3091 1565 3130 consensu
1587 3077 1748 3142 statuimus,
1765 3081 1797 3130 nt
1816 3076 1884 3130 sicut

141 3164 238 3217 minus
253 3160 400 3230 sanguinis
415 3159 459 3213 sui
483 3158 621 3213 effusione
635 3160 768 3226 redemit,
787 3159 986 3231 blasphemum
1041 3177 1094 3232 pro
1118 3161 1284 3217 dedicandis
1308 3161 1445 3230 basilicis,
1470 3168 1499 3218 et
1522 3163 1623 3218 dandis
1646 3164 1795 3219 ordinibus
1817 3163 1881 3218 nihil

141 3249 308 3305 Christianae
340 3247 487 3318 religionis
516 3247 546 3300 in
572 3247 691 3302 vinculis
722 3254 830 3302 tenere.
854 3247 934 3312 Quod
964 3246 988 3301 si
1042 3251 1239 3322 accipiendum
1263 3257 1315 3318 est,
1340 3252 1378 3306 ita
1395 3253 1481 3308 etiarn
1503 3269 1556 3324 pro
1574 3254 1702 3308 balsamo
1717 3254 1777 3308 sive
1800 3254 1880 3308 lumi·

141 3337 320 3410 acquiescere
344 3337 389 3391 his
413 3351 479 3407 qum
504 3335 657 3390 statuimus
681 3335 848 3407 quicunque
871 3334 988 3391 Judaeus
1042 3340 1159 3394 naribus
1172 3339 1302 3394 emendis
1324 3340 1397 3395 nihil
1420 3341 1580 3413 presbyteri
1595 3342 1721 3397 chrisma
1744 3340 1879 3412 accepturi

140 3427 278 3494 noluerit,
300 3424 430 3498 quandiu
454 3424 488 3479 ad
512 3424 665 3495 pecuniam
690 3424 873 3479 constitutam
890 3426 988 3480 venire
1041 3431 1120 3485 dent.
1145 3428 1275 3500 Episcopi
1298 3428 1395 3499 itaque
1419 3429 1454 3483 de
1469 3429 1600 3485 Ecclesiae
1622 3429 1803 3486 facultatibus
1825 3430 1877 3485 bal·

139 3515 292 3583 distulerit,
318 3514 401 3568 liceat
423 3512 599 3584 mancipium
619 3511 714 3583 ipsum
730 3528 796 3568 cum
819 3513 987 3569 Christianis
1041 3533 1152 3573 samum
1182 3522 1289 3585 emant,
1320 3522 1349 3571 et
1378 3517 1532 3572 luminaria
1564 3517 1671 3590 singuli
1700 3519 1729 3574 ia
1755 3517 1877 3573 Ecclesiis

138 3604 305 3674 ubicunque
321 3600 442 3656 voluerit
455 3600 595 3654 habitare.
1040 3605 1108 3660 suis.

140 3692 201 3748 Car.
225 3691 352 3747 lxxxix.
368 3720 403 3730 —
426 3689 534 3773 licuitne
556 3691 605 3772 qni
620 3688 654 3742 de
669 3689 765 3744 naresi
786 3689 824 3743 ad
846 3689 927 3758 ndens
944 3705 985 3744 vc·
1182 3710 1246 3766 (gp,
1267 3711 1354 3768 xmp·
1372 3742 1407 3752 -
1422 3715 1460 3767 pe
1473 3712 1630 3768 ,pp-smair,
1640 3728 1744 3784 panno,

438 3774 499 3814 nare
517 3760 685 3816 desiderant.

173 3853 229 3912 (En
252 3851 345 3909 concil.
361 3849 529 3916 Arelatem„
546 3863 605 3917 cap.
617 3848 656 3920 9.)
679 3847 708 3903 Si
722 3848 758 3904 ad
773 3848 922 3904 ecclesiam
937 3847 987 3904 ali·

138 3941 204 4012 quis
219 3942 254 3996 de
268 3939 372 3995 heresi
394 3940 512 4005 venerit,
531 3938 709 4010 interrogent
730 3954 797 3994 eum
813 3939 848 3994 de
870 3938 983 4009 Symbo·
1039 3904 1127 4004 luffit
1154 3904 1317 4004 chriusmffl
1342 3920 1473 4004 pinnum
1499 3907 1607 3962 imum
1638 3906 1724 3963 finisti
1747 3912 1776 3962 ⁰1
1802 3919 1878 3979 tuilf?

137 4030 177 4098 lo,
194 4035 224 4084 et
247 4029 271 4083 si
286 4027 412 4083 viderint
434 4042 499 4081 eum
516 4026 546 4080 in
570 4028 663 4094 Patre,
679 4031 708 4081 et
731 4027 812 4094 Filio,
828 4032 857 4082 et
878 4026 985 4098 Spiritu
1039 3994 1129 4048 “hum
1141 3994 1317 4066 mmmm
1333 3998 1456 4060 mmm·
1473 4010 1530 4049 ⁰⁰¹¹
1544 3999 1587 4051 ⁰⁵²
1603 3995 1771 4051 ³h⁸¹¹fd⁰ffl·

137 4121 236 4173 saneto
258 4133 319 4171 esse
342 4114 528 4184 baptizatum,
552 4130 654 4169 manus
676 4114 702 4168 ei
725 4119 837 4170 tantum
851 4115 1021 4191 impona-D
1040 4099 1103 4156 ΓΜ·
1119 4099 1194 4155 XCV·
1216 4129 1245 4139 -
1268 4099 1344 4166 OM
1359 4100 1541 4156 ⁰⁰⁸⁶⁶f¹¹⁴mffli
1559 4116 1619 4156 Μ)
1643 4101 1793 4173 bailiam
1807 4117 1878 4157 Μ·

137 4212 196 4272 tur,
212 4211 243 4260 nt
257 4204 378 4275 accipiat
391 4203 531 4274 Spiritum
546 4208 687 4258 sanctum.
1314 4171 1414 4240 ducali
1424 4187 1477 4225 ”⁰²²
1489 4170 1612 4226 debeam·

139 4313 201 4367 cir.
226 4311 278 4367 xo.
301 4340 336 4350 -
360 4311 401 4365 ue
418 4310 531 4376 seems,
556 4313 582 4365 ss
604 4311 790 4367 claranum
814 4311 986 4380 mancipium
1076 4278 1128 4346 (Β)
1147 4278 1241 4332 ⁶⁰⁷²⁶²'¹·
1266 4278 1400 4346 “bime
1431 4293 1491 4348 ΜΡ·
1517 4278 1554 4376 s.)
1578 4278 1783 4377 ‚mmmm
1805 4293 1878 4334 Μ·

447 4382 674 4449 mmmmm,
1040 4364 1143 4419 ducere
1170 4380 1230 4419 non
1244 4364 1349 4419 debent
1372 4381 1438 4420 cum
1453 4365 1612 4438 baptizatis,
1634 4382 1729 4440 neque
1758 4369 1876 4423 osculum

173 4469 229 4538 (Ec
243 4469 336 4523 cenail.
361 4468 438 4539 apud
455 4468 600 4536 Theogonis
624 4469 720 4523 uittam
739 4467 843 4532 habito,
868 4482 928 4538 cap.
944 4466 985 4539 4.)
1039 4452 1080 4507 ⁰1⁵
1095 4452 1174 4521 dare,
1191 4458 1298 4524 (Ιῦθῦῑο
1313 4453 1557 4525 ffli1¹¹¹³8⁰¹¹ffli⁸f

137 4557 244 4629 Siquis
268 4556 432 4611 ludaeorum
447 4555 639 4612 Christianum
661 4555 849 4626 mancipium,
873 4556 918 4611 vel
933 4571 985 4610 cu·
1181 4576 1245 4631 Cn,
1261 4577 1348 4633 XCVI·
1364 4608 1399 4618 ,,
1412 4580 1449 4632 D,
1463 4580 1595 4634 ,mg-„50
1606 4579 1743 4647 faciendo·

134 4646 253 4718 juslibet
282 4650 364 4700 sectae
383 4645 511 4711 alterius,
532 4643 635 4699 emerit
661 4647 689 4698 et
721 4643 939 4714 circumciderit,
968 4661 985 4699 a

134 4736 227 4791 Judoei
256 4734 346 4806 ipsius
376 4738 516 4805 potestate
542 4731 672 4787 sublatus
699 4731 731 4786 in
755 4732 888 4787 libertate
915 4749 985 4802 per-

135 4828 289 4970 qviqneqtd·
306 4941 340 4953 -
355 4911 427 4978 Quid
450 4915 559 4966 sanetas
577 4911 722 5036 {regorius
746 4909 779 4966 de
796 4909 898 4965 fadaia
911 4925 983 4981 pra·

170 5071 226 5142 (ΕΦ
249 5087 306 5140 γε),
339 5071 420 5139 (pm,
449 5070 487 5124 ag
504 4997 646 5124 effi&
676 5071 894 5123 Terracinensem
922 5071 984 5138 epi-
1135 5053 1199 5109 Car.
1217 5053 1318 5109 xcvii.
1332 5083 1367 5094 -
1383 5054 1589 5110 Deministerio
1605 5054 1791 5125 baptismatis.

135 5158 267 5229 scopam.)
300 5157 407 5229 loseph
437 5157 626 5229 presentium
655 5157 729 5212 lator
761 5157 878 5212 ludaeus
910 5156 984 5212 insi·
1074 5160 1238 5228 (Euomeret.
1263 5161 1398 5228 lingant,
1428 5175 1488 5231 cap.
1514 5161 1553 5232 9.)
1580 5161 1743 5232 Baptisterii
1769 5167 1883 5218 eleate-

135 5247 236 5302 nuavit
249 5246 331 5302 nobis
346 5246 381 5302 de
401 5247 465 5301 loeo
478 5247 615 5319 quodam,
629 5246 659 5299 in
675 5260 732 5316 quo
748 5244 785 5300 ad
800 5245 985 5301 celebrandas
1039 5247 1247 5303 chumenorum
1272 5249 1409 5304 ventilata
1431 5254 1473 5303 est
1488 5249 1574 5317 ratio,
1594 5254 1626 5303 ut
1640 5249 1802 5306 sacerdotes
1827 5253 1886 5323 ple·

134 5334 301 5391 festivitates
325 5351 391 5391 suas
409 5336 503 5392 tadei
525 5336 556 5391 in
580 5333 779 5391 Tarracinensi
801 5340 894 5389 castro
913 5349 984 5388 con·
1039 5335 1104 5391 nius
1117 5335 1281 5408 intelligant
1292 5335 1418 5410 qualiter
1430 5334 1581 5407 condignis
1594 5335 1744 5394 ordinibus
1759 5338 1886 5395 efficiant

135 5425 267 5480 sistentes
284 5425 437 5482 convenire
462 5428 678 5492 consueverant,
702 5424 780 5496 quod
794 5427 844 5479 tua
858 5439 907 5478 eos
926 5422 984 5479 fra-
1039 5424 1242 5481 Christianam.

1076 3816 1130 3888 (lic
1153 3817 1246 3871 concil.
1272 3817 1523 3886 aperuissemus,
1554 3803 1615 3888 cap.
1640 3820 1680 3889 8.)
1707 3818 1821 3890 Siquis
1842 3832 1878 3872 ve

1074 4680 1129 4751 (Ea
1154 4683 1248 4737 comit.
1276 4684 1404 4752 Romano,
1430 4700 1490 4754 cap.
1523 4682 1580 4755 15.)
1610 4686 1650 4740 lle
1680 4684 1819 4741 scrutinio
1843 4685 1879 4740 ia·

1039 4769 1140 4824 ciendo
1160 4769 1348 4840 decrevimus,
1372 4777 1404 4827 nt
1417 4772 1448 4827 in
1465 4772 1627 4845 episcopiis,
1651 4779 1679 4828 et
1699 4773 1749 4829 ubi
1765 4788 1879 4829 eonven-

1038 4862 1085 4912 tus
1099 4863 1142 4912 est
1164 4859 1275 4930 populi,
1292 4864 1321 4915 et
1341 4859 1421 4930 cleri,
1438 4865 1467 4916 et
1488 4861 1663 4932 possibilitas
1677 4863 1829 4934 permittit,
1845 4860 1881 4916 ibi

1038 4947 1206 5003 celebretur.
