3878 6112
441 297 683 360 DECRETORU!
703 300 796 360 lJlllll
815 302 868 361 xit
891 330 924 342 -
944 301 1049 359 tronti
1068 301 1207 358 rotans.
1647 308 1711 381 tot,

62 437 107 496 spe
120 421 242 495 questio
257 421 291 477 de
305 421 380 476 male
395 429 512 495 accepto
530 423 639 480 bonore
654 425 834 491 nascetur,A
923 423 988 479 Cor.
1002 423 1084 480 xvtt.
1098 453 1133 463 —
1148 423 1190 478 De
1204 424 1281 480 lotor
1296 440 1348 481 noo
1363 430 1460 482 temere
1471 428 1629 494 feriendum

62 509 157 583 abigat
180 525 365 582 nequaquam
391 516 420 565 et
440 510 476 566 ab
499 511 561 566 istis
585 528 648 568 esse
668 512 801 568 tribuen-
1203 496 1349 566 t’lli'⁸⁰(⁸l³⁰⁸·

62 599 115 657 nod
132 615 190 655 oon
205 598 342 653 doceatur
357 597 444 654 luisse
463 600 599 655 collatum
612 600 626 656 ι
640 600 669 656 Si
684 601 734 672 qui
748 616 800 655 au·
890 599 946 667 (En
965 601 1060 657 concil.
1086 598 1256 668 Sordiceosi,
1280 617 1341 672 cop.
1364 601 1422 670 ld.)
1447 603 1529 659 0sius
1552 604 1702 678 episcopus

62 687 128 743 erici
154 686 271 742 abistis
296 687 531 759 pseudepiscopis
551 687 582 742 in
603 688 645 743 cis
669 688 801 744 Ecclesiis
854 688 948 744 dixit:
975 689 1083 744 atnoe
1102 690 1297 745 necessarium
1323 690 1457 760 arbitror,
1484 695 1517 746 ut
1537 692 1702 764 diligentis-

62 776 165 845 isunt,
177 792 241 847 quae
251 775 286 831 ad
299 775 433 847 proprios
448 776 595 849 episcopos
605 776 798 848 pertinebant,
853 777 923 832 sime
939 777 1075 845 tractetis,
1096 777 1120 832 si
1133 777 1206 833 torte
1224 783 1273 833 ant
1298 778 1386 846 dives,
1410 785 1460 834 aut
1481 780 1644 837 scolasticus
1666 783 1701 838 de

62 864 137 920 natio
152 879 252 919 eorum
275 878 339 918 cnm
356 879 497 919 consensu
516 869 545 919 ct
564 865 685 920 consilio
700 866 800 936 prasi·
853 866 925 934 loro,
949 874 1000 922 ent
1021 882 1057 920 ex
1076 858 1309 922 administratore
1336 867 1485 939 episcopus
1500 868 1586 926 luerit
1607 876 1724 942 postu·-

60 968 82 1008 n
100 952 173 1007 lacta
188 955 241 1017 est,
254 955 347 1022 potest
361 954 422 1006 rata
438 951 549 1019 haberi,
573 954 613 1008 ita
635 956 667 1007 ut
685 952 716 1009 in
730 953 800 1025 ipsis
852 954 938 1019 latus,
953 955 988 1009 nt
1004 969 1064 1008 non
1087 955 1168 1024 prius
1192 955 1353 1022 ordinetur,
1369 955 1425 1011 nisi
1448 960 1515 1012 ante
1539 962 1568 1013 et
1586 958 1702 1014 lectoris

62 1045 280 1115 aperseverent.
298 1040 389 1096 Aliter
404 1045 498 1096 antem
512 1058 585 1097 vena
609 1041 740 1097 habenda
756 1046 800 1097 est
852 1057 984 1112 monere,
1001 1046 1031 1097 et
1044 1034 1139 1098 ollicio
1154 1042 1267 1099 diaconi
1281 1049 1332 1098 aut
1345 1044 1505 1116 presbyteri
1518 1045 1616 1114 luerit,
1637 1064 1702 1120 per·

62 1130 135 1198 'atio,
152 1129 221 1202 quia
236 1144 288 1184 nec
311 1130 373 1185 loco
394 1129 512 1185 lundata
528 1134 580 1197 est,
607 1144 660 1185 nec
674 1131 798 1186 auctori·
850 1130 966 1187 iunctus
983 1146 990 1186 :
1006 1135 1034 1185 et
1048 1131 1088 1185 ita
1102 1146 1154 1203 per
1167 1130 1296 1203 singulos
1309 1131 1425 1202 gradm,
1441 1132 1465 1187 si
1484 1132 1588 1205 dignus
1602 1134 1700 1202 luerit,

62 1220 142 1276 inita.
851 1219 987 1274 ascendat
1005 1218 1041 1272 ad
1068 1218 1183 1273 culmen
1204 1218 1396 1292 episcopatus.
1422 1221 1519 1276 Potest
1541 1221 1619 1277 enim
1649 1238 1703 1294 per

62 1326 142 1383 [1.—
164 1326 243 1393 Quod
267 1326 359 1380 nunu,
380 1325 507 1380 ordinm·
526 1328 668 1399 episcopm
691 1326 796 1395 degeat,
851 1306 903 1361 bas
929 1306 1138 1376 promotiones,
1169 1323 1234 1379 qure
1258 1307 1406 1363 habebunt
1432 1309 1533 1380 utique
1555 1309 1701 1381 prolixum

224 1398 282 1452 oiri
294 1412 328 1451 ec
341 1398 522 1452 concentione.
851 1398 975 1466 tempus,
990 1394 1108 1466 probari
1129 1412 1186 1467 qua
1201 1395 1257 1451 lide
1272 1394 1318 1463 sit,
1334 1412 1392 1468 qua
1406 1396 1555 1466 modestia,
1573 1414 1629 1470 qua
1638 1415 1701 1471 gra-

62 1500 126 1540 roao.
142 1484 298 1553 Aurelium,
309 1500 369 1554 cup.
390 1488 430 1552 t.)
446 1485 549 1540 Nullus
563 1488 606 1539 cst
619 1484 798 1541 ordinandus
850 1482 937 1538 vitate
953 1487 982 1538 et
999 1483 1191 1550 verecundia;
1213 1487 1242 1538 et
1262 1483 1286 1538 si
1310 1483 1417 1555 dignos
1441 1483 1529 1539 luerit
1551 1486 1700 1555 probatos,

62 1590 112 1643 tus,
129 1573 184 1629 nisi
208 1574 369 1628 convocatis
383 1573 495 1629 clericis
508 1578 538 1629 et
559 1573 752 1645 parochianis,
769 1579 798 1630 ct
850 1571 947 1627 divino
973 1571 1133 1628 sacerdotio
1156 1571 1340 1628 illustretur:
1362 1571 1431 1644 quie
1449 1572 1620 1629 conveniens
1642 1590 1701 1630 non

62 1678 86 1718 m
101 1661 356 1719 consentientibus.
812 1663 902 1755 Best,
934 1676 987 1716 nec
1011 1659 1085 1716 ratio
1107 1660 1151 1715 vel
1166 1659 1318 1732 disciplina
1341 1660 1461 1731 patitur,
1485 1665 1519 1716 ut
1541 1664 1649 1717 temere
1673 1667 1703 1717 et

62 1768 102 1824 [ῃ.
116 1797 154 1811 ,
167 1771 205 1824 D,
218 1768 274 1822 pp,
298 1771 348 1838 q„-
361 1770 499 1838 accipiunt
520 1771 656 1836 ,emmim
669 1770 797 1825 mm,
852 1746 951 1803 leviter
969 1747 1119 1804 ordinetur
1139 1751 1190 1803 aut
1212 1747 1373 1820 episcopus,
1399 1752 1449 1803 aut
1472 1747 1632 1821 presbyter,
1650 1756 1703 1806 aot

62 1855 89 1895 m
102 1846 129 1895 ct
147 1843 254 1895 cunctor
267 1840 344 1907 (mro
359 1839 490 1910 superbire
502 1839 715 1909 parvipendunt.
850 1834 999 1903 diaconus,
1019 1835 1070 1908 qni
1083 1834 1245 1907 neophytus
1260 1841 1304 1891 est
1318 1851 1326 1906 ;
1342 1835 1467 1892 maxime
1481 1851 1547 1892 com
1563 1841 1591 1892 et
1612 1839 1702 1910 magi-

62 1943 133 1996 omer
156 1928 224 1982 dicit
240 1930 269 1995 z)
296 1927 417 1992 Quidam
445 1934 592 1999 assumpta
616 1928 741 1984 Ecclesia
768 1933 798 1984 et
851 1926 910 1978 ster
924 1921 1055 1995 gentium
1071 1923 1173 1979 beatus
1189 1924 1337 1995 apostolus
1356 1924 1472 1991 Paulus,
1493 1941 1529 1980 ne
1551 1926 1605 1981 hoc
1620 1925 1702 1982 fleret

62 2015 164 2071 divinis
188 2016 344 2083 elevantur,
370 2019 398 2071 et
420 2021 538 2071 cunctos
558 2016 633 2072 fastu
654 2017 797 2088 superbire
851 2011 1036 2068 denuntiasse
1061 2016 1089 2067 et
1103 2010 1284 2083 prohibuisse
1298 2011 1441 2082 videatur,
1464 2014 1513 2068 sed
1528 2012 1559 2068 hi
1576 2029 1701 2085 quorum
1817 2057 1820 2068 .

62 2104 185 2162 endunt:
210 2104 241 2159 bi
264 2120 348 2159 canes
363 2105 454 2176 magis
470 2120 558 2177 quam
575 2105 719 2179 principes
741 2122 797 2163 no·
850 2113 903 2169 per
931 2099 1051 2172 longum
1074 2101 1188 2170 tempus
1210 2098 1373 2154 examinata
1393 2100 1430 2155 sit
1452 2099 1519 2168 rita,
1544 2104 1574 2156 et
1599 2100 1701 2157 merita

64 2209 108 2249 nr.
850 2186 960 2243 luerint
974 2187 1171 2258 comprobata.

62 2294 96 2351 [l.
114 2323 149 2333 -
164 2292 274 2348 Deillis
287 2294 480 2364 episcopisqut
494 2292 634 2363 superbire
648 2294 795 2363 incipiunt.
870 2294 935 2350 Gor.
951 2293 1047 2349 lllllll.
1069 2324 1106 2333 —
1129 2292 1208 2358 Quod
1228 2307 1280 2363 per
1308 2292 1412 2360 produc
1435 2293 1626 2350 ecclesiatiscos
1646 2294 1684 2350 od

62 2363 138 2420 dictis
159 2365 288 2431 Gregorii
298 2378 379 2433 popae
401 2369 427 2418 et
447 2365 563 2434 apostoli
581 2364 684 2434 Pauli.)
698 2365 797 2419 llumi·
985 2366 1156 2435 episcopatos
1170 2364 1265 2419 debem
1282 2366 1404 2433 osticium
1415 2367 1563 2435 perueniri.

62 2454 83 2507 rt
105 2466 166 2506 esse
190 2450 345 2523 episcopus.
362 2451 489 2507 Gradum
504 2452 581 2507 enim
597 2452 797 2507 mansuetudi-
886 2452 944 2520 (Ec
966 2453 1038 2508 decr.
1054 2453 1157 2510 coust.
1181 2468 1264 2523 popae
1277 2452 1432 2509 Galliarum
1444 2454 1577 2523 episcopie
1596 2454 1698 2520 missis,

62 2536 119 2610 ipit,
144 2554 204 2593 non
228 2539 381 2610 soperbiae.
407 2541 512 2595 Paulus
527 2540 617 2596 dicit:
645 2542 730 2596 llccct
742 2541 796 2596 bu·
850 2555 912 2596 coo.
929 2539 983 2612 ld.)
996 2540 1148 2597 ordinatos
1163 2556 1229 2596 uero
1244 2540 1393 2612 quosdam,
1410 2540 1511 2596 iratres
1528 2540 1700 2611 charissimi,

62 2627 232 2683 ibominem
244 2633 426 2684 mansuetum
443 2645 513 2697 esse,
535 2645 592 2684 noo
611 2629 729 2697 elotum,
745 2646 798 2685 nec
851 2628 1010 2700 episcopos,
1025 2628 1076 2700 qui
1090 2628 1178 2684 nullis
1196 2628 1391 2684 ecclesiasticis
1403 2627 1553 2685 ordinibus
1568 2631 1601 2685 ad
1614 2634 1701 2685 tantm

62 2731 116 2770 nm.
851 2715 1000 2788 dignitatis
1013 2716 1160 2789 fastigium
1176 2716 1283 2772 inerint
1310 2716 1445 2785 instituti,
1463 2722 1563 2773 contra
1582 2719 1700 2773 Petrum

61 2822 92 2878 v,
115 2852 150 2861 -
173 2822 255 2888 Quod
277 2821 461 2878 ordimem„
483 2825 669 2894 ,ppgcopomm
692 2829 798 2895 apog„
852 2804 975 2871 decreta,
995 2804 1082 2876 hujus
1093 2805 1280 2877 usurpatione
1291 2804 1342 2878 qui
1352 2820 1382 2860 se
1394 2805 1449 2860 hoc
1464 2806 1644 2877 recognoscit
1658 2808 1699 2863 te·

62 2896 221 2949 oumorttote
251 2897 393 2949 ocuoctts
415 2894 634 2965 prouincialibus
661 2897 723 2965 lteri
750 2897 798 2952 de·
851 2891 1701 2968 cissedidicimus3cumadepiscopatumhisgradibnsqoi·

62 2969 66 2993 ⁸
812 2974 905 3036 Gbus
919 2980 1152 3052 frequentissime
1174 2986 1292 3038 centnm
1312 2986 1355 3037 est
1368 2981 1473 3039 debeat
1491 2983 1646 3056 perveniri,
1667 2990 1701 3040 ut

62 3071 167 3141 ptrtolo
180 3072 304 3128 incolo.
324 3086 406 3142 popa
418 3074 522 3141 scripto
543 3074 676 3144 episcopis
697 3075 794 3144 ltaliae,
850 3068 1013 3126 minoribns
1023 3069 1129 3126 initiati
1142 3069 1253 3136 olflciis,
1267 3071 1301 3126 ad
1314 3071 1596 3142 majoratlrmentur.
1613 3072 1701 3129 llebct

62 3160 129 3231 ooo.)
159 3159 360 3216 Ordinationes
392 3160 593 3232 episcoporum
629 3163 795 3219 anctoritate
850 3159 929 3214 enim
942 3161 1027 3214 antea
1042 3174 1103 3214 esse
1117 3159 1275 3230 discipulus
1290 3159 1423 3232 quisquis
1437 3159 1537 3215 doctor
1552 3176 1613 3217 esso
1628 3163 1701 3218 desi·

62 3247 103 3303 ica
125 3247 161 3302 ab
185 3248 318 3304 omnibus
341 3248 391 3321 qui
417 3248 448 3303 in
470 3249 570 3304 eadem
592 3250 701 3307 luerint
730 3268 796 3324 pro-
850 3246 939 3312 derat,
953 3253 985 3302 ut
993 3245 1084 3320 possit
1092 3245 1193 3302 docere
1211 3247 1287 3318 quod
1304 3246 1414 3302 didicit.
1429 3247 1529 3303 Omnis
1540 3248 1607 3304 vite
1617 3249 1700 3305 insti·

66 3339 134 3395 sunt
159 3335 347 3403 celebrandae,
388 3336 439 3408 qui
467 3336 554 3392 simul
583 3338 795 3409 convenientes,
850 3334 924 3391 tutio
938 3334 992 3391 hac
1007 3335 1042 3391 ad
1061 3334 1091 3391 id
1114 3349 1172 3406 qno
1186 3335 1280 3391 tendit
1295 3350 1325 3391 se
1340 3335 1452 3392 ratione
1467 3337 1629 3393 confirmat.
1646 3339 1700 3404 oni

62 3421 119 3478 inm
133 3422 288 3494 diligenter
307 3429 402 3495 agant,
419 3424 624 3497 jejuniumque
644 3442 709 3483 curn
723 3443 794 3483 con·
851 3423 971 3480 minime
985 3422 1088 3479 litteris
1103 3438 1222 3494 operam
1232 3423 1354 3493 dederit,
1366 3430 1529 3496 preceptor
1539 3442 1596 3481 non
1607 3431 1701 3499 potest

62 3509 272 3583 ibnaprecibus
287 3511 442 3580 celebrent,
467 3518 496 3568 et
519 3530 622 3569 manus
644 3530 710 3570 curn
733 3532 796 3571 san·
850 3525 910 3565 esse
923 3511 1093 3567 litterarum.
1108 3510 1162 3575 Oui
1186 3527 1245 3565 non
1261 3527 1313 3582 per
1341 3511 1454 3582 singola
1472 3513 1614 3586 stipendia
1638 3530 1699 3569 cre·

64 3599 185 3671 angeliis
207 3615 272 3672 quae
300 3601 484 3672 predicaturi
510 3607 578 3659 sunt
600 3603 793 3675 imponentes,
849 3599 932 3669 verit,
964 3598 1000 3654 ad
1027 3599 1162 3654 meritum
1192 3598 1327 3670 stipendii
1355 3600 1487 3655 ordinem
1519 3616 1579 3656 non
1606 3606 1700 3674 potest

62 3704 97 3745 ‚ca
116 3688 162 3744 die
183 3690 255 3746 bora
269 3691 354 3745 tertia
368 3696 492 3760 orantes,
509 3706 645 3764 sacraque
660 3692 795 3747 unctione
849 3686 1009 3760 pervenire.
1025 3685 1124 3743 Solum
1138 3686 1327 3743 sacerdotium
1350 3686 1426 3742 inter
1440 3688 1503 3756 ista,
1527 3704 1598 3761 rogo
1613 3689 1698 3747 vilius

62 3778 301 3849 opropheterum
319 3783 471 3850 etregum,
491 3779 584 3850 capite
599 3794 699 3834 eorum
715 3794 794 3837 more
850 3781 916 3845 est,
943 3775 1020 3848 quod
1048 3774 1161 3830 facilius
1188 3773 1347 3842 tribuitur,
1376 3791 1442 3831 cum
1470 3776 1615 3833 difficilius
1643 3778 1699 3834 im-

62 3878 143 3919 orum
157 3869 186 3919 ct
200 3865 270 3921 llosi
285 3874 424 3938 ungentes
440 3882 448 3921 r
464 3867 532 3938 quia
556 3867 649 3922 omnis
670 3867 794 3923 mactill-
848 3861 986 3936 plentur?

62 3956 147 4007 instat
172 3952 203 4008 in
225 3953 332 4025 Spiritu
355 3959 463 4022 sancto,
489 3954 570 4025 cnjus
590 3955 681 4010 virtus
695 3955 792 4010 invisi·
850 3970 914 4026 eff,
930 3969 994 4025 χιχ,
1019 3997 1054 4009 -
1081 3969 1115 4024 m
1134 3967 1233 4023 laicam
1255 3970 1465 4025 mmmmm
1491 3985 1545 4026 πω,
1569 3975 1697 4044 accipiat,

62 4043 137 4096 racto
154 4044 195 4095 est
218 4040 371 4096 chrismato
386 4041 577 4113 promulgata,
592 4043 647 4097 boc
672 4043 729 4098 ritu
750 4060 793 4098 so
957 4041 1006 4110 qut
1014 4054 1063 4109 per
1077 4038 1251 4094 ambitionem
1259 4042 1444 4111 episcopatum
1453 4045 1595 4113 occeperit.

62 4127 467 4219 rcelebrentordinutionem.
492 4127 613 4192 Quodsi
638 4144 737 4183 omnes
755 4129 793 4183 si·
884 4128 939 4199 (Ec
963 4128 1057 4183 concil.
1087 4127 1253 4195 sardicensi,
1279 4141 1339 4201 cop.
1363 4127 1408 4201 2.)
1438 4128 1521 4184 osius
1547 4131 1698 4202 episeopus

62 4218 188 4273 cnvenire
212 4217 499 4289 minimepotuerint,
529 4231 677 4271 assensum
696 4221 829 4314 temenD
848 4216 941 4272 dixit:
967 4214 1060 4271 Etiam
1080 4215 1104 4270 si
1124 4215 1190 4271 talis
1205 4215 1310 4288 aliquis
1325 4216 1450 4273 extiterit
1471 4220 1652 4288 temerarius,
1668 4226 1700 4276 ut

62 4305 152 4362 mitris
176 4311 206 4361 et
228 4304 340 4375 scriptia
361 4304 517 4376 praebeant,
534 4308 566 4358 ut
580 4304 616 4359 ab
631 4304 693 4376 ipsa
716 4304 791 4359 ordi·
849 4304 978 4360 fortassis
1013 4304 1101 4359 talem
1142 4305 1356 4361 excusationem
1399 4305 1521 4362 allcrens
1558 4316 1700 4365 asseveret

62 4395 177 4450 tanimo
201 4409 260 4448 non
283 4392 386 4448 desint.
401 4394 489 4448 Porro
514 4397 541 4448 et
564 4391 794 4464 Hierosolymita·
848 4393 925 4466 quod
941 4392 1050 4448 litteras
1066 4393 1166 4465 populi
1191 4394 1342 4467 acceperit,
1368 4411 1433 4450 cum
1457 4395 1642 4454 manilestum
1662 4400 1699 4454 sit

63 4480 156 4537 rimus
181 4479 415 4552 archiepiscopus
442 4479 543 4535 beatus
567 4480 714 4544 lacobus,
743 4478 793 4552 qui
846 4480 1085 4553 potuisseplorcs
1099 4482 1262 4552 promicet
1283 4483 1414 4539 mercede
1434 4485 1582 4556 corrumpi
1597 4502 1696 4542 eorum

62 4568 214 4637 dicebatur,
234 4568 563 4625 ctsccundumcarnem
580 4566 694 4623 Domini
717 4583 794 4622 nun·
848 4570 898 4641 qui
921 4569 1063 4624 sinceram
1088 4569 1176 4624 tidem
1202 4586 1262 4624 non
1285 4571 1403 4637 habent,
1430 4576 1462 4626 ut
1487 4573 1644 4629 clamarent
1667 4575 1699 4630 in

62 4657 234 4725 restitutor,
251 4673 267 4711 a
284 4656 496 4723 Petro,tacobo
516 4656 667 4711 ottoanoe
682 4661 793 4727 aposto·
848 4657 976 4724 ecclesia,
1011 4663 1040 4713 et
1068 4657 1164 4730 ipsum
1191 4663 1289 4730 petere
1318 4658 1486 4715 viderentur
1518 4661 1696 4733 episcopum,

62 4745 220 4811 ordinatus,
234 4744 445 4800 successoribus
460 4743 595 4799 videlicet
610 4743 710 4798 dantes
731 4743 793 4799 lor·
847 4744 966 4800 omnino
981 4743 1032 4800 bas
1055 4744 1170 4800 fraudes
1184 4744 1362 4800 damnandas
1377 4762 1438 4801 esse
1453 4747 1589 4817 arbitror,
1606 4749 1645 4803 ita
1666 4754 1699 4823 ut

62 4848 155 4900 orum,
170 4837 202 4886 ut
217 4831 313 4888 minus
332 4847 419 4903 quam
436 4848 454 4887 a
471 4831 566 4887 tribus
587 4829 729 4903 episcopis
747 4846 793 4886 re·
848 4849 901 4888 nec
921 4833 1023 4889 laicam
1037 4832 1068 4888 in
1091 4832 1149 4888 line
1172 4832 1408 4889 communionem
1428 4834 1493 4889 talis
1515 4836 1643 4907 accipiat.
1669 4836 1698 4892 Si

62 4937 89 4979 re
105 4920 240 4976 omnibns
255 4935 403 4976 assensum
418 4918 615 4991 prebentibus
629 4920 794 4975 nullalenus
848 4921 929 4978 vobis
953 4921 1088 4978 omnibus
1110 4922 1214 4993 placet,
1237 4922 1365 4978 statuite.
1381 4923 1511 4995 Synodus
1525 4924 1698 4996 respondit:

62 5025 104 5080 nr,
132 5015 161 5065 et
189 5025 255 5065 cunr
284 5009 431 5065 commoni
458 5014 523 5065 voto
551 5008 693 5065 ordinatio
719 5007 792 5064 ccle-
848 5012 952 5067 Placet

847 5117 912 5175 Cor.
926 5117 979 5173 llll.
1000 5146 1030 5157 -
1054 5117 1131 5188 Quod
1146 5118 1287 5188 episcopos
1306 5132 1362 5173 esec
1382 5133 1436 5173 ooo
1452 5119 1539 5190 possit
1566 5120 1625 5189 qui,
1649 5135 1697 5176 oc·

62 5203 98 5260 pp,
115 5232 150 5246 ..
163 5204 204 5261 Ne
218 5204 305 5258 rapu,
320 5206 370 5273 pap
391 5204 532 5273 episcopm
553 5208 617 5258 ame
634 5219 689 5258 m
708 5218 793 5259 (mm,
966 5189 1065 5243 criente
1077 5189 1282 5258 metropolitano
1296 5194 1465 5245 consecretur
1478 5192 1574 5255 suerit.
1667 5243 1670 5249 .

153 5279 253 5330 etoote
267 5278 334 5329 oooi
348 5277 586 5330 cooperationem.
882 5277 943 5346 (Ec
966 5276 1059 5332 concil.
1084 5277 1250 5344 Arelatensi,
1273 5293 1334 5347 cop.
1351 5280 1390 5346 6.)
1413 5277 1488 5332 lllod
1510 5283 1607 5334 autem
1630 5285 1698 5336 ante

62 5365 156 5421 concil
183 5364 348 5431 Arelatensi,
375 5379 435 5419 coo.
464 5365 504 5435 7.)
526 5363 710 5435 Episcopatus
726 5378 793 5419 vero
825 5410 831 5418 .
847 5363 947 5420 omnia
964 5362 1063 5430 claret,
1080 5363 1157 5434 qnod
1180 5380 1246 5419 eum
1268 5365 1319 5435 qni
1336 5364 1397 5420 sine
1412 5365 1575 5422 conscentia
1589 5373 1699 5442 metro-

62 5450 325 5525 rbyteriibonorem
341 5452 438 5507 nullus
452 5451 541 5506 laicus
555 5454 621 5506 ante
636 5450 705 5506 unni
724 5466 793 5508 con·
847 5450 970 5526 politani
988 5450 1159 5507 consulatus
1182 5451 1269 5508 luerit
1282 5451 1444 5525 opiscopus,
1465 5453 1548 5526 juxta
1561 5471 1697 5528 magnam

62 5555 148 5611 lnam,
162 5540 208 5597 vel
223 5544 290 5596 anta
302 5539 424 5612 triginta
437 5554 528 5596 annos
541 5538 673 5612 accipiat.
848 5539 992 5614 synodum
1007 5553 1070 5598 esse
1084 5539 1251 5613 episcopum
1267 5557 1325 5597 non
1339 5541 1454 5599 debere.

125 5645 265 5714 Parnon.
291 5645 380 5713 CXL.
713 5713 718 5719 ,
1302 5661 1304 5664 ·
1500 5654 1543 5715 ¹8
