3878 6112
81 253 147 307 tlt-lt
618 243 818 301 abacelam
837 242 1103 299 wonltnmattsts
1124 241 1290 299 aristote.
1765 245 1831 297 tute

80 375 130 449 qui
145 374 224 447 prius
238 371 394 445 peccatoris
415 370 502 425 vitam
522 369 642 437 necavit,
671 367 825 423 custodivit
852 367 968 438 post-ll
985 382 1111 437 namque
1127 382 1293 437 corporeus,
1311 370 1342 420 ut
1369 372 1430 421 esse
1454 365 1548 420 valeat
1571 365 1647 436 ignis
1662 407 1670 433 ‚
1688 366 1834 438 corporeis

80 464 199 520 modum
215 463 336 518 cadaver
347 459 428 532 justi.
982 454 1094 525 indiget
1107 454 1252 508 lomentis.
1268 453 1323 520 Qui
1347 469 1412 508 cum
1434 470 1548 508 necessa
1564 459 1608 509 est
1632 460 1666 509 ut
1692 460 1833 519 servetur,

117 546 892 615 Cur.LXXVlll.-Quadratae-ismorsltutsioemorta.
983 560 1034 615 per
1049 542 1271 614 congestaligna
1284 543 1383 613 procul
1403 541 1491 597 dubio
1506 543 1645 611 nutritur,
1677 559 1732 597 uec
1764 542 1836 597 valet

119 641 296 712 (drepanio
315 640 372 693 sals
397 636 495 691 Morol.
521 634 621 704 dicim)
651 633 695 689 Fit
724 649 792 704 ergo
818 631 930 686 miseris
984 631 1039 685 nisi
1068 646 1218 686 succensus
1245 648 1314 689 ease.
1343 629 1439 684 etnisi
1466 630 1574 685 refotus
1599 629 1770 684 subsistere.
1802 633 1835 684 itt

83 743 162 782 mors
176 727 236 781 sine
248 731 350 789 morta,
367 723 433 778 linis
455 721 515 775 sine
534 721 777 791 detunctuzquia
798 726 828 775 et
853 735 931 774 mors
984 725 1083 774 contra
1102 719 1241 790 gebenna,
1259 718 1413 789 igniscum
1440 717 1478 773 sit
1501 734 1670 789 corporeus,
1701 724 1731 773 et
1761 718 1836 772 inse

84 813 165 881 vivit,
191 819 219 866 et
246 813 312 866 linis
337 825 451 880 semper
474 808 585 880 incipit,
600 814 630 862 et
644 807 765 863 delicere
780 807 931 863 defunctus
984 808 1084 861 missos
1116 806 1472 877 reprobos.corporaliter
1509 812 1621 872 exurat,
1653 823 1709 861 nec
1743 805 1836 860 studio

85 903 184 957 nescit.
202 900 384 971 Quiaigitur,
399 897 682 968 etmorsperimitet
700 913 758 952 non
780 896 929 966 extinguit,
984 897 1111 952 humano
1145 895 1337 963 succenditur,
1376 911 1429 950 nec
1470 896 1557 969 lignis
1589 897 1758 951 nutritur:
1791 896 1836 949 sed

85 991 168 1046 dolor
182 988 299 1054 cruciat,
315 989 363 1042 sed
380 987 545 1040 nullatenus
559 1002 692 1056 pavorem
708 985 798 1057 lugat,
814 984 932 1040 flamma
985 990 1095 1040 creatus
1115 985 1203 1038 semel
1224 985 1308 1038 durat
1325 984 1563 1054 inextinguibilis,
1594 992 1624 1039 et
1649 985 1836 1039 succensione

85 1078 238 1142 comburit,
255 1078 304 1130 sed
320 1090 502 1146 nequaqnam
521 1075 651 1128 tenebras
672 1073 789 1128 decutit.
985 1089 1043 1129 nou
1059 1073 1179 1144 indiget,
1194 1077 1223 1127 et
1236 1072 1337 1128 ardore
1353 1089 1410 1128 non
1427 1077 1512 1129 caret.
1540 1075 1615 1128 Bene
1640 1090 1714 1146 ergo
1736 1074 1773 1129 de
1788 1074 1837 1127 boc

86 1167 150 1222 Car.
178 1162 934 1231 Llllilll.-Ouodtutulemopeccotorlbusodcoaso·
985 1160 1086 1232 iniquo
1102 1161 1228 1216 dicitur:
1249 1161 1398 1215 llevorabit
1423 1177 1489 1215 eom
1511 1160 1586 1230 ignis
1609 1161 1662 1232 qui
1683 1178 1745 1215 non
1776 1177 1837 1214 sne-

140 1252 878 1322 tntlonemiqulsnouluceat,sedutmopistorqueat.
986 1251 1144 1305 cenditur:
1179 1249 1247 1320 qnia
1275 1249 1487 1319 Omnipotentis
1516 1250 1639 1321 justitio,
1674 1251 1836 1305 ltttnrorum

122 1343 242 1412 (Gregor.
260 1346 289 1395 iu
311 1344 369 1396 suls
384 1342 481 1396 Morol.
502 1340 570 1394 dicit
587 1339 606 1409 :l
627 1339 762 1404 Quamvis
785 1339 844 1393 illic
857 1338 933 1409 ignis
987 1337 1115 1411 praescia,
1132 1337 1241 1408 abipsa
1255 1337 1355 1391 mundi
1370 1337 1482 1408 origine
1497 1339 1639 1409 gehennae
1656 1339 1837 1411 ignemcres·

87 1433 166 1486 etad
186 1430 412 1485 consolationem
440 1430 597 1495 nonlucel,
626 1435 753 1483 attamen
782 1434 814 1482 ul
843 1428 933 1498 magis
988 1427 1028 1482 vit
1045 1443 1051 1481 :
1069 1425 1159 1497 quiin
1176 1442 1258 1494 poena
1285 1424 1473 1496 reproborum
1498 1442 1559 1480 esse
1588 1428 1680 1480 semel
1711 1425 1837 1497 incipiet,

87 1525 229 1591 torqueat,
246 1519 279 1574 ad
301 1518 412 1589 aliquid
429 1518 513 1571 lucet.
543 1518 613 1571 Nam
642 1533 777 1588 sequaces
805 1531 934 1587 quosque
988 1515 1038 1571 sed
1054 1515 1184 1570 ardorem
1201 1530 1284 1568 suum
1296 1513 1382 1568 etiam
1400 1513 1462 1569 sine
1478 1514 1563 1586 lignis
1578 1531 1733 1585 nunquam
1751 1515 1837 1570 finiet.

88 1625 155 1664 suos
169 1623 265 1662 secum
282 1608 311 1661 in
328 1612 472 1662 tormento
488 1606 603 1676 reprobi
630 1604 747 1659 flamma
771 1605 933 1660 illustrante
951 1651 970 1703 B
989 1603 1141 1659 Sciendum
1153 1618 1220 1657 vero
1246 1607 1298 1669 est,
1328 1602 1406 1674 quod
1436 1619 1535 1657 omnes
1564 1603 1692 1675 reprobi,
1721 1604 1790 1675 qnia
1814 1608 1840 1658 et

88 1695 177 1750 visuri
192 1702 268 1760 sunt,
285 1709 409 1765 quorum
439 1691 760 1762 amorsdeliquerunt:
794 1696 935 1762 quatenus
990 1691 1580 1762 inanimasimuletcaruepecceveruut‚
1606 1691 1670 1746 illic
1691 1693 1724 1746 in
1746 1693 1839 1747 anima

89 1783 139 1854 qui
155 1797 255 1836 eorum
272 1782 359 1835 vitam
381 1781 535 1834 carnaliter
550 1786 648 1834 contro
665 1784 807 1850 praecepla
831 1779 935 1834 Condi·
990 1785 1019 1835 et
1032 1795 1116 1834 carne
1130 1780 1240 1850 pariter
1254 1779 1427 1834 cruciantur.

90 1870 161 1927 toris
187 1873 366 1938 amaverunt,
382 1868 510 1939 ipsorum
533 1885 649 1940 quoque
675 1884 723 1922 eos
747 1867 878 1923 interitus
905 1868 936 1922 iu
991 1886 1204 1942 smpfflxppp
1222 1887 1838 1954 -cpraupmagncorporemanmstgew,

90 1963 247 2030 augmento
262 1974 321 2013 sure
335 1956 651 2028 dantnationisalssigat.
1239 1957 1316 2011 diens
1328 1957 1419 2012 videri
1428 1972 1480 2010 nort
1490 1959 1586 2025 possit.

293 2046 358 2100 Car.
375 2046 468 2101 Lllllll.
485 2075 520 2086 —
535 2046 576 2099 Da
589 2045 681 2099 endem
692 2059 735 2100 re.
1027 2045 1099 2111 Quid
1118 2044 1234 2111 mirum,
1249 2046 1341 2110 Patre,
1363 2044 1386 2098 si
1409 2044 1603 2116 egredientem
1637 2044 1768 2099 animam
1783 2060 1837 2098 non

125 2135 251 2203 (arena.
269 2137 299 2188 in
312 2137 370 2189 sais
391 2133 493 2189 Moral.
518 2132 717 2200 dicil218icut
745 2148 813 2203 ergo
842 2132 938 2187 electis
991 2133 1098 2199 vidisti,
1114 2149 1201 2205 quam
1219 2136 1248 2187 et
1269 2137 1433 2188 manentem
1458 2132 1487 2186 in
1510 2148 1634 2203 corpore
1659 2149 1720 2187 nou
1745 2133 1838 2187 rides?

90 2223 166 2295 ignis
180 2223 282 2277 ardere
295 2221 374 2277 novit
386 2221 421 2276 ad
435 2221 580 2286 solatium,
605 2226 633 2275 et
646 2226 743 2276 tamen
770 2221 871 2276 ardere
902 2221 937 2277 ad
992 2221 1199 2292 Ntrnqnidnam
1233 2221 1318 2276 modo
1347 2238 1411 2276 cum
1454 2237 1567 2276 mecum
1602 2221 1747 2294 loqueris,
1776 2222 1838 2293 quis

91 2310 263 2383 supplicium
281 2310 445 2365 nescitzita
470 2325 485 2362 a
513 2308 623 2363 diverso
653 2310 792 2379 geltennae
822 2308 937 2364 flamma
993 2310 1087 2363 videre
1101 2309 1133 2363 in
1150 2325 1195 2363 me
1208 2324 1266 2363 non
1284 2309 1360 2363 vales
1376 2308 1502 2364 animam
1528 2325 1633 2376 meam,
1666 2308 1776 2363 idcirco
1797 2323 1838 2362 ms

90 2399 233 2470 reprobis,
249 2397 563 2468 etnequaquamlucet
585 2397 621 2452 ad
642 2397 849 2451 consolationis
873 2415 937 2469 gra·
992 2414 1053 2452 esse
1070 2397 1232 2452 exanimem
1257 2397 1367 2452 credis?
1394 2399 1500 2451 Natura
1529 2397 1639 2468 quippe
1666 2398 1774 2452 animae
1796 2397 1838 2450 in·

91 2485 939 2556 tiam,ettameulucotadpoeuam:uldamuatorumoculis
992 2485 1112 2540 visibilis
1144 2489 1195 2552 est,
1230 2489 1316 2556 etque
1348 2485 1387 2538 ita
1420 2501 1454 2539 ex
1504 2500 1622 2555 corpore
1662 2484 1840 2538 invisibiliter

92 2574 276 2646 supplicium,
293 2574 415 2628 etnulla
439 2572 720 2641 charitatecandeat,
748 2579 777 2628 et
800 2574 836 2627 ad
863 2573 939 2629 dolo·
993 2575 1138 2646 egreditur
1149 2573 1222 2629 sicul
1237 2574 1267 2629 in
1285 2589 1403 2645 corpore
1413 2573 1594 2628 invisibiliter
1605 2578 1716 2628 manet.
1735 2574 1838 2628 Petrus:

92 2663 132 2719 ris
147 2664 296 2719 cumulum
312 2662 436 2734 qualiter
452 2662 616 2716 cruciantur
634 2663 775 2728 ostendat,
796 2662 869 2727 Quid
892 2663 938 2719 hic
993 2664 1046 2719 Sed
1063 2665 1150 2719 vitam
1167 2663 1271 2718 anima
1286 2661 1316 2717 iu
1327 2678 1446 2734 corpore
1467 2662 1609 2717 manentis
1635 2676 1761 2734 pensare
1777 2679 1838 2732 pos·

93 2754 211 2816 mirum,
229 2752 515 2823 sigelrenureignem
535 2751 679 2806 credimus
702 2750 807 2805 habere
828 2752 938 2823 suppli·
993 2769 1055 2807 sum
1072 2768 1105 2807 ex
1131 2751 1201 2823 ipsis
1229 2751 1354 2806 motibus
1383 2750 1619 2822 corporis:quta
1644 2750 1701 2804 nisi
1733 2749 1839 2820 corpori

93 2842 181 2908 cium,
198 2841 282 2894 simul
313 2839 493 2894 obscuritatis
508 2844 537 2894 et
564 2838 702 2895 luminis?
722 2839 797 2910 quod
825 2840 938 2911 experi·
993 2842 1089 2896 animu
1110 2842 1232 2907 adesset,
1262 2840 1393 2910 ejusdem
1421 2840 1552 2894 membra
1576 2838 1710 2909 corporis
1737 2838 1840 2893 marteri

94 2929 487 3000 mentonovimustquiaet
511 2944 585 2982 nuuc
614 2928 686 2982 dura
713 2928 841 2995 flamma,
866 2929 1053 2987 lucelCnon
1086 2936 1213 3004 possent.
1246 2931 1308 2986 Vita
1340 2946 1408 2985 vero
1432 2929 1536 2984 anime
1568 2934 1635 3001 post
1663 2945 1782 2984 earnem
1813 2929 1839 2982 in

94 3019 223 3074 obscura.
243 3018 322 3073 Tunc
348 3017 420 3071 edax
448 3016 566 3072 llamma
592 3016 745 3084 comburit,
768 3032 841 3087 quos
865 3033 941 3072 nunc
995 3020 1099 3092 quibus
1117 3019 1242 3074 molibus
1257 3019 1396 3090 quibusve
1405 3018 1541 3089 operibus
1556 3017 1601 3082 sit,
1615 3034 1675 3073 non
1691 3018 1774 3072 video
1791 3033 1797 3071 :
1813 3021 1841 3070 ut

94 3107 216 3163 carnalis
236 3105 386 3160 delectatio
398 3105 510 3175 polluit.
528 3106 606 3159 Tunc
620 3104 731 3159 infinite
743 3111 841 3171 patens
856 3105 942 3161 inler·
996 3125 1027 3164 er
1044 3108 1129 3162 rebus
1142 3106 1302 3161 visibilibus
1317 3122 1377 3160 essa
1391 3107 1535 3177 colligam,
1561 3105 1638 3177 quod
1665 3105 1767 3161 videre
1785 3122 1840 3160 non

95 3195 126 3250 ni
142 3195 288 3248 baratrum
304 3192 430 3256 devorat,
448 3207 520 3262 qcos
533 3208 609 3246 nurrc
620 3192 715 3246 inanis
731 3192 816 3246 elatio
829 3193 942 3248 exaltat.
996 3211 1123 3268 possum.

9 3326 13 3333 .
95 3285 187 3353 Atque
209 3281 259 3351 qui
283 3281 412 3351 quolibet
431 3296 464 3334 cx
489 3279 559 3333 vitio
585 3278 821 3335 hievoluntatem
848 3282 942 3336 callidi
997 3301 1062 3356 CM„
1080 3300 1258 3357 [χχχιχ-
1277 3299 1668 3365 Upnupusdugpmgepfflg
1686 3305 1842 3356 mmm.

96 3367 273 3443 persuasoris
290 3369 486 3438 expleverunt,
504 3373 571 3422 tunc
589 3383 654 3423 cum
669 3384 720 3423 suo
734 3369 805 3423 duee
826 3371 942 3440 reprobi
1084 3372 1292 3440 visibiliaque
1313 3374 1365 3426 Deo
1380 3372 1514 3426 invisibili
1531 3371 1757 3426 culminata-cot.

98 3458 132 3513 sd
158 3463 301 3512 tormenta
329 3456 524 3527 perveniunt:
554 3461 583 3510 et
609 3455 739 3528 quamvis
774 3458 943 3528 angelorum
1033 3459 1203 3528 (radiatos.
1240 3459 1332 3529 Grec.)
1357 3459 1437 3514 Sicut
1462 3457 1503 3512 ris
1532 3459 1637 3513 animas
1664 3459 1791 3514 viviticat
1817 3464 1844 3513 et

96 3552 183 3617 atque
215 3544 367 3599 hominum
397 3545 481 3614 longa
507 3544 544 3598 sit
572 3548 675 3598 natura
703 3544 858 3614 dissimilis,
887 3562 944 3601 nna
998 3553 1093 3602 movet
1119 3563 1233 3618 corpus,
1265 3546 1305 3601 sic
1330 3546 1370 3600 vis
1395 3546 1491 3601 divina
1519 3547 1622 3617 implet
1650 3563 1718 3617 quse
1742 3545 1845 3600 crearit

96 3638 194 3688 tamen
209 3649 295 3704 paena
307 3632 445 3704 implicat,
463 3649 536 3704 quos
560 3648 634 3687 unus
657 3632 822 3688 incrimine
849 3640 944 3689 reatus
998 3635 1104 3691 omnia.
1121 3637 1154 3691 Et
1168 3635 1223 3689 alia
1234 3635 1401 3707 inspirando
1417 3634 1550 3699 viviticat,
1572 3633 1638 3688 aliis
1659 3650 1729 3688 varo
1747 3634 1845 3689 tribuit

96 3722 177 3793 ligat.
999 3730 1030 3779 ut
1062 3724 1169 3788 vivant.
1195 3723 1258 3779 aliis
1288 3724 1341 3778 boc
1369 3723 1550 3777 solummodo
1579 3727 1700 3794 prestat
1724 3726 1755 3778 nt
1777 3722 1844 3776 sint.

97 3827 162 3883 Car.
179 3827 288 3883 Ll'lllll.
299 3855 336 3869 -
346 3826 423 3896 (ruod
433 3827 552 3880 lumensi
566 3828 659 3880 animo
672 3828 714 3880 lto
725 3828 885 3883 immortalis
896 3830 943 3892 sit,
998 3812 1070 3876 Quia
1085 3828 1184 3867 Verum
1200 3826 1260 3866 ⁰⁵⁸0
1278 3827 1334 3865 ¹¹⁰ss
1362 3811 1486 3879 dubitat
1509 3817 1665 3877 eleflsslflms
1697 3816 1727 3866 ⁰²
1744 3827 1846 3883 ”80¹¹-

294 3903 324 3952 at
337 3903 362 3952 et
376 3900 446 3952 morl
453 3900 539 3966 possit
551 3903 576 3951 et
590 3913 643 3952 stou
651 3900 747 3966 possit.
998 3905 1067 3966 tem,
1085 3900 1265 3971 implentem,
1282 3905 1310 3953 et
1326 3898 1616 3971 circumplectentem,
1640 3899 1846 3955 transcenden-

134 3985 373 4056 (Gsepocinsuts
394 3987 491 4041 llorcl.
512 3985 579 4041 dicit
596 3984 616 4056 ε)
645 3984 718 4051 Quia
746 4001 813 4056 ergo
838 3992 944 4042 nostros
999 3987 1322 4054 tem,etsustineutem‚
1338 3986 1846 4059 incircumscriptum,atqueiurisi·

96 4073 322 4129 immortalitatis
337 4074 391 4128 boc
409 4080 522 4145 tempus
539 4089 596 4127 non
619 4073 658 4127 ita
681 4079 712 4128 ut
741 4075 814 4129 male
833 4075 877 4140 sit,
896 4077 944 4130 sed
998 4077 1085 4132 bilem
1103 4076 1262 4144 Deum;ila
1282 4076 1412 4131 dubitare
1427 4093 1485 4131 non
1513 4076 1611 4141 debes,
1642 4076 1723 4130 huuc
1750 4075 1846 4130 inrisi-

97 4161 408 4233 itaperitutnonsit,
427 4162 675 4232 querendumest
698 4162 765 4232 quid
792 4163 840 4231 sit,
865 4165 943 4234 quod
998 4165 1067 4220 bilia
1080 4164 1217 4235 obsequia
1233 4163 1348 4218 habere.
1371 4164 1479 4219 Debent
1501 4165 1609 4236 quippe
1636 4178 1671 4217 ea
1697 4180 1763 4236 que
1794 4164 1847 4219 mi·

98 4249 327 4305 nouutitanon
354 4249 400 4315 sit,
417 4250 466 4305 sed
485 4251 526 4304 ita
552 4249 647 4320 parire
671 4255 785 4320 optatur
814 4257 844 4307 ut
870 4254 944 4308 male
998 4255 1122 4309 nistrant
1149 4253 1183 4308 ad
1210 4253 1271 4323 ejus
1295 4252 1516 4308 similitudinem
1547 4252 1668 4308 tendere
1690 4254 1738 4308 eui
1762 4252 1846 4308 mini·

98 4337 383 4393 sitllumanaenim
411 4337 573 4392 animaseu
603 4338 747 4408 angelicus
772 4339 944 4411 spiritusila
998 4346 1099 4410 strant,
1123 4345 1156 4396 ut
1184 4357 1249 4413 quae
1273 4340 1411 4396 invisibili
1435 4341 1573 4408 serviunt,
1601 4357 1664 4396 esse
1694 4341 1847 4396 invisibilia

99 4424 271 4479 immortalis
296 4429 348 4492 est,
391 4429 422 4479 ut
439 4425 513 4481 mori
539 4425 649 4497 possit:
681 4427 721 4481 ita
748 4429 886 4495 mortalis,
912 4435 945 4486 ut
998 4446 1057 4485 non
1081 4429 1259 4484 dubitentur.
1286 4430 1350 4484 tlaec
1388 4435 1485 4485 aulem
1512 4445 1575 4501 qnae
1598 4446 1662 4484 esse
1690 4430 1844 4495 credimus,

99 4511 174 4568 mori
189 4528 245 4565 non
262 4511 360 4583 possit.
372 4513 443 4569 Nam
459 4514 539 4569 beata
558 4514 664 4580 virere,
690 4515 748 4570 sive
765 4517 943 4586 pervitium,
998 4518 1053 4573 nisi
1077 4523 1189 4571 sanctos
1223 4518 1352 4589 angelos,
1377 4523 1404 4571 et
1431 4517 1548 4589 spiritus
1568 4519 1743 4588 justorum?
1772 4518 1845 4573 Sicut

98 4616 149 4656 seu
165 4616 217 4673 per
229 4600 403 4672 supplicium
419 4602 513 4673 perdit
526 4618 532 4657 :
545 4602 734 4658 essentialiter
748 4609 844 4658 alitem
865 4604 943 4659 vire·

99 4704 142 4758 re,
160 4704 254 4760 neque
268 4705 319 4760 per
333 4689 444 4753 vitium,
460 4707 553 4762 nsque
568 4708 621 4762 per
636 4691 808 4763 supplicium
827 4692 943 4747 amittit.

98 4782 121 4833 Α
146 4778 285 4849 qualitate
302 4778 377 4832 euim
401 4780 512 4833 vivendi
539 4779 646 4843 delicit,
677 4780 724 4833 sod
746 4780 944 4835 omnimodum

98 4866 271 4921 subsistendi
309 4867 457 4922 interitum
481 4884 533 4923 nec
563 4868 687 4923 moriens
711 4868 807 4923 sentit.
825 4869 860 4923 Ut
876 4884 944 4938 ergo

97 4954 222 5012 breviter
241 4954 373 5020 dixerim,
403 4961 432 5010 et
458 4955 662 5011 immortaliter
692 4956 821 5013 mortalis
849 4960 901 5023 est,
917 4961 946 5011 et

99 5042 447 5099 mortaliterimmortalis.

98 5148 162 5205 cao.
181 5149 298 5205 bxllllll.
314 5178 349 5191 -·
375 5149 452 5275 quod
466 5165 609 5219 corporeus
629 5152 666 5205 sit
687 5153 760 5218 ipris
775 5152 945 5220 paletenmet

133 5220 329 5344 uoqutudipeot
361 5224 417 5276 cio
445 5223 570 5288 mater-ia,
595 5223 652 5276 nisi
677 5221 857 5291 reproborum
882 5238 946 5278 nu·

133 5306 176 5344 aaa
210 5331 217 5345 .

135 5392 230 5464 (Grec.
247 5397 275 5449 in
290 5396 348 5452 suis
367 5396 513 5452 llorclilns
529 5396 595 5452 dicit
617 5401 636 5464 z)
654 5397 722 5452 lliro
746 5398 827 5452 valde
848 5398 943 5462 modo,

98 5481 197 5555 paucis
223 5482 317 5538 verbis
339 5500 490 5555 expressus
518 5491 562 5541 est
581 5484 657 5558 ignis
692 5485 842 5556 gebennas.
867 5485 944 5557 Ignis

998 4621 1067 4677 ergo
1083 4611 1194 4659 motum
1207 4605 1393 4660 considerans
1409 4607 1546 4676 corporis,
1571 4605 1658 4661 vitam
1685 4607 1791 4662 anime
1816 4607 1843 4660 in

998 4708 1118 4765 corpore
1132 4692 1274 4748 manentis
1289 4692 1442 4763 perpendis
1457 4693 1575 4747 aninlo:
1592 4693 1734 4749 itaritam
1748 4694 1842 4749 anime

998 4781 1129 4836 exeuntis
1160 4797 1177 4835 a
1210 4797 1327 4852 corpore
1353 4781 1532 4852 perpendere
1558 4781 1685 4836 debesa
1712 4798 1842 4837 summo:

999 4870 1067 4941 quia
1092 4875 1188 4940 potest
1210 4868 1392 4924 invisibiliter
1427 4869 1522 4924 virere
1560 4885 1648 4941 quam
1677 4876 1790 4941 oportet
1816 4870 1841 4922 in

999 4958 1139 5028 obsequio
1161 4957 1313 5012 invisibilis
1340 4973 1468 5013 manere.
1500 4959 1621 5012 Petrus:
1648 4957 1739 5013 Recte
1759 4962 1840 5012 tolum

1000 5045 1104 5101 dicitur
1119 5061 1126 5100 :
1144 5045 1191 5100 sed
1209 5061 1289 5100 mens
1312 5045 1418 5114 refugit
1444 5046 1570 5112 credere,
1597 5045 1678 5116 quod
1705 5044 1839 5118 corporeis

1000 5133 1090 5188 oculis
1106 5150 1163 5188 tion
1178 5134 1254 5188 valet
1266 5134 1373 5188 videre.

1000 5240 1065 5295 (lar.
1082 5239 1246 5296 LXXXV.-
1260 5238 1337 5305 Quod
1351 5239 1427 5294 uallo
1436 5238 1559 5294 nisililv'o
1573 5238 1666 5293 uideri
1675 5240 1720 5295 oet
1729 5237 1837 5308 cognosci

1208 5313 1323 5381 possunt
1336 5312 1392 5365 nisi
1405 5326 1454 5380 per
1468 5310 1631 5365 inuisibilia.

1035 5398 1096 5466 (Ec
1110 5397 1213 5467 dialog.
1236 5398 1328 5469 arec.)
1344 5398 1416 5454 Cum
1442 5399 1546 5453 Paulus
1570 5397 1672 5453 dicat:
1698 5400 1746 5454 list
1769 5396 1833 5451 enirn

1000 5486 1070 5542 lldes
1093 5486 1301 5557 sperandarum
1326 5486 1484 5542 substantia
1511 5501 1610 5543 rarum
1639 5494 1834 5559 argumentum
