3878 6112
88 263 154 360 ars
565 305 712 364 arverni
732 308 760 364 s.
781 305 1016 364 svuvnuunvv
1038 303 1186 361 narnus.
1210 301 1362 385 novare.
1387 371 1393 378 ,
1792 305 1843 362 see

88 433 133 486 rat
157 431 199 486 eis
212 432 341 487 tirenum
360 432 415 504 (it)
437 432 573 498 baberet;
601 432 677 504 quod
700 437 797 487 tamen
821 430 974 487 alteriusb
993 431 1050 493 tur,
1065 426 1108 482 illi
1122 426 1172 498 qui
1187 425 1262 481 iutra
1277 424 1417 497 oppidum
1432 430 1524 493 erant,
1540 425 1728 499 desperantes
1743 442 1780 480 ne
1796 425 1843 482 ob

89 516 179 589 copiis
194 516 303 590 aequari
324 534 381 572 non
402 522 524 588 poterut.
548 517 627 572 Unde
650 517 822 588 quibusdam
845 516 936 572 Cisre·
990 516 1116 571 sessione
1140 533 1155 569 a
1184 531 1236 569 sno
1260 514 1377 570 domino
1394 514 1596 582 liberarentur,
1612 521 1640 570 et
1655 514 1793 570 timentes
1807 532 1841 570 ne

89 606 172 661 nanis
198 607 391 662 familiaritate
422 607 458 661 ad
483 622 513 661 se
542 606 652 667 vinctis,
682 605 723 660 eis
747 605 817 677 quid
833 605 878 660 sui
900 605 936 660 sit
990 604 1056 659 victi
1086 602 1288 658 inclementius
1316 606 1495 669 tenerentur,
1520 603 1640 675 Jamque
1669 602 1727 658 iilis
1755 602 1843 657 victus

89 695 200 750 consilii
209 695 347 767 proponit
359 696 425 766 (4³).
989 691 1109 746 delicere
1123 690 1265 761 coepisset,
1281 690 1390 760 legatos
1409 689 1444 744 de
1460 688 1606 745 deditione
1621 690 1658 744 ad
1677 689 1842 761 ¹baldricum

89 788 115 838 ⁶2.
133 783 173 839 De
201 785 308 840 castello
336 784 492 838 Wirmmuri
518 781 553 817 ¹⁵⁸
576 798 593 837 u
616 783 743 838 Buldrieo
768 788 934 854 expugnato,
992 779 1139 834 miserunt.
1159 777 1285 850 Cognitis
1298 792 1400 833 eorum
1416 778 1577 850 postulatis,
1601 784 1632 832 ut
1651 777 1841 833 munitionem

328 880 352 927 et
366 873 511 927 dertonae
527 871 562 908 ¹⁸⁹
578 873 693 926 muritta.
990 867 1083 938 ipsam
1098 882 1186 939 quam
1201 867 1327 922 fecerent
1354 866 1412 920 suis
1428 867 1562 922 manibus
1577 867 1633 937 ipsi
1657 867 1844 921 incenderent

125 962 174 1017 Est
196 968 331 1034 stagnum
352 962 490 1033 palustrae
515 977 531 1014 a
564 961 641 1015 btosa
663 960 783 1016 flumine
807 959 937 1016 ducentis
990 962 1078 1028 atque
1094 957 1274 1011 destruerent
1296 954 1393 1026 jussit.
1417 954 1498 1020 Quod
1522 959 1554 1010 ut
1574 955 1680 1011 tactum
1700 958 1754 1022 est,
1769 955 1842 1010 ille·

91 1041 223 1122 passibus
239 1051 356 1117 distans,
372 1049 447 1104 inira
466 1049 544 1121 quod
565 1054 626 1104 erat
642 1050 723 1104 cottis
736 1050 865 1121 exiguus,
886 1050 939 1104 dii·
992 1060 1036 1100 sos
1064 1060 1129 1099 cum
1156 1043 1215 1098 suis
1241 1043 1376 1098 omnibus
1406 1043 1485 1099 abire
1510 1044 1653 1114 permisit.
1682 1044 1732 1099 His
1759 1043 1842 1098 rebus

90 1139 173 1196 licitis
197 1140 273 1196 aditu
298 1170 332 1179 -
353 1154 420 1194 nam
447 1138 503 1192 uisi
525 1138 590 1193 navi
614 1142 733 1208 propter
756 1137 937 1192 altitudinem
992 1133 1137 1200 confectis,
1162 1147 1227 1186 cum
1256 1131 1330 1186 vires
1346 1131 1471 1187 bostium
1495 1132 1680 1186 wicmannus
1701 1132 1842 1187 sustinere

90 1229 184 1303 stagni
211 1233 240 1282 et
267 1214 486 1297 impeditionem
512 1225 625 1296 paludis
654 1241 837 1297 nequaquam
865 1225 938 1281 adiri
992 1220 1145 1289 diffideret,
1175 1221 1303 1275 liranum
1324 1220 1397 1273 clam
1418 1218 1571 1284 transiens,
1589 1219 1841 1274 biunnamcastet·

90 1322 202 1391 poterat
221 1346 267 1383 -,
283 1314 411 1369 studenti
431 1312 512 1368 novis
540 1314 625 1368 rebus
640 1314 789 1368 castellum
813 1311 936 1368 etttcieu·
992 1310 1053 1363 lum
1068 1324 1170 1380 aggere
1186 1314 1214 1362 et
1228 1308 1357 1364 turribus
1369 1307 1476 1362 edicius
1491 1306 1603 1374 extulit,
1621 1312 1649 1362 et
1666 1307 1736 1379 quia
1757 1324 1843 1379 snpra

89 1410 159 1465 dum
176 1404 368 1480 promittebat.
389 1405 470 1460 llunc
485 1403 578 1457 locum
589 1418 640 1473 per
657 1402 765 1457 amicos
780 1402 937 1474 cognitum,
992 1402 1121 1451 montem
1144 1400 1206 1450 erat
1228 1396 1367 1466 positum,
1385 1400 1443 1451 tam
1458 1395 1541 1451 facile
1566 1395 1636 1451 illud
1652 1395 1787 1464 munivit,
1813 1401 1842 1451 ut

90 1495 214 1552 advectis
239 1493 358 1547 navibus
374 1490 454 1546 adiit.
472 1492 533 1555 Quo
555 1492 712 1563 explorato,
739 1491 875 1562 extimplo
890 1507 937 1545 co·
993 1485 1049 1540 nisi
1062 1485 1208 1540 obsidione
1223 1484 1383 1557 expugnari
1405 1500 1461 1538 non
1485 1484 1620 1556 potuerit.
1650 1484 1751 1539 Hostes
1778 1501 1842 1538 vero

92 1585 152 1656 egit
166 1597 301 1653 magnam
316 1579 352 1615 ¹⁷⁰
367 1579 583 1634 multitudinem
599 1586 787 1648 armatorum,
813 1585 842 1635 et
855 1579 939 1634 rusti·
993 1574 1070 1628 vicos
1082 1578 1111 1629 et
1124 1573 1218 1628 vicina
1238 1573 1302 1628 loca
1322 1573 1430 1629 crebris
1450 1572 1673 1639 incursionibus,
1691 1589 1729 1627 ne
1744 1574 1843 1626 castet·

91 1673 132 1729 cis
145 1671 273 1742 undique
290 1667 423 1733 evocatis,
439 1673 468 1723 et
482 1668 558 1723 iussa
581 1668 747 1725 incircuitu
773 1671 857 1733 iacta,
877 1669 937 1724 edi·
960 1721 979 1776 B
996 1667 1068 1723 lanis
1082 1667 1146 1724 usui
1173 1667 1277 1738 forent,
1301 1667 1410 1739 rapinis
1431 1672 1459 1723 et
1473 1669 1644 1740 plerumque
1659 1667 1736 1722 caede
1752 1673 1842 1720 rasta·

91 1763 195 1817 tiorem
208 1758 363 1814 admodum
381 1756 456 1812 fecit.
478 1757 569 1821 Quem
597 1757 671 1813 vallo
697 1757 894 1825 circumdedit,
911 1763 940 1813 et
995 1762 1073 1812 runt.
1102 1756 1263 1827 Adjuvabat
1289 1757 1375 1811 etiam
1406 1772 1451 1812 res
1483 1756 1614 1820 baldrici,
1647 1757 1725 1828 quod
1752 1754 1842 1810 adhuc

92 1849 220 1905 turribus
240 1845 373 1916 evocatis,
390 1845 579 1901 munitionem
598 1847 665 1901 satis
681 1847 794 1901 firmam
808 1846 937 1918 perfecit.
993 1843 1086 1916 gretia
1101 1843 1286 1914 imperatoris
1301 1844 1391 1899 multa
1407 1843 1539 1899 utebatur
1554 1840 1602 1907 ¹⁷⁶,
1620 1848 1648 1898 et
1666 1842 1843 1898 cotoniensis

94 1933 164 1988 Dein
179 1930 311 1986 finitimis
325 1947 383 1985 non
398 1928 460 1985 eine
475 1931 638 2001 arrogantia
647 1930 799 2001 imperare,
815 1937 848 1986 ut
861 1948 938 1987 com·
993 1931 1148 1988 sacerdotis
1174 1940 1204 1987 et
1219 1932 1318 1987 domni
1341 1931 1491 1989 edelboldi
1506 1931 1643 2003 episcopi,
1671 1932 1724 2003 qui
1739 1929 1843 1986 celebri

93 2025 204 2077 meatus
218 2020 254 2075 ad
270 2019 408 2091 oppidum
421 2024 615 2091 apportarent.
636 2021 772 2076 custodes
786 2021 873 2092 ipsos,
889 2020 940 2093 qui
994 2022 1070 2078 tama
1085 2019 1215 2075 omnium
1230 2025 1336 2075 nostrae
1350 2020 1442 2075 aetatis
1457 2019 1686 2092 sapientissimus
1700 2025 1729 2075 et
1743 2018 1844 2076 Laciati

94 2111 121 2167 ei
136 2108 291 2165 consilium
306 2107 453 2175 dederant,
471 2108 625 2162 munitioni
646 2109 775 2180 adponit.
793 2111 883 2175 Quem
895 2111 939 2164 lo·
994 2110 1094 2182 lingua
1110 2110 1194 2180 longe
1209 2108 1431 2165 facundissimus
1446 2114 1476 2165 ct
1489 2109 1609 2164 maximi
1623 2109 1667 2163 vir
1677 2109 1789 2181 ingenii
1805 2114 1845 2163 est

93 2214 160 2254 cum
178 2198 209 2253 in
229 2196 374 2269 reliquum
391 2200 504 2268 tempus
523 2197 558 2252 ad
583 2196 767 2268 optinendam
793 2199 941 2269 proeiectu·
993 2198 1135 2267 babitus,
1164 2197 1271 2252 auxilia
1298 2198 1351 2253 sibi
1378 2197 1505 2254 adscivit.
1535 2198 1698 2254 Ger-hardus
1729 2213 1843 2270 quoque

95 2303 166 2353 ram,
183 2291 211 2341 el
225 2284 387 2342 Baldricurn
409 2285 434 2340 si
456 2285 526 2357 quid
550 2292 702 2341 conaretur
717 2286 826 2342 lucilius
847 2287 940 2358 repri-
995 2285 1179 2351 ltoseilensis,
1195 2292 1224 2340 et
1240 2285 1419 2354 lantbertus,
1436 2286 1472 2341 de
1492 2286 1597 2359 quibus
1619 2301 1707 2358 supra
1720 2287 1843 2341 mentio·

94 2376 242 2450 mendum,
259 2374 329 2431 satis
342 2373 480 2429 idoneum
494 2374 685 2429 existimabat.
710 2374 816 2440 Quare
832 2377 940 2443 audita,
995 2390 1060 2429 nem
1087 2373 1216 2442 lecimus,
1242 2390 1439 2446 quascumque
1467 2376 1636 2430 acerbitates
1662 2380 1692 2430 et
1718 2375 1845 2447 pericula

97 2464 240 2538 baldricus
263 2464 449 2518 vehementer
462 2463 657 2535 perturbatur,
677 2464 793 2536 suisque
820 2465 942 2520 fortunis
995 2478 1060 2517 cum
1075 2478 1109 2516 eo
1125 2477 1155 2516 se
1172 2463 1281 2516 laturos
1297 2461 1440 2518 dixerunt.
1464 2463 1499 2519 ili
1514 2462 1593 2518 enim
1608 2462 1666 2517 duo
1681 2479 1798 2535 semper
1811 2464 1844 2517 ad

84 2552 295 2608 -dilticillimam
334 2551 465 2620 credidit,
506 2557 536 2608 et
567 2551 623 2607 nisi
652 2552 695 2608 his
723 2552 942 2612 adversitatibus
995 2565 1095 2605 omnes
1117 2549 1212 2603 motus
1234 2550 1842 2622 etseditionesffconcitandaserantparati.

95 2657 208 2715 summa
229 2657 297 2696 curu
312 2656 370 2695 nou
390 2641 574 2713 prospiceret,
591 2642 749 2697 rnerirnum
771 2659 830 2698 suas
846 2643 940 2715 digni·
1032 2640 1056 2693 3.
1078 2641 1115 2693 De
1128 2639 1232 2708 Aspole
1246 2637 1304 2709 (44)
1320 2637 1354 2692 ab
1369 2639 1508 2694 Adeltoclo
1518 2641 1640 2708 episcopo
1654 2640 1775 2695 obsessa.

95 2730 161 2790 tatis
177 2730 319 2785 honorem
341 2745 370 2783 se
389 2729 564 2784 emissurum
588 2745 645 2784 non
660 2728 818 2785 dubitabat.
842 2732 942 2803 ltaque
1033 2728 1099 2781 Post
1114 2728 1176 2780 haec
1200 2743 1286 2781 causa
1310 2727 1413 2796 extitit,
1439 2742 1497 2799 qua
1521 2727 1643 2782 domnus
1669 2728 1844 2783 edelboldus

96 2819 254 2875 convocatis
277 2817 428 2872 clientibus
449 2817 518 2884 suis,
542 2833 665 2888 quorum
681 2835 819 2889 magnrun
843 2835 942 2875 nume-
995 2815 1181 2886 Trajectensis
1194 2815 1326 2869 sacerdos
1340 2820 1433 2870 castra
1454 2816 1634 2887 imperatoris
1650 2816 1733 2883 adiit,
1749 2822 1780 2872 et
1801 2817 1844 2872 his

96 2923 161 2962 rum
181 2906 316 2971 habebat,
331 2910 360 2959 et
375 2905 477 2977 legatis
499 2906 723 2976 circumquaque
739 2907 842 2974 missis,
859 2909 942 2962 Lant—
995 2907 1115 2974 propter
1128 2918 1193 2975 quae
1212 2908 1330 2958 venerat
1342 2904 1477 2974 peractis,
1499 2904 1564 2958 navi
1580 2919 1631 2976 per
1647 2906 1776 2960 tirenum
1801 2921 1843 2959 re·

98 2993 212 3048 bertum
226 2995 271 3061 ¹⁷¹,
288 2994 368 3063 cnjus
383 3009 471 3063 supra
486 2994 664 3048 mentionem
680 2993 809 3060 iecirrius,
827 2998 855 3048 et
873 2995 943 3050 Ger·
959 2997 979 3049 C
998 2999 1128 3063 portatus
1142 2997 1193 3047 est.
1209 2991 1279 3064 Equi
1295 3009 1361 3047 vero
1381 2993 1442 3064 ejus
1470 3009 1521 3064 per
1536 2992 1629 3063 ripam
1645 2993 1775 3063 ejusdem
1789 2996 1844 3049 ilu-

50 3144 54 3155 ,
97 3084 231 3151 bardum,
246 3081 329 3152 cujus
342 3081 480 3153 singulari
492 3081 618 3136 amicitia
635 3098 703 3136 usus
717 3087 770 3152 est,
784 3087 812 3136 et
827 3087 945 3138 ceteros
999 3080 1085 3134 minis
1095 3082 1179 3152 juxta
1193 3081 1328 3151 lispoiam
1339 3082 1617 3137 asniereducuntur.
1632 3081 1710 3146 Quos
1730 3083 1844 3138 clientes

99 3171 205 3227 amicos
226 3168 363 3224 inunum
380 3169 481 3240 coegit,
497 3168 624 3240 ipsisque
646 3171 845 3241 presentibus,
861 3173 944 3243 quid·
999 3167 1161 3236 Godizonis,
1190 3170 1435 3242 proptereaquod
1463 3169 1598 3226 favebant
1619 3168 1750 3241 partibus
1778 3171 1844 3225 Wie-

100 3274 166 3314 nam
191 3262 290 3312 contra
317 3272 346 3310 se
374 3261 535 3328 pararetur,
564 3256 691 3328 exponit.
722 3258 755 3312 Et
783 3274 867 3313 cause
894 3277 944 3314 co·
999 3257 1110 3327 manni,
1135 3258 1347 3330 interceperant
1372 3265 1458 3330 atque
1482 3258 1559 3314 inter
1585 3275 1614 3313 se
1629 3259 1845 3315 distribuerant·

100 3347 180 3419 gnita
193 3347 239 3414 ¹²¹,
255 3361 317 3400 sese
331 3345 361 3400 iu
376 3360 440 3400 eam
455 3349 566 3415 partem
590 3347 700 3400 irituros
714 3362 800 3417 quam
815 3347 864 3402 itte
878 3365 945 3405 con·
999 3346 1059 3412 Qua
1082 3347 1118 3402 de
1143 3363 1174 3402 re
1195 3347 1343 3419 episcopus
1369 3347 1530 3402 necessario
1556 3352 1729 3415 commotus,
1761 3347 1844 3404 ethis

101 3433 248 3503 stituisset,
270 3433 413 3488 dixerunt.
438 3432 547 3499 Quibus
574 3449 639 3488 cum
660 3433 812 3505 magnifice
840 3435 946 3507 gratiae
998 3432 1113 3504 injuriis
1126 3450 1210 3504 qnauv
1227 3434 1311 3489 citius
1325 3435 1571 3507 medericupieus,
1588 3435 1725 3490 omnibus
1739 3435 1798 3490 suis
1811 3432 1844 3471 ’Π

101 3521 215 3594 egisset,
231 3522 302 3593 ipsis
317 3521 500 3577 hortantibus
514 3526 600 3594 atque
617 3522 808 3593 cupientibus,
831 3524 867 3579 ad
883 3540 946 3580 mn·
999 3521 1089 3592 copiis
1104 3538 1170 3577 cum
1187 3523 1313 3578 baldrico
1328 3524 1452 3590 adscitis,
1478 3525 1513 3578 de
1540 3523 1697 3594 improviso
1720 3524 1844 3590 veniens,

86 3610 240 3666 nitionem
270 3610 387 3665 accessit
415 3610 462 3679 ¹²³,
488 3626 620 3683 eamque,
648 3611 679 3667 in
704 3616 845 3683 quantum
874 3613 946 3668 situs
999 3611 1134 3682 aspolam
1159 3627 1194 3666 ex
1222 3627 1280 3666 uua
1308 3618 1387 3682 parte
1416 3613 1537 3668 obsedit.
1556 3613 1625 3667 Nam
1648 3613 1845 3684 exalterape

99 3697 214 3769 paludis
227 3698 369 3770 permisit,
384 3697 505 3754 obsedit.
524 3700 594 3755 Nam
610 3703 712 3754 natura
727 3700 782 3756 loci
801 3704 894 3756 totum
912 3698 944 3739 ¹7⁸
998 3699 1066 3754 lude
1094 3704 1123 3753 et
1144 3705 1243 3771 stagno
1259 3699 1409 3772 interjecto
1437 3699 1640 3756 inarccessibilie
1663 3706 1737 3757 erat.
1761 3702 1843 3756 Cum·

99 3787 323 3852 circumvallare,
349 3785 416 3841 sinu
434 3787 527 3858 stagni
541 3787 656 3857 lougius
671 3794 813 3858 porrecto,
832 3804 890 3843 non
906 3789 943 3843 si·
999 3804 1054 3859 que
1069 3788 1180 3860 aliquot
1195 3789 1296 3844 diebus
1320 3790 1423 3844 acriter
1451 3789 1487 3844 ab
1503 3790 1633 3861 utrisque
1657 3795 1843 3860 pugnaretur.

98 3875 194 3931 nebat.
211 3875 354 3947 Oppidani
365 3891 430 3929 veru
441 3875 596 3946 certiquod
612 3877 702 3931 telum
715 3875 744 3930 in
757 3882 837 3932 tanto
852 3878 944 3948 spatio
998 3877 1246 3932 etomniastudio
1275 3877 1461 3950 obpugnandi
1489 3879 1702 3949 experirentur,
1731 3884 1845 3951 propter

99 3960 179 4015 adse
204 3959 279 4030 adigi
302 3974 396 4029 neque
425 3958 532 4013 remitti
559 3965 664 4028 posset,
695 3960 768 4015 vello
797 3965 859 4016 tutu
884 3978 944 4016 sese
999 3966 1164 4020 tirmiletem
1179 3965 1235 4019 luci
1250 3971 1278 4021 et
1291 3965 1474 4021 altitudinem
1499 3966 1623 4021 turrium
1640 3967 1714 4021 nihil
1730 3967 1845 4038 prolice-

98 4048 325 4103 continebantet
346 4052 480 4101 eventum
503 4047 545 4102 rei
570 4047 766 4118 expectabant.
789 4051 825 4105 At
848 4050 944 4105 hostes
997 4070 1029 4109 re
1057 4058 1199 4125 poterant.
1228 4054 1275 4109 Sel
1302 4070 1367 4109 cum
1391 4054 1497 4109 frustra
1521 4054 1650 4109 laborem
1675 4071 1706 4109 se
1732 4070 1844 4109 sumere

98 4136 216 4207 experti,
234 4135 311 4207 quod
331 4134 360 4188 in
382 4135 468 4189 nullis
493 4134 611 4189 omuino
632 4134 703 4189 locis
724 4137 796 4192 vado
822 4138 944 4192 transire
998 4141 1137 4209 viderent,
1155 4146 1184 4196 et
1206 4158 1271 4212 spes
1294 4142 1445 4214 prociundi
1472 4142 1551 4214 opidi
1578 4159 1594 4196 a
1622 4160 1653 4196 se
1678 4142 1844 4210 discederet,

98 4227 225 4296 possent,
246 4227 362 4294 pontem
378 4223 472 4290 tacere
494 4221 657 4278 instituunt.
684 4223 732 4279 Set
757 4241 823 4280 curu
849 4226 898 4281 diu
913 4227 944 4282 in
999 4229 1085 4285 simul
1100 4229 1186 4285 etiarn
1209 4229 1278 4301 quia
1301 4229 1449 4285 dicebatur
1464 4228 1510 4297 ¹²⁸,
1527 4232 1622 4286 hostes
1639 4246 1704 4285 cunr
1720 4232 1845 4286 exercitu

99 4312 152 4366 hoc
166 4327 251 4384 opere
264 4309 438 4372 insisterent,
456 4316 484 4364 et
506 4310 638 4366 ellectum
654 4312 764 4368 nullum
779 4313 861 4370 labor
875 4331 943 4386 ope·
999 4317 1176 4384 adventasse,
1206 4317 1420 4389 obpugnatione
1449 4317 1632 4384 destiterunt,
1666 4322 1695 4373 et
1723 4319 1753 4373 in
1783 4335 1845 4374 snas

99 4398 224 4455 rentium
239 4404 358 4470 propter
372 4398 586 4454 inmensitatem
615 4416 697 4472 aquae
725 4401 793 4456 dare
819 4406 942 4475 poterat,
998 4405 1079 4461 sedes
1104 4412 1327 4477 sereceperunt.
1345 4406 1502 4479 Episcopus
1521 4422 1588 4462 veru
1611 4406 1657 4462 bis
1680 4407 1717 4463 de
1742 4407 1844 4475 causis,

97 4488 211 4558 incepto
237 4486 409 4542 destiterunt
431 4483 473 4541 ¹⁷⁸.
507 4487 635 4560 Denique
664 4488 792 4544 adductis
806 4492 945 4547 onerariis
998 4493 1076 4564 quod
1102 4497 1168 4548 ante
1195 4494 1374 4549 obsidionem
1399 4493 1508 4550 castelli
1532 4494 1639 4550 Godizo
1655 4493 1737 4550 adse
1756 4496 1845 4568 iope

97 4573 228 4642 navibus,
246 4572 409 4644 adjungunt
428 4572 564 4626 animalia
585 4579 613 4628 et
631 4573 662 4629 in
681 4579 815 4647 stagnum
831 4577 944 4633 trahere
997 4581 1083 4636 tenda
1097 4596 1167 4654 pace
1181 4581 1289 4653 legatos
1311 4581 1436 4651 miserat,
1455 4582 1532 4637 etde
1551 4581 1667 4652 injuriis
1686 4598 1703 4637 a
1721 4583 1781 4639 suis
1795 4583 1846 4640 sibi

96 4666 210 4735 parant,
226 4666 259 4716 ut
283 4677 369 4732 super
389 4676 474 4717 naves
489 4662 630 4718 machinis
652 4664 800 4719 exstructis
824 4665 859 4720 ad
879 4681 943 4720 mu·
998 4669 1094 4723 inlatis
1108 4668 1243 4724 omnibus
1259 4671 1419 4726 rationibus
1435 4669 1648 4725 satisfacturum
1663 4671 1843 4739 promiserat,

97 4750 237 4806 nitionem
254 4749 519 4822 adpropinquarent
533 4754 561 4804 ot
574 4766 705 4824 pugnarn
719 4751 941 4808 committerent.
997 4756 1129 4828 quamvis
1143 4757 1224 4812 illum
1241 4758 1306 4813 dolo
1325 4758 1402 4831 loqui
1429 4758 1632 4830 suspicaretur,
1657 4764 1686 4814 et
1706 4759 1775 4814 ideo
1790 4759 1846 4816 nul

96 4841 225 4912 Cumque
240 4855 306 4894 curn
332 4839 430 4909 plures
456 4837 561 4894 diesin
587 4839 633 4894 his
646 4839 781 4912 operibus
796 4856 941 4896 versaren-
997 4843 1054 4899 lam
1071 4844 1264 4900 conditionem
1289 4846 1369 4917 pacis
1394 4845 1461 4900 dare
1477 4845 1624 4914 voluisset,
1640 4851 1669 4902 et
1695 4863 1782 4903 suum
1797 4847 1845 4903 do-

802 4949 918 5004 letlrb'
937 4950 1135 5007 LECTIONES.

133 5061 168 5097 ¹⁶⁸
197 5063 399 5118 wtttcututvt
428 5077 450 5115 c.
492 5059 526 5095 ¹⁶⁹
549 5076 602 5116 voe·
625 5062 698 5117 deest
725 5065 816 5131 spretio
841 5064 945 5119 relicto.
985 5063 1020 5100 ¹⁷⁰
1045 5081 1150 5135 magna
1177 5082 1199 5121 c.
1242 5063 1275 5101 ¹2¹
1306 5065 1491 5122 lanttbertum
1521 5084 1545 5122 r.
1586 5068 1619 5103 ¹⁷²
1647 5066 1798 5140 incognita
1823 5073 1847 5124 t.

95 5131 252 5201 cognitae.
296 5130 331 5169 ¹⁷³
355 5132 506 5216 'accedilt
532 5132 650 5212 accessit
677 5137 703 5186 ⁶2.
742 5131 779 5171 ¹⁷⁴
807 5139 919 5189 tentum
948 5151 1017 5190 corr.
1034 5141 1163 5192 tutumc.
1204 5133 1239 5172 ¹⁷³
1265 5137 1457 5192 destituerunt
1478 5155 1501 5192 c.
1542 5138 1577 5172 ¹¹⁸
1604 5139 1765 5194 utebantur
1779 5156 1846 5196 corr.

96 5202 230 5257 utebatur
242 5219 264 5256 c.
284 5200 316 5237 ¹²²
333 5203 373 5257 bes
386 5207 518 5271 scriptum
534 5206 557 5255 l.
575 5200 609 5238 ¹¹¹⁸
623 5202 794 5258 dicebantur
809 5207 834 5259 l.

915 5309 1026 5366 NOTAE.

130 5427 185 5571 ἓξὲξ
200 5428 482 5554 lsbifhilvibrbabbbbi'
1034 5435 1087 5503 (il)
1100 5436 1144 5488 An
1159 5434 1234 5506 Spei,
1250 5435 1285 5489 ad
1301 5437 1479 5490 confluentes
1495 5434 1587 5490 libeni
1602 5439 1631 5490 et
1646 5435 1778 5509 bippiae?
