3894 6120
352 297 398 354 DE
420 297 652 362 attenuatae
672 302 868 360 'l'lillPORUii
897 301 996 357 Lllllll
1019 304 1095 362 θυι).
1118 334 1139 345 -
1166 306 1228 361 tta.
1246 305 1285 362 ll.
1644 309 1697 363 lit)

70 445 95 484 ιι
107 425 179 482 satis
202 424 351 498 expiatum
371 441 434 480 esse
449 429 634 501 populatione
655 444 790 502 agrorum
805 430 826 480 Α
847 425 1031 497 digniorem.
1047 429 1209 486 Muneribus
1227 445 1343 502 qnoque
1360 429 1472 496 dandis,
1486 429 1560 497 auri,
1575 431 1696 502 argenti,

70 534 111 583 m,
129 521 159 571 et
174 515 277 571 hostes
289 515 348 586 jam
364 512 402 568 ad
426 517 581 574 sanitatem
596 519 697 574 reverti
709 516 789 573 arbi·
844 514 993 586 preciose
1009 519 1100 586 restis,
1119 536 1177 575 non
1200 518 1290 574 deerit
1306 519 1355 573 tibi
1376 519 1476 591 copia;
1502 518 1699 574 incunctanter

81 606 120 664 ab
139 605 196 661 hac
221 604 348 676 procella
369 602 523 662 seditionis
545 625 574 662 se
588 607 737 675 subtraxit,
761 610 791 660 et
844 604 952 659 omnia
967 607 1130 664 tribuam.»
1154 609 1308 662 Persuadet
1331 607 1413 662 facile
1433 607 1546 678 cupido,
1564 613 1593 663 et
1618 623 1697 661 more

72 696 150 753 itum
186 709 235 748 res
269 696 345 746 esset
369 691 508 751 habitura
533 696 648 752 interim
677 697 791 768 quietus
844 693 1003 751 hominum
1027 697 1077 770 qni
1101 696 1259 751 honoribus
1282 696 1391 768 expleri
1414 696 1555 761 nesciunt,
1580 694 1698 767 suscipit

70 809 73 839 ι
100 783 202 855 coepit.
232 779 365 837 baldrico
390 784 489 837 tamen
511 785 638 840 studium
655 800 738 840 suum
762 789 792 838 et
845 783 1010 854 negotium,
1034 801 1092 840 nun
1118 784 1211 839 solunr
1231 785 1268 838 ad
1292 801 1351 840 suae
1374 784 1523 840 familiaris
1548 784 1589 838 rei
1613 784 1697 838 dam-

76 889 200 946 semper
216 867 363 939 praestitit.
847 889 933 941 urim,
954 874 1001 930 sed
1021 873 1157 929 etiamad
1182 878 1350 945 perpetuum
1374 874 1488 928 ruinam
1512 890 1572 928 sum
1587 872 1695 927 salutis.

70 982 130 1022 >nce
145 968 220 1020 iuter
231 960 397 1018 Bnldrr'com
412 963 439 1015 et
459 963 648 1019 Wicmounom
661 966 747 1033 sueto.
845 962 883 1016 Et
897 963 1027 1033 quamvis
1050 979 1151 1034 graves
1173 978 1265 1016 cauere
1281 962 1389 1017 irarum
1405 962 1480 1016 iuter
1498 977 1547 1016 eos
1567 965 1696 1015 auteces-

79 1058 226 1110 exstructa
251 1055 282 1105 ct
304 1048 433 1114 tirmata,
452 1051 634 1107 wicmannus
656 1051 792 1106 audacius
846 1051 962 1119 sissent,
977 1057 1074 1108 tamen
1090 1051 1152 1106 hoec
1166 1050 1256 1106 lomes
1271 1057 1300 1106 et
1322 1050 1436 1105 initium
1460 1050 1608 1119 utriusque
1623 1048 1696 1104 esti·

80 1147 110 1199 et
131 1158 213 1214 spem
229 1139 292 1195 suis
319 1151 440 1208 augere,
463 1141 634 1213 plerumque
660 1140 792 1195 hostibus
847 1141 884 1197 tit
898 1140 996 1208 exitii;
1017 1146 1046 1196 et
1059 1139 1133 1195 sicut
1160 1139 1292 1194 lliezabel
1317 1139 1425 1205 Achab,
1440 1138 1480 1193 ita
1499 1144 1528 1192 et
1552 1138 1607 1192 ista
1620 1137 1697 1192 bunc

70 1247 100 1286 us
112 1228 270 1285 adveniens
286 1242 338 1282 eos
351 1224 383 1278 in
399 1224 502 1297 lugam
516 1229 646 1300 conjecit.
663 1227 711 1283 Set
725 1243 791 1280 euru
847 1229 885 1284 ud
899 1229 1009 1300 flagitia
1030 1243 1145 1298 semper
1165 1226 1327 1294 concitavit,
1356 1225 1426 1281 dans
1449 1225 1475 1280 ei
1490 1223 1608 1279 consilia
1632 1223 1697 1294 qui·

70 1317 151 1373 :citiae
173 1317 250 1371 inter
273 1331 325 1369 eos
349 1321 567 1383 exercerentur,
592 1314 790 1370 ethomicidia
848 1318 902 1372 bus
923 1316 1131 1389 adperniciem
1147 1332 1229 1370 suam
1256 1319 1393 1383 uteretur,
1415 1314 1505 1368 donec
1527 1311 1696 1367 abhomina·
1725 1358 1730 1364 .

70 1408 88 1458 rt
101 1403 211 1458 insidias
234 1401 273 1455 ab
301 1399 434 1470 utrisque
450 1408 644 1471 ponerentur,
665 1405 693 1455 et
717 1400 791 1454 invi·
847 1405 915 1461 bilis
928 1412 957 1461 et
970 1405 1085 1460 odiosus
1101 1403 1236 1459 omnibus
1253 1404 1344 1457 lieret.

70 1509 90 1545 er
117 1490 152 1544 ab
181 1489 273 1542 altero
299 1488 463 1557 lugeretur,
491 1491 612 1543 tandem
637 1489 752 1559 utrique
776 1509 793 1543 a
1007 1496 1033 1549 6.
1051 1494 1267 1563 Depraesecturu
1282 1489 1536 1547 Boldra'cotrcditu.

70 1584 145 1634 astru
160 1581 225 1630 sunt
241 1573 345 1628 vocati.
362 1575 395 1629 Et
420 1593 494 1632 cum
511 1576 567 1630 diu
583 1592 677 1630 ccrrsae
691 1592 792 1630 eorum
884 1584 986 1638 Parata
1001 1582 1187 1653 protectione,
1213 1581 1291 1635 venit
1310 1579 1344 1634 nd
1368 1594 1476 1648 regern,
1493 1594 1508 1630 a
1525 1591 1582 1648 quo
1605 1579 1633 1629 et
1647 1574 1695 1628 ba·
1741 1627 1750 1641 ,

70 1673 143 1736 ⁰¹⁰¹,
166 1668 192 1719 θῑ
207 1677 260 1717 ¹⁰¹
276 1660 336 1715 ⁵1⁰⁰
352 1663 522 1720 ⁰ff011⁸i⁰¹10
540 1665 705 1719 m⁰¹l⁰f1¹¹11
722 1679 793 1719 110⁰·
850 1671 938 1742 aigne
961 1669 1131 1742 suscipitur;
1156 1669 1259 1725 oblatis
1275 1668 1318 1722 bis
1341 1683 1406 1738 qum
1429 1666 1573 1728 attulerat,
1598 1678 1698 1718 causas

70 1755 226 1813 riliariorern
239 1751 499 1811 inreconciliando
510 1751 554 1789 ¹⁷⁹
568 1754 677 1808 habere
689 1757 793 1823 posset,
850 1759 991 1814 adrentus
1005 1758 1050 1813 sui
1071 1758 1197 1829 exponit,
1214 1762 1242 1812 et
1264 1772 1361 1828 regem
1375 1755 1411 1810 ad
1428 1755 1604 1808 voluntatem
1629 1764 1699 1806 sen-

78 1844 154 1918 ragia
174 1843 311 1914 potestate
332 1856 437 1911 pacem
466 1843 591 1898 habere
613 1840 711 1914 jussit·
735 1841 796 1904 Qua
850 1847 948 1902 tentiae
962 1862 1021 1901 snae
1048 1847 1188 1918 perduxit.
1210 1845 1339 1916 Denique
1363 1843 1467 1899 tradita
1490 1847 1532 1896 est
1547 1841 1574 1896 ei
1597 1837 1698 1912 prele-

70 1941 106 1992 rto
128 1932 248 1998 lunata,
272 1927 474 1986 discesserunt.
502 1931 707 1986 Wicmaunus
731 1945 796 1984 cum
852 1941 943 2002 ctura,
966 1941 1044 1989 elne
1059 1933 1094 1989 ob
1110 1934 1164 1988 hoe
1187 1933 1283 1988 civiles
1298 1931 1503 2000 dissensiones,
1527 1929 1604 1984 unda
1618 1942 1700 1982 arma

70 2021 275 2081 ommodiorem
290 2023 387 2074 statum
399 2020 585 2076 collocatam
603 2017 796 2086 existimaret,
853 2024 970 2079 excitari
991 2027 1117 2095 possent,
1133 2027 1297 2089 nascantur,
1320 2035 1500 2091 summopere
1515 2016 1699 2073 interdictum

73 2113 141 2171 mali
164 2111 266 2167 dehinc
291 2108 495 2180 suspicaretur,
522 2114 562 2165 ut
581 2113 671 2182 rupto
688 2108 798 2164 foedere
853 2115 905 2166 est.
922 2109 976 2176 Qui
999 2125 1064 2164 mox
1080 2114 1113 2165 ut
1133 2110 1218 2165 rediit
1240 2108 1357 2179 Ganipae
1381 2107 1436 2179 (45)
1456 2105 1700 2162 municiunculam

70 2203 148 2261 editio
165 2217 264 2257 rursus
278 2198 408 2262 oriretur,
426 2198 572 2252 orationis
587 2216 676 2256 causa
695 2199 800 2255 limina
854 2197 981 2271 praelecti
1003 2197 1158 2269 propinqui
1182 2196 1226 2252 sui
1239 2195 1397 2266 occupavit,
1418 2200 1447 2249 et
1461 2210 1513 2266 per
1526 2208 1639 2248 serrum
1653 2191 1698 2246 iu·

70 2293 123 2349 etri
151 2291 228 2347 adire
251 2289 379 2360 parabat,
404 2292 435 2341 et
454 2289 632 2356 comparatis
657 2289 708 2344 bis
733 2305 798 2361 qum
854 2286 987 2358 gitivum,
1009 2285 1060 2358 qui
1074 2302 1104 2340 se
1122 2284 1183 2357 jam
1205 2284 1315 2356 pridem
1341 2282 1385 2339 bis
1409 2284 1459 2355 qui
1481 2283 1512 2338 in
1531 2282 1604 2338 turri
1619 2278 1701 2336 ¹eraut

77 2380 179 2437 itincre
209 2376 367 2434 necessaria
394 2378 488 2440 erant,
516 2376 664 2444 proiectus
693 2382 737 2432 est
763 2378 798 2434 ud
855 2377 1006 2432 devoverat
1021 2379 1050 2430 et
1073 2372 1200 2429 studium
1222 2389 1307 2429 sunm
1320 2372 1500 2443 promiserat,
1523 2370 1590 2426 dolo
1611 2369 1701 2424 intro·

79 2470 111 2526 ln
125 2485 158 2524 eo
179 2468 282 2524 itinere
296 2466 364 2522 dum
380 2467 466 2531 esset,
486 2478 557 2517 uxor
573 2465 701 2521 Baldrici
715 2465 797 2538 quie·
854 2465 957 2521 ductus
982 2467 1033 2534 est,
1057 2467 1086 2519 et
1100 2479 1149 2518 eos
1175 2479 1246 2535 qnos
1273 2462 1453 2534 propinquus
1471 2477 1538 2516 snus
1559 2458 1594 2514 ad
1616 2462 1700 2513 tuen·

70 2558 137 2615 :iens
159 2563 188 2614 et
208 2572 322 2627 semper
342 2569 436 2626 prona
451 2551 486 2606 ad
501 2567 546 2606 res
560 2568 650 2608 noras
666 2555 798 2610 excitau—
854 2555 921 2611 dam
935 2552 1039 2609 turrim
1062 2551 1218 2624 reliquerat
1240 2551 1358 2623 expulit,
1381 2549 1570 2622 praesidiaque
1594 2561 1647 2602 sua
1660 2541 1700 2599 ibi

83 2645 213 2702 oratione
228 2643 392 2714 interpellat
407 2638 545 2695 maritum
561 2655 568 2694 τ
853 2643 943 2717 ponit.

116 2736 142 2788 5.
159 2734 253 2790 Oratio
267 2731 362 2787 Adule
375 2729 473 2784 uxoria
487 2727 619 2782 Baldrici.
853 2738 879 2787 7.
899 2734 942 2788 De
954 2731 1171 2789 remncttiotione
1189 2728 1335 2786 Adelboldi
1348 2729 1468 2799 episcopt
1486 2731 1511 2782 et
1534 2724 1699 2783 Wicmoruu'.

70 2838 147 2878 >nam
162 2822 249 2877 istum
271 2820 301 2874 in
321 2823 403 2874 tanta
419 2814 637 2888 propinquitate
655 2815 797 2873 adilicio·
890 2821 943 2878 Ubi
957 2820 988 2876 in
1011 2822 1114 2892 vulgus
1136 2818 1236 2891 populi
1259 2818 1366 2873 elatum
1393 2822 1445 2882 est,
1471 2813 1632 2872 Baldricum
1655 2827 1701 2866 re·

70 2910 156 2964 :ianm
184 2913 316 2963 nostrum
341 2905 401 2978 pati
418 2920 478 2959 non
502 2918 639 2974 possum;
665 2908 798 2976 atquem
853 2927 920 2981 gem
948 2909 1051 2979 adisse,
1080 2908 1281 2980 prefecturam
1309 2907 1363 2961 sibi
1395 2921 1555 2978 usurpasse,
1585 2901 1702 2973 Gauipre

70 2997 107 3053 ihi
123 3013 184 3052 esse
208 2995 282 3050 ferre
298 3011 355 3049 11011
370 2994 464 3056 valeo,
488 2990 512 3044 si
527 2991 707 3062 superiorem
726 3009 796 3048 con·
813 2991 833 3045 C
852 2998 956 3055 turrim
978 2998 1127 3067 invasisse,
1144 3003 1224 3052 tanta
1245 2996 1339 3052 subito
1361 2995 1493 3050 omnium
1513 2989 1701 3049 commutatio

70 3086 190 3142 ¹rivere
207 3084 284 3139 nolo.
301 3081 425 3138 Proinde
450 3095 555 3149 quaeso,
571 3085 653 3134 utere
669 3081 797 3136 consiliis
851 3087 927 3142 lacta
957 3091 1009 3149 est.
1040 3092 1072 3143 nt
1100 3092 1210 3143 mentes
1240 3103 1298 3141 non
1321 3086 1415 3140 solum
1448 3083 1636 3138 linitimorunr
1659 3082 1703 3134 set

82 3176 171 3230 verba
193 3190 266 3240 mea,
283 3171 394 3227 efflictis
416 3169 493 3224 ²1¹?ss
512 3167 686 3239 D⁰S¹P⁰³ili82
704 3170 797 3225 menti
852 3174 941 3230 etiam
968 3175 1195 3232 domesticorum
1224 3175 1259 3231 ab
1275 3191 1310 3230 eo
1339 3175 1369 3231 iu
1404 3177 1518 3229 tantum
1538 3175 1702 3227 averteren-

70 3264 157 3331 rnde3
174 3279 207 3318 ex
227 3263 282 3318 hoc
305 3260 384 3316 enim
414 3257 795 3314 fortunatissimumtetore
852 3269 900 3319 tur
927 3263 1120 3337 ¹⁸²,utpauci
1145 3265 1251 3338 reliqui
1274 3270 1371 3320 essent
1394 3262 1445 3335 qui
1462 3262 1524 3335 ejus
1547 3260 1622 3315 laeta
1643 3272 1702 3312 nou

83 3353 153 3409 Ecca
187 3350 240 3405 ista
273 3349 364 3406 hostis
397 3351 511 3414 noster,
543 3344 641 3399 videns
660 3350 796 3416 nepotem
852 3353 1063 3411 detestarentur
1092 3356 1138 3410 ¹⁸³.
1164 3356 1242 3411 luter
1266 3355 1350 3427 Alpes
1376 3354 1543 3408 wicmanno
1570 3347 1702 3405 redeunti

70 3457 100 3497 se
123 3438 318 3495 sinescientia
341 3438 429 3493 ullius
453 3432 574 3500 consilii,
590 3432 668 3488 falsis
691 3432 796 3490 edula·
852 3457 897 3495 res
925 3449 1005 3513 gesta
1033 3444 1194 3511 nuntiatur,
1224 3458 1388 3515 magnaque
1416 3457 1485 3495 cura
1511 3436 1701 3503 alliciebatur,

70 3530 117 3585 ¹iu
131 3528 193 3583 dies
207 3527 325 3586 deludit,
339 3532 369 3582 et
384 3523 556 3596 dignitatem
570 3536 652 3575 suam
663 3525 690 3575 te
705 3520 796 3577 invito
851 3530 930 3599 quod
945 3531 1106 3587 remedium
1132 3532 1198 3586 huic
1218 3530 1402 3586 incommodo
1426 3526 1574 3600 repperire
1594 3527 1699 3596 posset.

72 3616 135 3673 agit,
163 3616 291 3688 Denique
313 3616 362 3670 ille
386 3611 507 3668 stolidus
534 3609 687 3677 existimat,
712 3608 795 3666 illum
852 3618 923 3672 Nam
936 3619 1050 3688 publice
1072 3620 1159 3673 armis
1181 3636 1243 3674 rem
1257 3619 1394 3688 incipere,
1412 3623 1504 3672 metus
1519 3611 1699 3685 imperatoris

70 3704 165 3762 ‚nitate
185 3704 349 3770 adductum,
374 3702 485 3756 sincere
509 3697 568 3752 suis
582 3697 668 3751 rebus
689 3697 794 3765 lavere,
850 3703 1042 3774 prohibebat;
1060 3706 1137 3760 unde
1159 3705 1194 3762 ab
1208 3704 1299 3760 animi
1322 3704 1427 3757 virtute
1448 3703 1600 3758 consilium
1616 3704 1699 3755 etra-

70 3795 157 3850 entius
171 3792 207 3848 ob
221 3793 285 3860 boc,
302 3791 429 3846 utillum
444 3789 474 3842 in
488 3784 796 3859 proximoprincipatu
849 3792 959 3848 tionem
986 3794 1170 3865 quaerendum
1204 3810 1265 3848 esse
1289 3792 1398 3848 statuit.
1429 3791 1508 3847 Talia
1536 3788 1699 3845 sollicitanti

74 3882 177 3954 etipse
191 3882 286 3936 locum
302 3883 364 3952 ejus
380 3877 470 3933 nimia
484 3892 535 3931 sna
554 3874 709 3929 calliditate
722 3874 795 3930 erri-
850 3897 896 3937 res
911 3881 1137 3952 oportunissima
1156 3883 1193 3937 ad
1215 3881 1387 3952 capiendum
1411 3879 1562 3935 consilium
1586 3878 1696 3934 accidit.

75 3971 122 4028 cui
138 3969 258 4025 dubium
273 3975 323 4034 est,
340 3970 425 4025 illurn
436 3968 497 4039 jam
513 3964 626 4035 pridem
641 3963 795 4018 adversum
849 3971 988 4026 Audierat
1016 3986 1141 4042 namque
1165 3987 1282 4026 omnem
1303 3971 1442 4041 populum
1467 3972 1565 4024 contro
1588 3965 1697 4023 Baldri·

70 4079 76 4116 ι
103 4057 222 4115 moliri?
244 4059 350 4129 Egone,
373 4057 397 4111 si
424 4056 466 4109 vir
489 4068 591 4116 essem.
617 4067 684 4106 eum
705 4050 736 4104 ia
750 4049 795 4105 his
851 4072 917 4112 cum
945 4073 1142 4113 murmurasse
1168 4063 1196 4114 et
1224 4058 1359 4113 omnibus
1382 4057 1527 4128 precibus,
1542 4056 1605 4127 ejus
1627 4055 1699 4111 lucta

70 4166 116 4204 ins
143 4147 300 4204 consistere
323 4145 473 4200 sinerem?
501 4143 534 4197 Et
559 4141 583 4196 si
609 4156 698 4208 nunc,
726 4155 795 4210 pace
851 4144 1085 4212 detestari;ideo
1105 4143 1553 4217 primumiubiselaborandum
1573 4143 1699 4198 essede-

70 4242 120 4294 uta
145 4235 255 4291 occasio
272 4235 351 4289 nulla
371 4231 533 4299 intercedit,
557 4245 614 4301 qua
630 4225 666 4263 ¹⁸⁰
679 4243 745 4282 curn
760 4244 794 4283 eo
811 4267 833 4320 D
852 4231 950 4298 crevit,
966 4237 998 4287 ut
1012 4233 1100 4287 etiam
1121 4233 1228 4288 auxilia
1242 4233 1369 4305 episcopi
1384 4232 1483 4289 domui
1499 4230 1648 4287 adelboldi
1663 4229 1699 4286 eb

70 4325 231 4383 :onteudere
255 4322 357 4394 possis,
380 4323 435 4377 hoc
457 4319 552 4375 saltim
573 4317 657 4372 facito
674 4332 681 4370 :
696 4332 796 4387 regem
852 4334 886 4375 eo
901 4320 1074 4386 detraheret,
1100 4326 1130 4376 et
1144 4337 1224 4392 spem
1246 4321 1282 4375 ad
1304 4320 1387 4376 illum
1402 4337 1431 4376 se
1451 4319 1607 4391 recipiendi
1622 4320 1698 4375 ulte·

70 4413 304 4486 tpraefecturam,
329 4427 393 4482 quae
405 4407 514 4480 justins
535 4422 570 4461 ex
585 4405 661 4460 linea
674 4420 796 4459 consen·
853 4406 912 4462 rius
934 4423 992 4462 non
1017 4407 1146 4475 haberet,
1173 4407 1328 4463 amicitiam
1355 4408 1417 4479 ejus
1439 4407 1493 4462 sibi
1519 4408 1698 4480 adjungeret,

70 4503 99 4559 is
113 4508 143 4557 et
156 4501 290 4574 prosapia
304 4500 447 4570 majorum
463 4502 578 4551 tuorum
594 4492 646 4548 tibi
661 4491 797 4563 obtingit,
852 4496 914 4566 ejus
938 4496 1107 4552 auctoritate
1130 4501 1158 4551 et
1181 4496 1308 4552 subsidio
1331 4497 1442 4552 hostem
1466 4497 1501 4552 ab
1516 4497 1631 4569 incepto
1654 4498 1700 4553 dc-

70 4608 103 4648 ι).
127 4591 157 4647 Si
172 4594 290 4662 propter
304 4589 358 4642 lroc
381 4584 484 4658 aliquis
505 4581 646 4637 tumultus
665 4582 701 4636 ab
716 4581 797 4637 hoste
852 4584 953 4639 terrori
977 4601 1059 4656 posse
1092 4585 1271 4640 existimavit.
1300 4585 1348 4641 Set
1373 4585 1441 4658 quia
1468 4587 1597 4640 nondum
1622 4586 1700 4642 bono

70 4696 100 4736 nr
124 4684 152 4735 te
176 4677 375 4742 concitabitur,
401 4676 462 4746 ipse
481 4672 533 4727 tibi
557 4671 638 4743 prius
656 4670 796 4741 peccabit,
852 4672 949 4728 animo
970 4673 1002 4728 iu
1016 4673 1112 4745 ipsum
1126 4689 1161 4729 ex
1179 4673 1225 4729 his
1247 4673 1362 4745 injuriis
1383 4690 1455 4746 quas
1469 4675 1573 4731 Godizo
1595 4673 1638 4729 illi
1654 4674 1699 4729 in·

70 4772 230 4832 aeramento
247 4765 400 4822 adstrictus
415 4780 474 4818 non
488 4760 641 4817 teneberis.
657 4760 731 4826 Quid
745 4760 799 4816 tibi
853 4761 962 4817 terebat
989 4761 1149 4829 videbatur,
1178 4763 1304 4833 primum
1332 4779 1384 4834 per
1413 4763 1522 4833 legatos
1552 4762 1700 4817 bominem

72 4856 176 4923 louid
199 4854 345 4924 impedit?
359 4850 544 4924 Amplissima
564 4850 678 4918 domus,
693 4848 795 4903 latissi-
854 4855 994 4922 temptare
1018 4849 1170 4920 disposuit.
1196 4850 1326 4921 Cumque
1343 4849 1455 4905 aditum
1471 4850 1501 4904 in
1525 4851 1587 4920 ejus
1601 4851 1699 4905 amici-

70 4945 139 5007 edia.
168 4944 273 5000 milites
289 4940 437 4997 numerosi
459 4940 534 4994 vires
557 4937 611 4994 tibi
630 4942 658 4992 et
672 4936 799 4992 favorem
853 4937 924 4993 tiam
946 4942 1044 5009 patere
1069 4936 1258 5009 cognovisset,
1287 4954 1321 4993 eo
1347 4937 1425 5010 quod
1449 4937 1578 4993 Beldrico
1602 4954 1636 4992 ex
1656 4937 1701 4992 his

70 5039 117 5090 ent
143 5031 188 5100 ¹⁸¹,
214 5031 359 5086 neminem
382 5044 470 5101 quam
485 5033 514 5082 te
536 5027 590 5082 hoc
609 5028 719 5082 honore
740 5042 800 5080 esse
854 5025 940 5080 rebus
963 5026 999 5080 de
1026 5024 1133 5096 quibus
1162 5041 1249 5096 sopra
1273 5025 1500 5082 demonstratum
1525 5029 1568 5080 est
1592 5025 1700 5080 amicus

653 5147 770 5204 VAfllAE
795 5147 994 5203 LECTIONES.

70 5262 192 5318 ciliando
207 5277 231 5316 c.
268 5259 403 5331 ¹⁸⁰quam
418 5275 442 5313 c.
481 5256 515 5292 ¹⁸¹
542 5256 710 5313 adtribuunt
738 5271 808 5312 corr.
833 5252 999 5308 adtribuent
1025 5268 1049 5308 c.
1089 5251 1125 5288 ¹⁸²
1145 5259 1343 5310 everterentur
1363 5271 1387 5310 c.
1427 5254 1463 5290 ¹⁸³
1479 5257 1520 5311 itu
1545 5255 1630 5311 aaut.
1653 5256 1700 5310 de·

71 5350 118 5389 rc.

774 5412 886 5468 NOTAE.

70 5525 187 5593 lennep,
201 5519 237 5575 nd
249 5520 443 5576 confluentem
462 5517 567 5572 Niersoe
579 5520 608 5570 et
625 5517 718 5584 llosoe,
735 5515 765 5570 iu
780 5531 855 5586 pago
871 5512 1094 5568 llattuariorum.
