3878 6112
88 207 143 261 lle
621 199 827 259 auucululll
847 197 1114 262 woullAclaiisls
1133 195 1302 255 arlscoel.
1790 200 1844 253 720

89 328 138 382 tici
161 343 259 406 ‚unum
287 324 487 397 conscripserit
518 324 624 379 librum
654 341 661 378 ε
695 327 814 394 propter
841 337 939 377 rernm
954 325 978 375 A
996 336 1072 389 rum,
1090 319 1256 392 apocryphi.
1268 318 1352 374 Liber
1367 318 1762 392 Physiologusshhaereticis
1775 332 1849 374 con-

89 422 187 472 tamen
214 416 389 486 singularem
415 415 559 481 notitiam,
575 429 639 484 quse
662 413 697 467 ad
720 411 939 466 instructionem
996 410 1129 480 scriptus,
1145 414 1174 464 et
1188 408 1262 463 baali
1275 408 1418 463 Ambrosii
1431 407 1550 462 nomine
1562 408 1765 480 praesignatus,
1783 423 1850 479 apo-

91 505 225 578 pertinet,
242 519 449 575 usquequaque
464 519 523 556 non
541 502 663 557 dicimus
679 501 850 558 renuendos.
867 501 940 555 Item
995 498 1129 569 cryphus.
1164 496 1288 551 Historia
1326 495 1440 550 Eusebii
1477 496 1630 569 Pamphili,
1670 497 1848 569 apocrypha,

92 593 226 651 Orosiam
252 593 346 647 virum
380 591 605 646 eruditissimum
635 589 842 657 collaudamus,
874 587 941 659 quia
996 585 1136 656 Opnscula
1150 584 1330 646 Tertulliani,
1347 583 1405 639 sive
1415 583 1551 653 Airicani,
1568 585 1745 656 apocrypha.
1760 584 1851 655 Opns-

91 681 173 737 valde
196 680 279 735 nobis
308 679 498 734 necessariam
526 677 661 732 adversus
688 693 870 748 paganorum
897 691 942 730 ca·
995 675 1059 729 cula
1075 673 1254 728 Postumiani
1276 673 1401 740 etGalli,
1417 673 1590 745 apocrypha.
1613 671 1757 745 Opnscula
1774 672 1851 726 Hon-

91 770 217 824 lumuias
232 767 376 822 ordinavit
390 767 550 833 historiam,
572 765 704 836 miraque
719 763 857 820 brevitate
870 780 942 818 con·
995 762 1065 827 tani,
1086 766 1114 816 ct
1140 762 1286 829 Priscillae,
1303 765 1331 816 et
1355 761 1527 829 Maximillae,
1553 761 1727 834 apocrypha.
1752 760 1851 833 Opus-

91 858 190 914 texnit.
213 857 283 911 Item
308 853 480 909 venerabilis
503 852 557 907 viri
573 853 682 908 Sedulii
703 853 838 907 Paschale
857 867 940 923 opus,
995 851 1059 904 cula
1081 849 1179 904 omnia
1203 849 1299 904 Fausti
1322 849 1480 917 Hanicbaei,
1506 850 1677 922 apocrypha.
1702 849 1851 919 Opnscula

92 946 167 1020 quod
183 943 309 1000 Heroicis
330 942 480 1012 descripsit
501 941 629 996 versibus
644 941 750 1011 insigni
767 941 851 995 laude
863 956 941 1011 pras·
995 939 1114 993 alterius
1127 939 1282 994 Clementis
1299 938 1496 1006 Alexandrini,
1514 939 1686 1010 apocrypha.
1702 939 1851 1009 Opnscula

91 1036 221 1090 terimus.
241 1034 312 1087 Item
335 1031 451 1086 Juvenal
474 1029 664 1084 nihilomiuus
679 1029 855 1084 laboriosum
870 1045 942 1100 opus
996 1026 1121 1081 Cassiani
1144 1026 1305 1099 presbyteri
1319 1027 1486 1093 Galliarum,
1510 1028 1684 1098 apocrypha.
1703 1026 1849 1099 Opnscula

92 1140 151 1178 non
166 1120 338 1195 spernimus,
359 1119 408 1173 sed
424 1119 577 1173 illiramur.
599 1119 706 1173 ealera
721 1134 785 1189 quac
801 1118 836 1172 ab
851 1118 942 1172 hare·
996 1115 1132 1170 Victorini
1156 1115 1351 1183 Pictaviensis,
1373 1115 1547 1187 apocrypha.
1578 1115 1722 1186 Opnscula
1754 1114 1848 1170 Fausti

91 1212 155 1266 licis
171 1213 199 1265 el
208 1208 394 1263 schismaticis
404 1208 576 1277 conscripta,
589 1207 632 1260 vel
643 1207 781 1277 praedicta
791 1210 866 1273 sunl,
877 1206 942 1260 nul·
997 1204 1144 1275 Regiensis
1168 1204 1335 1271 Galliarum,
1351 1205 1525 1276 apocrypha.
1551 1203 1696 1274 Opnscula
1711 1204 1847 1258 Frumen-

93 1301 205 1354 latenns
220 1297 322 1368 recipit
336 1297 476 1351 catholica
491 1300 519 1349 et
531 1294 686 1365 apostolica
702 1293 831 1348 Romana
844 1294 942 1348 Eccle-
995 1292 1039 1359 iil,
1057 1293 1229 1363 apocrypha.
1247 1292 1373 1362 Epistola
1387 1294 1453 1347 lesu
1469 1292 1506 1347 ad
1528 1291 1705 1363 Abagarum,
1729 1308 1845 1362 apocry-

93 1387 144 1441 sia.
169 1387 190 1440 E
211 1385 316 1456 quibus
343 1401 435 1455 pauca
459 1400 524 1454 qllae
545 1384 581 1437 ad
604 1383 776 1437 memoriam
799 1382 940 1449 venerint,
995 1380 1063 1451 pha.
1081 1380 1205 1452 Epistola
1227 1380 1350 1451 Ahagari
1363 1381 1398 1435 ad
1420 1382 1526 1449 lesum,
1549 1381 1725 1453 apocrypha.
1751 1381 1843 1436 Passio

92 1482 121 1530 et
136 1492 153 1529 a
167 1474 314 1530 catholicis
325 1473 441 1527 vitanda
456 1477 532 1538 sunt,
549 1471 691 1526 crediluns
706 1486 767 1525 esse
782 1470 940 1526 subdenda.
996 1467 1117 1533 Quiricae
1138 1474 1167 1522 el
1189 1468 1295 1536 lulltae,
1319 1468 1491 1541 apocrypha.
1513 1469 1611 1524 Passio
1636 1469 1767 1540 Georgii,
1782 1486 1844 1540 apo

94 1581 159 1634 Cae.
195 1578 304 1633 ccxxi.
319 1606 354 1617 —
371 1579 405 1630 lle
434 1578 534 1631 notitia
562 1574 693 1629 librorum
714 1573 939 1643 apocryphorum,
961 1558 1112 1655 BcflPha·
1135 1557 1246 1627 ScriPta
1269 1573 1334 1629 <1¹¹oe
1351 1558 1533 1628 ⁸PP⁰¹¹PPt¹¹f
1555 1557 1720 1613 5⁸¹⁰m⁰ni⁸
1738 1564 1842 1613 ⁰⁰⁰¹&

129 1651 178 1718 qai
192 1665 210 1702 a
225 1651 327 1702 sanctis
352 1647 483 1701 Patribus
497 1651 597 1701 aeterna
620 1647 793 1700 damnatione
816 1643 942 1699 damnati
996 1645 1094 1712 dictio,
1106 1648 1278 1716 apocrypha.
1295 1646 1473 1716 Phylacleria
1483 1645 1591 1714 omnia,
1607 1662 1673 1717 qnae
1685 1662 1747 1700 non
1759 1662 1841 1718 ange·

130 1725 203 1774 sum·
995 1731 1101 1797 lorum,
1118 1739 1150 1787 ut
1173 1732 1216 1787 illi
1231 1733 1409 1804 contingunt,
1430 1733 1477 1788 sed
1493 1735 1661 1790 daemonum
1685 1733 1781 1804 magis
1794 1751 1840 1788 no·

129 1821 365 1895 (lternejusdem.)
385 1821 416 1875 ln
439 1820 540 1890 primis
564 1819 775 1875 Ariminensem
800 1819 941 1890 synodum
996 1821 1123 1876 minibus
1154 1821 1314 1891 conscripta
1338 1826 1412 1889 sunt,
1447 1823 1620 1894 apocrypha.
1654 1821 1725 1877 Haec
1751 1821 1840 1876 ethis

95 1930 111 1967 a
134 1911 318 1967 Constantino
334 1913 443 1964 Caesare
466 1909 645 1964 Constantini
663 1908 722 1963 fllia
739 1912 942 1978 congregatam
996 1909 1111 1977 similia,
1141 1926 1206 1980 quae
1237 1910 1337 1965 Simon
1365 1911 1473 1982 Hagus,
1507 1911 1649 1980 Nicolaus,
1681 1909 1839 1976 cerinthos,

94 2001 238 2056 mediante
260 2001 352 2054 Tauro
376 1997 522 2068 praelecto,
546 2013 578 2050 ex
600 2001 667 2051 lunc
691 2000 717 2050 et
741 1995 772 2049 in
800 2001 941 2050 aternum
996 1997 1131 2064 Marcion,
1162 1997 1307 2064 Basilides,
1338 1997 1439 2064 Ebiou,
1462 1999 1567 2052 Paulus
1595 1996 1683 2051 eliam
1713 1995 1839 2051 Samosa-

92 2089 264 2144 conHtemur
286 2102 347 2141 esse
371 2087 546 2140 damnatam.
565 2084 636 2138 Item
662 2083 805 2139 ltinerarii
824 2081 941 2136 nomine
995 2091 1090 2153 tenus,
1116 2085 1233 2139 Petinus
1248 2091 1276 2139 et
1300 2085 1439 2149 Bonosus,
1463 2085 1514 2156 qui
1539 2083 1628 2138 simili
1643 2096 1746 2137 errore
1769 2080 1838 2136 defe-

92 2176 170 2233 Petli
198 2175 330 2245 apostoli,
359 2174 435 2245 quod
466 2173 628 2243 appellatur
656 2170 747 2225 saneti
775 2169 940 2234 Clementis,
995 2177 1106 2239 cerunt,
1134 2174 1285 2228 Montanus
1310 2189 1426 2246 quoque
1449 2189 1515 2227 cum
1540 2172 1599 2226 sais
1625 2169 1842 2227 obscoeuissimis

92 2262 159 2317 libri
174 2260 244 2326 Vlll,
260 2257 425 2330 apocryphi·
439 2261 525 2311 Actus
541 2255 659 2310 nomine
673 2256 795 2309 Andreoe
808 2253 941 2326 aposloli,
996 2262 1176 2333 sequacibus,
1192 2261 1378 2332 Apollinaris,
1404 2262 1571 2316 Valentinus
1586 2260 1647 2315 sive
1661 2259 1842 2323 blanichaeus,

93 2348 282 2420 apocryphus.
313 2349 398 2400 Actus
427 2343 544 2399 nomine
572 2344 690 2399 Thomae
711 2342 843 2413 aposloli,
869 2357 942 2413 apo·
997 2349 1125 2414 Faustus,
1154 2347 1305 2414 sabellius,
1337 2347 1431 2415 Arius,
1457 2347 1649 2415 Macedonicis,
1679 2346 1844 2414 Eunomius,

93 2436 226 2508 aryplaus.
244 2434 413 2488 Actusalius
435 2432 551 2487 aoniae
568 2432 643 2487 Petri
664 2431 796 2503 aposloli.
820 2446 942 2502 apacry-
997 2439 1132 2506 uovalus,
1152 2435 1316 2504 Sabbaaius,
1343 2436 1474 2504 calistus,
1500 2437 1625 2491 bonulus
1647 2440 1678 2489 at
1694 2435 1843 2501 austasius,

93 2524 178 2596 phus-
201 2525 286 2576 Actus
306 2521 422 2575 uomina
447 2520 572 2590 Philippi
595 2519 728 2590 apostoli,
752 2518 941 2589 apocryphus.
995 2524 1177 2592 nibinianus,
1204 2525 1345 2595 Pelagius,
1371 2524 1504 2579 lulianus
1529 2523 1697 2591 adanensis,
1725 2522 1845 2578 eoelesti-

95 2611 246 2682 Evangelia
273 2609 409 2665 Thaddaei
436 2609 564 2674 nomine,
589 2607 761 2679 apocrypha.
790 2607 944 2677 Evangelia
996 2614 1273 2681 nugllarimianus,
1299 2612 1712 2684 Priscillianusabfljspania‚
1728 2613 1844 2683 lumpe-

93 2702 210 2756 nomine
228 2699 374 2765 Bfllssahaes
393 2698 567 2768 aP⁰⁰flPh³·
589 2696 742 2768 Evangelia
758 2695 876 2750 11⁰miss0
890 2696 942 2749 ΡΘ·
997 2701 1071 2769 dius,
1094 2701 1255 2769 Dioscorus,
1281 2701 1447 2773 Eutychius,
1471 2703 1572 2756 Petrus
1594 2700 1713 2757 elalius
1735 2702 1843 2766 Petrus,

93 2790 130 2844 tri
154 2789 283 2860 apostoli,
310 2787 484 2858 apocrypha.
508 2785 661 2855 Evangelia
681 2784 800 2838 nomine
814 2783 941 2851 Thema,
997 2788 1132 2860 equibus
1158 2805 1231 2842 unus
1246 2789 1460 2858 Alexandriam,
1486 2791 1560 2844 alius
1581 2789 1766 2844 Antiochiam
1786 2804 1843 2843 ma·

93 2878 198 2950 quibus
222 2875 368 2932 ldanicbaei
384 2879 516 2942 utuntur,
533 2874 707 2944 apocrypha.
724 2872 877 2943 Evangelia
889 2886 941 2925 no·
958 2883 978 2941 c
996 2878 1111 2944 culavit,
1142 2877 1279 2932 Achatius
1313 2877 1644 2950 Constantinopolitanae
1677 2893 1744 2933 cnm
1778 2893 1841 2932 coa-

93 2967 171 3021 mine
201 2960 412 3032 Bartholomaei,
449 2963 614 3033 apocrypha
641 2960 795 3031 Evangelia
823 2960 940 3014 nomine
995 2965 1119 3019 sortibus
1146 2966 1216 3033 suis,
1239 2972 1397 3021 necnonel
1418 2983 1519 3021 omnes
1544 2967 1669 3021 haereses
1695 2982 1768 3038 quas
1790 2965 1841 3037 ipsi

92 3055 213 3109 Andreae
235 3052 367 3124 apostoli,
384 3051 555 3123 apocrypha.
576 3049 728 3120 Evangelia
742 3064 807 3119 qaae
829 3047 941 3102 falsavit
995 3069 1153 3124 eorumque
1177 3053 1320 3124 discipuli,
1342 3055 1400 3108 sive
1415 3054 1587 3110 schismatici
1608 3055 1780 3123 docuerunt,
1801 3053 1840 3107 rel

93 3143 243 3208 Lucianus,
258 3140 431 3211 apocrypha.
451 3137 603 3208 Evangelia
618 3153 683 3209 quae
694 3137 807 3191 falsavit
821 3137 939 3203 Ysicius,
995 3141 1234 3213 conscripserunt,
1261 3159 1386 3213 quorum
1400 3143 1519 3199 nomina
1539 3143 1659 3198 minime
1675 3143 1837 3208 retinemus,

92 3230 264 3302 apocrypha.
283 3228 366 3282 Liber
380 3227 415 3281 de
431 3225 553 3279 infantia
572 3225 733 3291 silvatoris,
749 3224 939 3296 apocryphus·
995 3246 1053 3284 non
1068 3231 1162 3285 solum
1177 3231 1337 3302 repudiata,
1358 3232 1547 3287 verumetiam
1561 3232 1597 3287 ab
1609 3232 1692 3287 omni
1707 3231 1836 3287 catholica

91 3320 174 3374 libel
190 3319 225 3373 de
249 3316 399 3372 Nativilflie
422 3313 633 3378 miratoriam
651 3312 686 3367 de
704 3314 800 3377 Mariti,
826 3312 941 3367 V010b·
995 3319 1123 3373 Homana
1137 3319 1259 3373 Ecclesia
1281 3319 1441 3389 eliminata,
1461 3325 1547 3392 atqua
1563 3336 1629 3375 cum
1644 3320 1705 3374 suis
1720 3319 1834 3375 auctori-

92 3407 215 3474 stetriee,
241 3403 431 3476 apocryphus·
457 3401 540 3456 Liber
555 3400 606 3471 qui
629 3401 790 3470 appellatur
806 3400 940 3467 Pastoris,
994 3407 1058 3472 bus,
1084 3413 1291 3479 auctorumque
1316 3408 1486 3481 sequacibus
1509 3409 1562 3464 sub
1586 3409 1776 3464 anathematis
1796 3408 1832 3462 in·

92 3495 282 3566 apocryphus.
301 3491 378 3547 libri
393 3506 495 3544 omnes
510 3506 583 3560 quas
602 3489 668 3543 lacit
683 3489 799 3543 ieuiius
814 3489 941 3559 discipu·
994 3495 1155 3551 dissolubili
1170 3495 1336 3564 vinculata
1351 3501 1493 3552 aeteruum
1504 3496 1678 3552 confitemur
1692 3513 1752 3553 esso
1767 3497 1832 3553 daus

92 3585 137 3638 lus
152 3583 271 3651 diaboli,
292 3579 458 3652 apocryphi.
478 3578 560 3633 Liber
580 3577 629 3649 qui
648 3578 811 3649 appellatur
827 3579 940 3633 Funda·
995 3587 1071 3636 nata.

92 3676 234 3736 mentum,
259 3670 451 3739 apocryphus.
469 3666 553 3721 Liber
570 3665 620 3737 qui
643 3665 941 3736 appellaturl'hesau-
995 3689 1061 3744 cst.
1087 3687 1206 3744 Cfflpp
1225 3718 1255 3730 ,,
1273 3689 1400 3757 Quando,
1421 3694 1446 3744 ὅ,
1465 3705 1518 3760 quo
1533 3695 1651 3761 tempore
1677 3691 1742 3746 35⁶„-
1766 3691 1827 3745 m,

92 3777 151 3827 rus,
168 3757 357 3831 apocryphus.
376 3757 458 3811 hiber
472 3755 507 3809 de
522 3754 635 3809 liliabus
650 3754 843 3825 Adelgenesis,
866 3769 940 3825 apo·
1149 3762 1190 3813 ris
1202 3764 1228 3813 et
1240 3761 1309 3817 Noui
1326 3760 1491 3816 Testamenti
1505 3761 1612 3831 boanda·
1622 3765 1689 3817 sint.

91 3848 224 3919 eryphus.
250 3846 458 3902 centimetrum
482 3845 517 3898 de
541 3843 653 3899 Christo
675 3843 837 3914 Virgilianis
858 3859 939 3899 com·
1031 3847 1063 3901 In
1090 3847 1307 3918 septuagesima
1335 3853 1449 3920 ponunt
1473 3850 1670 3921 heptaticum,
1697 3847 1824 3922 usquein

34 3980 38 3989 ,
90 3936 260 4006 paginaturu
283 3933 419 4000 versibus,
445 3932 652 4002 apocryphum.
679 3930 939 4002 Liberquiappel-
995 3936 1037 3989 XV
1066 3934 1142 3990 diem
1176 3940 1242 3990 ante
1275 3937 1391 3991 Pascha.
1416 3937 1528 3993 xviiia
1561 3943 1627 3994 ante
1652 3939 1758 3994 Pascha
1786 3950 1824 4008 pe
1874 3974 1876 3999 ;

90 4017 940 4089 latnrActusTeclasetPauli,spocryphus.Liberquiap-
995 4024 1068 4075 nunt
1101 4023 1285 4091 Hieremiam,
1319 4041 1409 4096 usque
1446 4025 1477 4080 in
1507 4042 1619 4081 eoenam
1652 4026 1774 4082 Domini.
1801 4023 1823 4076 la
1874 4050 1876 4055 ·

92 4113 216 4184 pellatur
236 4110 362 4180 Nepotis,
392 4107 583 4178 apocryphus,
612 4107 695 4159 Liber
718 4106 938 4160 Proverbiorum
995 4126 1075 4165 coena
1090 4111 1205 4165 [lamini
1229 4112 1330 4183 legunt
1343 4118 1400 4168 tras
1415 4114 1553 4170 lectiones
1568 4115 1604 4171 de
1626 4113 1822 4171 lamentatione
1872 4070 1876 4205 ⁴

91 4201 126 4255 ab
150 4199 290 4254 haereticis
313 4197 502 4266 conscriptus,
525 4200 553 4248 et
568 4193 658 4247 sancti
673 4193 745 4247 Sixti
768 4193 885 4249 nomine
901 4196 938 4251 si·
995 4198 1170 4254 Hieremiae:
1187 4199 1336 4263 Quomodo
1358 4202 1436 4257 sedet
1451 4203 1511 4257 sola
1533 4203 1644 4270 civitas,
1669 4209 1722 4260 etc.
1739 4204 1821 4258 ilua
1873 4208 1876 4259 ῑ

91 4293 206 4358 gnatus,
223 4285 413 4356 apocryphus.
430 4283 576 4339 Revelatio
588 4298 652 4352 qula
670 4281 832 4352 appellatur
846 4284 937 4353 Pauli,
992 4287 1027 4341 de
1041 4292 1164 4342 tractatu
1179 4287 1269 4343 sancti
1282 4289 1436 4359 Augustini
1451 4291 1481 4345 in
1492 4292 1606 4347 Psalmo
1616 4293 1695 4348 illlll
1708 4286 1820 4351 :Exaudi
1874 4262 1876 4337 Ῐ

92 4374 263 4446 apocrypha.
281 4372 426 4428 Revelatio
448 4386 511 4443 qua
538 4371 699 4440 appellatur
721 4370 845 4438 Thomas,
869 4388 939 4444 apo·
993 4377 1078 4443 Deris,
1105 4377 1266 4432 orationem
1289 4394 1384 4432 meam
1407 4395 1473 4434 cnm
1496 4380 1643 4452 deprecor.
1669 4382 1704 4435 lit
1725 4385 1778 4434 tres
1796 4375 1821 4431 ie
1874 4386 1876 4453 j

91 4462 211 4533 erypha.
234 4459 378 4516 Revelatio
398 4474 463 4531 quae
478 4458 638 4527 appellatur
650 4456 797 4528 Stephani,
819 4473 939 4531 apocry·
992 4465 1141 4534 Apostolo,
1167 4465 1217 4519 ubi
1245 4467 1286 4520 ait
1308 4466 1345 4520 ad
1369 4466 1533 4522 Corinthus
1561 4482 1568 4522 :
1600 4465 1821 4524 Convenianlihas

91 4552 158 4623 plia.
179 4549 265 4605 Liber
287 4549 337 4620 qui
360 4548 521 4619 appellatur
534 4545 681 4600 Transitus
705 4551 810 4602 sanetae
831 4547 937 4616 llariar,
992 4552 1115 4608 vobisin
1138 4569 1240 4608 unum.
1262 4554 1391 4609 Secunda
1411 4554 1496 4610 lectio
1512 4556 1551 4610 sic
1565 4555 1668 4627 incipit
1683 4572 1690 4611 ε
1705 4554 1821 4612 Similiter

90 4640 279 4712 apocryphus.
307 4637 389 4692 hiber
403 4637 452 4708 qui
469 4635 632 4705 appellatur
652 4634 821 4690 Paenitentia
834 4636 937 4702 Adam,
992 4644 1145 4711 postquam
1173 4641 1305 4696 coenarit.
1332 4641 1450 4698 Tertia:
1468 4644 1507 4698 lle
1532 4644 1710 4714 spiritalibus
1732 4646 1819 4701 anun.

88 4729 278 4800 apocryphus.
309 4725 393 4781 Liber
412 4726 447 4781 de
466 4723 544 4796 Ogiae
573 4722 689 4778 nomine
717 4723 857 4796 Gigantis,
888 4726 938 4796 qui
992 4728 1126 4784 uolumus
1152 4746 1201 4784 vos
1226 4730 1374 4801 ignorare,
1402 4730 1513 4789 fratres.
1543 4732 1576 4787 ln
1599 4733 1751 4788 Parascere
1778 4734 1820 4784 till

89 4821 153 4889 post
176 4816 317 4871 diluvium
342 4830 408 4869 cum
431 4812 606 4868 draconeab
628 4813 771 4867 haereticis
792 4827 937 4883 pugnasse
991 4816 1127 4872 lectiones
1160 4819 1194 4872 de
1224 4817 1440 4873 lamentatione
1469 4819 1629 4876 Hieremia..
1660 4823 1693 4876 Et
1717 4825 1769 4875 tres
1794 4813 1819 4869 ie

89 4905 267 4978 perhibetur,
290 4902 479 4975 apocryphus.
499 4901 581 4956 hiber
597 4901 647 4972 qui
661 4901 825 4971 appellatur
838 4901 938 4956 Testa·
992 4909 1115 4960 tractatu
1129 4907 1221 4960 sancti
1234 4907 1388 4978 Augustini
1404 4908 1435 4963 in
1450 4909 1562 4964 Psalmo
1580 4910 1672 4964 Lxlll.
1688 4910 1721 4964 Et
1732 4914 1784 4962 tres
1794 4901 1818 4956 dt
1874 4940 1876 4961 l

88 4999 220 5048 mentum
242 4993 305 5058 tob,
321 4990 511 5063 apocryphus.
530 4989 614 5043 Liber
633 4988 684 5060 qui
699 4989 861 5060 appellatur
874 4991 936 5044 Poe·
990 4995 1138 5064 Apostolo,
1160 4995 1211 5049 ubi
1233 4995 1273 5049 ait
1288 4996 1320 5051 in
1343 4996 1463 5067 epistola
1486 4995 1524 5052 ad
1538 4997 1673 5053 Hebraeos
1688 5014 1695 5053 :
1713 4992 1816 5052 Festina·

88 5083 212 5137 nitentia
233 5081 374 5152 Origenis,
391 5079 580 5151 apocryphus.
605 5077 754 5149 Liberqui
774 5079 938 5149 appellatur
990 5095 1054 5135 mus
1083 5081 1198 5152 ingredi
1227 5082 1256 5136 in
1284 5082 1364 5137 illam
1395 5084 1536 5156 requiem.
1570 5086 1702 5142 &cunda
1729 5080 1815 5139 lectio:

88 5169 258 5223 Paenitentia
283 5169 373 5223 sancti
398 5166 542 5238 Cypriani,
568 5166 757 5236 apocr5phus.
780 5166 865 5221 Liber
887 5166 937 5237 qui
990 5169 1089 5226 Omnis
1117 5186 1242 5242 namque
1271 5171 1410 5241 pontilex.
1435 5173 1555 5228 Tertia:
1578 5174 1619 5229 lle
1644 5191 1702 5246 quo
1724 5163 1815 5244 grandi!

88 5257 251 5327 appellatur
274 5259 383 5312 lamnas
408 5260 437 5310 et
458 5254 602 5321 Mambrae,
634 5255 825 5326 apocryphus.
853 5256 937 5310 Liber
989 5258 1073 5312 nobis
1086 5274 1181 5314 sermo
1195 5264 1248 5314 est.
1273 5261 1305 5314 ln
1321 5259 1445 5317 Sabbata
1459 5268 1557 5317 sancto
1572 5267 1631 5317 tras
1655 5263 1782 5319 lectiones
1791 5253 1815 5309 il

87 5345 138 5417 qui
153 5344 315 5415 appellatur
335 5343 400 5399 Sors
415 5344 623 5413 apostolorum,
644 5343 835 5414 apocryphus.
851 5343 936 5399 Liber
990 5345 1204 5402 Lamentatione
1234 5346 1396 5404 Hieremia.
1424 5349 1458 5404 Et
1472 5354 1530 5404 tres
1548 5350 1584 5406 dc
1599 5355 1723 5408 tractatu
1746 5338 1815 5404 saalfi

88 5435 163 5489 Lusa
185 5432 315 5503 apostoli,
339 5433 529 5503 apocryphus.
555 5429 633 5486 Libri
648 5427 776 5486 ‘maanes
790 5432 934 5503 apostola·
988 5435 1142 5506 Augustini
1154 5435 1186 5492 in
1199 5437 1312 5492 Psalmo
1324 5438 1406 5493 llllll
1419 5453 1427 5494 ε
1440 5437 1558 5510 Exaudi,
1574 5439 1661 5511 Deus,
1678 5438 1814 5497 amioum
