3894 6120
148 285 199 341 att
682 276 890 336 artnentum
909 274 1177 335 wonaacurnsrs
1196 273 1360 332 rrtscort.
1853 278 1903 333 848

148 407 184 463 ab
215 405 327 478 augelis
353 405 411 459 lieo
443 417 558 457 summo
585 401 633 473 pie
665 401 854 457 seruientibus
885 417 919 456 ex
945 400 1039 456 aliah
1057 402 1124 454 tura
1147 397 1304 453 certissime
1317 397 1432 465 scirent,
1456 397 1522 453 ideo
1537 413 1656 470 persua
1677 398 1792 470 tempta
1814 403 1906 456 hene·

149 495 336 568 dispositione
369 491 479 563 ignota,
513 491 697 546 daemonibus
724 507 759 545 ex
788 489 945 560 improviso
970 504 1004 544 ac
1056 493 1135 555 runt,
1151 503 1188 542 ue
1206 487 1267 557 jam
1283 490 1350 541 tunc
1372 487 1532 556 inciperent
1550 486 1586 542 ab
1608 487 1780 543 homiuibus
1802 486 1907 543 intelli·

149 589 269 655 repente
299 586 458 649 mutantur,
488 584 626 651 tanquam
655 580 681 634 si
708 578 818 650 aliquid
849 594 927 651 aegro
953 594 1002 633 ex·
1056 577 1192 648 gentibus
1203 575 1297 631 deseri
1311 581 1396 647 atque
1406 575 1573 632 contemni:
1588 575 1666 648 quud
1680 576 1716 631 de
1733 576 1907 647 templorum

149 671 293 728 trinsecus
328 669 445 724 accedat
478 684 535 739 quo
569 668 721 735 moriatur,
755 682 841 738 quem
874 666 1003 722 medicus
1058 670 1086 721 et
1119 665 1338 721 simulacrorum
1370 679 1489 720 suorum
1521 665 1618 720 lutura
1653 665 1806 721 eversione
1836 667 1909 722 eise

150 761 226 815 reris
251 758 352 814 salutis
379 756 609 828 precedentibus
642 755 743 826 signis,
770 756 909 810 victarum
942 769 1003 809 esse
1057 753 1207 826 prophetis
1239 757 1432 821 attestaretur,
1464 753 1515 824 qui
1542 769 1592 809 eos
1617 754 1673 809 coli
1705 754 1908 825 prohibebant.

149 848 333 920 promiserat.
350 848 408 901 Aut
422 846 446 900 si
469 844 544 900 aeris
570 843 708 916 qualitate
735 843 848 915 provisa
870 843 920 899 diu
945 848 1003 898 sta·
1056 843 1140 899 Nunc
1154 858 1222 898 vero
1239 847 1426 914 posteaquam
1445 847 1560 913 tempus
1573 843 1691 899 advenit
1707 859 1768 914 quo
1784 845 1908 914 eomple-

150 942 248 992 tntum
278 936 361 990 illum
387 939 506 989 rentum
545 936 701 988 nautmum
735 931 825 1004 aliqui
854 931 1003 1003 praedixis·
1057 937 1158 987 rentur
1174 931 1308 986 vaticinia
1326 931 1539 1001 prophetarum
1561 932 1610 986 ltei
1628 931 1729 999 unius,
1753 932 1822 1003 quis
1846 929 1909 988 istos

150 1030 224 1093 sent,
250 1040 314 1079 cum
343 1023 481 1078 Dominus
509 1022 637 1079 Christus
660 1038 724 1077 cum
748 1020 895 1092 discipulis
922 1019 1004 1075 nari·
1057 1021 1127 1076 deos
1141 1020 1221 1083 dicit,
1239 1025 1268 1075 et
1284 1024 1315 1074 ut
1329 1020 1461 1074 colantur
1479 1020 1733 1075 vehementissime
1757 1020 1909 1092 praecipiti

149 1130 222 1186 gans
249 1118 281 1167 ut
302 1112 497 1184 requiesceret
520 1111 683 1182 imperavit,
709 1115 738 1165 et
766 1110 840 1165 tacta
859 1113 903 1164 est
926 1113 1004 1164 trau·
1056 1109 1151 1173 Quum
1167 1125 1225 1162 non
1239 1108 1293 1163 hoc
1305 1108 1392 1163 etiarn
1403 1107 1459 1179 ipsi
1472 1115 1650 1179 compertum
1661 1109 1828 1180 praedicere
1842 1112 1910 1167 sine·

150 1200 279 1274 quillitas
300 1216 415 1271 magna,
439 1200 488 1255 Vel
509 1200 533 1254 si
549 1200 674 1270 agricola
688 1199 738 1253 illo
753 1214 830 1252 auno
845 1196 1003 1252 fructifica·
1056 1200 1167 1263 rentur,
1184 1201 1215 1250 ut
1237 1196 1304 1252 inde
1316 1196 1421 1251 clarius
1435 1202 1586 1268 appareret
1612 1213 1662 1253 eos
1687 1199 1753 1253 baec
1768 1201 1907 1256 antestet

149 1294 247 1345 turam
270 1289 358 1344 vitem
381 1289 508 1360 aliquam
536 1287 718 1358 polliceatur,
746 1291 880 1341 naturam
904 1286 1003 1357 utique
1057 1285 1179 1341 minime
1207 1285 1368 1348 credidisse,
1396 1285 1439 1342 rel
1470 1287 1529 1341 suis
1560 1287 1723 1342 cultoribus
1755 1289 1907 1345 enunciare

148 1384 236 1434 terrae
250 1380 279 1432 et
293 1393 430 1432 numeros
444 1376 590 1431 seminum
604 1375 721 1441 callens,
738 1391 795 1446 quo
812 1379 911 1429 tamen
926 1390 1002 1429 anuo
1056 1374 1198 1441 timuisse,
1215 1375 1245 1429 in
1267 1374 1324 1430 line
1345 1378 1442 1430 autam
1465 1380 1603 1447 tanquam
1620 1375 1694 1430 nihil
1720 1376 1851 1449 amplius
1863 1379 1906 1433 ba·

151 1483 215 1522 eam
244 1465 289 1520 vel
317 1465 475 1536 improvisa
496 1465 559 1518 coeli
582 1463 767 1534 intemperies
794 1462 939 1532 arefaciat,
962 1463 1002 1519 ita
1056 1463 1390 1534 bentesquidagerent,
1414 1463 1695 1519 ctiamibiroluisse
1720 1471 1909 1522 suamusten·

151 1556 244 1610 multa
259 1553 345 1608 etiam
359 1554 393 1608 ad
408 1554 591 1624 praesentiam
604 1552 881 1623 praedictionemque
897 1552 1002 1606 drumo-
1056 1555 1118 1606 tare
1141 1550 1330 1618 divinitatem,
1356 1550 1404 1604 ubi
1415 1552 1477 1621 jam
1501 1552 1662 1622 produntur
1690 1552 1742 1606 diu
1763 1554 1908 1609 simulasse

152 1654 222 1698 num
234 1641 418 1712 pertinentia,
432 1658 497 1712 quae
512 1640 673 1696 minoribus
687 1645 716 1695 et
729 1641 926 1695 usitatioribus
941 1657 1003 1695 cau-
1057 1640 1407 1695 divinationemrrnmen
1430 1656 1482 1694 nec
1497 1639 1551 1693 ista
1570 1639 1634 1710 ipse
1657 1656 1727 1711 quae
1742 1641 1781 1696 ab
1806 1642 1848 1697 eis
1869 1643 1907 1698 rin

153 1729 632 1800 sistaturapraevidentur,eadem
649 1729 807 1799 majoribus
822 1733 851 1783 et
866 1729 1002 1783 occultio-
1057 1745 1124 1784 raro
1144 1733 1172 1783 et
1195 1729 1325 1783 clanculo
1348 1728 1543 1798 proteruntur,
1573 1744 1692 1784 movere
1718 1745 1776 1784 nos
1798 1730 1906 1787 debent

152 1819 232 1873 ribus
247 1818 339 1872 carreis
354 1818 495 1888 impedita
507 1823 665 1873 mutantur.
684 1819 901 1874 Falluntautem
915 1818 1001 1872 etiam
1056 1818 1085 1873 Si
1101 1817 1236 1889 cuiquam
1256 1817 1420 1872 daemonum
1438 1821 1579 1871 extortum
1595 1822 1648 1882 est,
1664 1816 1696 1873 id
1711 1818 1840 1888 prodere
1852 1820 1908 1875 cul·

153 1908 248 1962 studio
262 1906 380 1961 fallendi
393 1911 420 1961 et
435 1906 533 1961 invida
546 1907 701 1980 uoluntate,
714 1909 782 1977 quia
797 1906 948 1960 bominum
961 1922 1003 1960 er·
1056 1907 1168 1961 toribus
1181 1906 1239 1960 suis
1252 1905 1328 1977 quud
1344 1904 1482 1959 didicerat
1496 1921 1530 1959 ex
1545 1904 1671 1977 eloquiis
1686 1908 1908 1979 prophetarum,

152 2012 219 2050 rore
236 1996 378 2049 lactantur.
396 1995 452 2050 Sed
469 2011 504 2048 ne
519 1995 595 2065 apud
610 1995 733 2050 cultores
746 2010 813 2049 suos
826 1994 939 2066 pondus
954 2009 1002 2048 au·
1055 1996 1101 2050 rel
1118 2011 1151 2050 ex
1168 1995 1291 2050 oraculis
1305 1995 1484 2065 angelornm.
1501 1993 1580 2059 Quod
1596 2009 1648 2049 cur
1659 2009 1722 2049 non
1736 1994 1833 2063 tieret,
1847 2012 1908 2051 cum

152 2083 293 2139 claritatis
320 2081 464 2150 amittant,
482 2082 511 2136 id
535 2088 637 2153 agunt,
653 2086 685 2137 ut
712 2082 919 2155 interpretibus
942 2082 1001 2136 suis
1056 2088 1085 2139 et
1097 2084 1152 2139 ista
1174 2100 1235 2138 non
1259 2083 1317 2138 sint
1336 2082 1524 2154 oppugnatio,
1553 2082 1603 2138 scd
1624 2083 1747 2138 testatio
1763 2084 1910 2140 veritatis?

152 2169 360 2240 signorumque
382 2186 502 2225 suornm
517 2171 728 2241 conjectoribus
746 2171 830 2241 culpa
846 2170 998 2237 tribuatur,
1055 2173 1129 2228 Illud
1141 2173 1219 2228 enim
1234 2172 1412 2244 quodsolum
1422 2171 1456 2226 ab
1466 2170 1535 2242 ipsis
1545 2170 1711 2241 phanaticis
1721 2171 1907 2244 flagitandum

152 2258 267 2329 quando
291 2259 334 2312 vel
364 2259 475 2330 decepti
502 2259 619 2327 tuerint,
645 2259 688 2313 rel
712 2260 837 2317 mentiti.
861 2260 1000 2315 Nonnun·
1055 2265 1109 2327 est,
1138 2277 1190 2315 nec
1216 2276 1346 2332 unquam
1371 2264 1455 2315 antea
1478 2260 1674 2331 protulerunt,
1700 2276 1757 2315 nec
1787 2278 1909 2335 unquam

153 2362 240 2417 quam
260 2362 326 2401 vero
350 2347 404 2417 ipsi
429 2348 551 2418 maligui
566 2347 684 2419 spiritus
700 2353 729 2402 et
754 2348 885 2403 illusores
907 2347 1000 2402 bomi-
1055 2353 1165 2420 postea,
1198 2349 1254 2404 nisi
1281 2349 1356 2404 torte
1380 2347 1534 2403 confictum
1558 2348 1692 2419 proferre
1719 2350 1909 2419 conabuntur,

152 2449 223 2487 num
238 2438 322 2505 atque
338 2435 475 2489 inrisores
490 2436 590 2490 salutis
605 2452 715 2503 eorum,
738 2436 832 2491 solent
845 2435 1000 2507 praedicere
1055 2438 1165 2509 aliquid
1188 2437 1257 2493 deos
1278 2453 1347 2493 snos
1371 2442 1511 2509 pervales
1532 2452 1610 2502 suos,
1632 2442 1738 2493 contra
1761 2441 1854 2495 Deum
1873 2441 1910 2496 ls-

106 2571 113 2582 ,
153 2521 295 2576 deiectum
310 2522 428 2578 culturae
443 2540 503 2578 suae
517 2529 545 2579 et
559 2524 703 2579 idolorum
716 2525 843 2592 ruinam,
858 2529 1001 2595 quatenus
1054 2527 1115 2580 rael
1131 2542 1215 2580 ausos
1237 2525 1326 2581 tuisse
1341 2520 1560 2597 praedicere'ant
1582 2525 1690 2581 dicere.
1715 2528 1758 2581 lie
1775 2544 1833 2599 quo
1858 2529 1910 2584 beo

151 2611 255 2680 prescii
281 2611 432 2667 videantur
454 2612 523 2683 quid
551 2613 580 2667 in
597 2611 833 2683 singulisregnis
858 2617 910 2667 aut
930 2613 1000 2667 locis
1054 2614 1210 2670 doctissimi
1226 2629 1328 2668 eorum
1357 2617 1480 2678 autores,
1496 2612 1545 2685 qui
1564 2614 1734 2669 omniailta
1763 2617 1910 2688 tegerone

151 2702 304 2754 uenturum
328 2699 374 2765 sit,
398 2703 424 2753 et
442 2700 508 2770 qnid
535 2700 647 2756 adversi
671 2717 731 2755 sure
748 2701 864 2756 factioni
886 2701 999 2756 contin·
1055 2707 1317 2774 nossepotuerunt‚
1334 2702 1425 2774 magis
1440 2701 1636 2772 quaesiverunt
1651 2703 1720 2774 quis
1736 2705 1816 2760 Deus
1829 2710 1908 2776 esset,

151 2802 218 2858 gere
233 2789 333 2859 possit.
360 2788 439 2853 Quod
455 2789 542 2844 etiarn
566 2789 609 2845 illi
625 2791 842 2862 quigentilium
866 2790 1000 2846 historias
1055 2808 1142 2864 quarn
1159 2792 1249 2846 Deum
1278 2807 1385 2863 negare
1404 2795 1564 2863 potuerunt.
1593 2792 1685 2847 Porro
1711 2798 1816 2849 autem
1839 2795 1907 2849 lteas

149 2876 250 2946 legunt
270 2893 329 2931 non
346 2878 490 2947 ignorant.
511 2878 585 2943 Quid
605 2895 673 2950 ergo
697 2878 813 2947 mirum,
829 2879 926 2949 sijum
947 2879 1000 2934 im·
1053 2880 1107 2935 iste
1127 2896 1214 2952 quem
1237 2878 1335 2934 nullus
1366 2894 1465 2934 eorum
1495 2894 1602 2950 negare
1620 2895 1711 2935 ausus
1745 2887 1791 2937 est
1814 2899 1905 2938 verum

150 2965 278 3021 minente
308 2966 483 3041 temptorum
516 2971 544 3022 et
572 2967 794 3022 simulacrorum
828 2968 996 3035 eversione,
1014 2979 1035 3035 c
1054 2969 1157 3036 Deum,
1180 2968 1249 3040 quia
1263 2972 1292 3022 et
1308 2968 1332 3022 si
1348 2972 1466 3037 negaret
1481 2983 1539 3022 non
1563 2968 1661 3024 solum
1676 2969 1844 3040 subjaceret
1865 2972 1905 3026 de

149 3069 236 3124 quam
253 3054 401 3124 propbetas
417 3055 468 3109 ttei
490 3057 595 3110 summi
610 3062 690 3111 tanto
704 3061 770 3111 ante
795 3057 997 3127 predixerant,
1052 3056 1120 3111 bitis
1134 3057 1236 3127 poenis,
1250 3071 1351 3111 verum
1367 3055 1453 3111 etiam
1468 3056 1551 3110 certis
1565 3057 1795 3115 convinceretur
1808 3060 1904 3115 eliecti·

148 3141 261 3212 Serapis
288 3143 402 3197 daemon
437 3141 522 3196 alicui
551 3144 695 3198 cultorum
727 3161 847 3199 suorum
880 3144 935 3199 hoc
962 3145 997 3200 de
1052 3146 1115 3201 bus.
1132 3146 1188 3201 late
1202 3161 1271 3217 ergo
1296 3147 1370 3201 Deus
1382 3160 1571 3217 quemnemo,
1589 3146 1777 3215 utdirimus,
1792 3148 1898 3204 illorum

146 3230 275 3300 proximo
298 3228 435 3299 prodidit,
461 3235 492 3284 ut
514 3247 595 3285 suam
615 3232 698 3302 qnasi
721 3231 901 3287 divinitatem
918 3249 996 3287 rece·
1052 3250 1159 3306 negare
1174 3251 1260 3288 ausus
1275 3237 1317 3288 est
1334 3249 1433 3288 verum
1448 3234 1549 3298 Deum,
1564 3235 1632 3289 illos
1647 3235 1739 3292 ialsos
1752 3253 1816 3293 esse
1828 3238 1897 3300 deos,

148 3318 218 3371 dens
234 3318 276 3371 ret
292 3316 406 3388 fugiens
426 3320 650 3374 commendaret.
675 3320 822 3391 Fugantur
836 3321 914 3375 enim
938 3320 995 3386 isti,
1052 3329 1081 3378 et
1096 3323 1216 3379 omnino
1237 3322 1419 3390 deserendos,
1436 3338 1595 3394 eorumque
1616 3326 1733 3396 templa
1753 3331 1784 3381 et
1797 3324 1900 3381 simuta-

148 3405 293 3460 ueletiam
311 3405 398 3477 jussis
421 3407 618 3477 superioribus
645 3408 769 3479 colligati
793 3408 998 3464 abstrabuntur
1052 3427 1100 3466 cra
1114 3416 1234 3467 etsacra
1255 3410 1410 3466 evertenda
1424 3425 1476 3481 per
1495 3427 1562 3466 suos
1585 3416 1676 3480 rates,
1693 3412 1753 3468 hoc
1777 3419 1821 3470 est
1841 3429 1898 3484 pro·

148 3499 177 3549 ot
207 3495 486 3550 alienenturalocis
510 3496 581 3564 suis,
613 3502 645 3551 ut
666 3497 701 3552 de
733 3497 819 3552 rebus
837 3497 868 3552 in
893 3497 998 3570 quibus
1051 3498 1163 3575 phetas,
1180 3504 1281 3571 aperta
1294 3499 1477 3556 denunciatio
1488 3499 1632 3570 praedixit,
1649 3506 1757 3572 aperta
1769 3506 1898 3574 potestate

148 3582 316 3639 colebantur
330 3582 381 3638 liat
395 3585 525 3639 voluntas
551 3584 610 3652 ltei,
626 3587 676 3655 qni
691 3584 745 3641 boc
765 3592 846 3641 tauto
865 3592 932 3642 ante
946 3603 999 3658 per
1051 3589 1197 3660 praecepit,
1214 3592 1312 3659 aperta
1336 3588 1454 3644 veritate
1474 3587 1641 3659 complevit.
1668 3591 1754 3647 liudo
1778 3592 1842 3664 quis
1861 3593 1897 3644 est

148 3686 248 3727 omnes
262 3677 362 3743 gentes
385 3672 515 3728 futurum
538 3690 600 3730 esee
616 3675 757 3745 praedixit,
775 3679 804 3730 et
815 3679 848 3730 ut
863 3691 997 3745 persnas
1051 3676 1102 3748 qui
1115 3677 1290 3748 usqueadeo
1306 3676 1439 3748 desipiat,
1449 3680 1481 3731 ut
1492 3693 1625 3732 nonaum
1640 3680 1743 3749 potius
1755 3679 1896 3735 colendum

146 3758 246 3814 lideles
258 3760 340 3814 fieret
354 3761 516 3832 imperavit.
533 3765 697 3818 curantem
711 3765 765 3817 hoc
779 3779 838 3818 non
853 3763 997 3819 sineretur
1050 3765 1147 3836 eligat,
1164 3781 1249 3837 quom
1265 3766 1320 3820 coli
1335 3781 1393 3820 non
1408 3765 1561 3836 prohibent
1575 3781 1651 3838 qnos
1665 3768 1801 3825 colebat?
1814 3770 1895 3835 Quem

147 3850 262 3905 daemon
278 3852 446 3921 praedicere,
463 3868 529 3908 cum
546 3853 599 3906 sibi
616 3853 676 3923 jam
692 3856 885 3922 praenosceret
898 3852 995 3907 immi·
1049 3855 1150 3926 procul
1174 3854 1262 3909 dubio
1287 3869 1353 3909 cum
1376 3855 1469 3908 colere
1484 3854 1613 3926 coepcrit,
1637 3856 1704 3911 illos
1722 3857 1822 3930 utique
1842 3872 1894 3913 nou

146 3939 318 3995 nereidum
342 3941 403 3996 tinec
418 3943 567 4014 praedictio
589 3947 619 3996 et
632 3941 663 3996 iu
678 3943 825 4013 prophetis
844 3945 997 3998 attestare·
1049 3947 1091 3996 est
1106 3942 1245 4010 culturus,
1269 3958 1340 4014 quos
1366 3942 1500 4013 prohibet
1514 3942 1571 3998 coli
1594 3959 1684 4015 quem
1710 3947 1792 4002 colit.
1822 3944 1894 4012 Quod

147 4032 195 4082 tur
217 4045 234 4082 a
259 4029 365 4099 qnibns
392 4035 461 4085 sunt
484 4031 538 4085 ista
555 4030 725 4101 conscripta,
753 4035 783 4085 et
805 4031 995 4101 prudentibus
1049 4035 1146 4085 antem
1170 4030 1266 4102 ipsum
1294 4034 1390 4085 essent
1416 4031 1536 4085 culturae
1563 4036 1678 4103 gentes,
1704 4035 1896 4091 exterminatis

146 4115 227 4171 daret
241 4117 364 4184 intelligi
384 4133 470 4189 quam
497 4117 648 4188 vigilanter
671 4121 745 4172 esset
766 4117 932 4174 demonum
947 4135 994 4174 ca·
1049 4118 1105 4173 diis
1125 4120 1202 4174 falsis
1216 4136 1289 4192 quos
1303 4123 1388 4174 antea
1403 4119 1543 4188 colebant,
1558 4137 1576 4175 a
1589 4122 1745 4192 prophetis
1765 4126 1828 4194 eius
1842 4140 1896 4179 esse

145 4203 237 4258 venda
261 4202 382 4269 fallacia,
405 4206 556 4274 cultusque
580 4204 744 4275 fugiendus,
769 4206 820 4277 qui
839 4223 904 4275 cum
929 4211 1030 4314 antaD
1049 4208 1219 4280 predictum
1245 4208 1331 4280 paulo
1353 4211 1417 4263 ante
1441 4209 1747 4280 commemoravimus,
1777 4219 1808 4269 et
1826 4228 1895 4268 nune
1941 4286 1943 4291 Ι

145 4307 198 4361 per
219 4295 279 4344 tarn
301 4291 421 4362 longum
441 4298 556 4362 tempus
571 4292 600 4346 in
621 4294 736 4364 templis
750 4295 809 4349 suis
824 4296 885 4350 haec
898 4296 995 4350 future
1049 4301 1223 4368 repetamus.
1251 4296 1430 4363 Praestabit,
1456 4295 1563 4368 inquit,
1593 4298 1736 4355 Dominus
1768 4301 1895 4357 adversm

146 4378 311 4446 tacuissent,
341 4395 406 4451 qua>
434 4397 488 4451 par
513 4381 668 4453 prophetas
696 4383 836 4453 praedicta
860 4385 994 4455 ignorare
1048 4401 1107 4455 eos,
1123 4389 1152 4440 et
1173 4386 1379 4441 exterminabit
1397 4401 1497 4441 omnes
1512 4386 1580 4442 deos
1600 4389 1737 4458 gentium
1760 4394 1894 4457 terrae,et

145 4482 205 4521 non
226 4472 350 4538 possent,
373 4473 560 4540 posteaquam
584 4471 815 4542 appropinquare
834 4476 993 4544 coeperunt,
1048 4473 1209 4532 adorabunt
1232 4490 1309 4543 enm,
1336 4475 1534 4546 unusquisque
1555 4476 1590 4531 de
1622 4477 1686 4531 loco
1711 4494 1777 4544 sno,
1802 4493 1893 4535 omnes

145 4556 298 4611 voluerunt
320 4574 354 4612 aa
376 4559 457 4630 quasi
485 4558 653 4630 predicere,
686 4576 722 4614 ne
752 4559 847 4632 ignari
868 4561 993 4633 victique
1047 4562 1305 4634 insutaegeutium.
1323 4563 1511 4635 Nequeenim
1528 4565 1596 4619 solae
1613 4566 1721 4621 insuite
1737 4567 1894 4623 biciutelli·

145 4649 328 4716 putarentur.
1047 4650 1148 4720 gendre
1170 4653 1247 4716 suut,
1273 4649 1321 4703 sed
1334 4652 1431 4722 potius
1445 4669 1545 4708 omnes
1560 4656 1663 4723 gentes
1683 4654 1716 4708 in
1738 4654 1786 4709 his
1799 4655 1893 4726 positar

348 4735 412 4791 Cae.
428 4736 529 4791 XLVII.
546 4766 580 4777 -
597 4736 738 4791 Decedam
752 4752 791 4791 re.
1046 4739 1167 4793 adorant
1180 4739 1281 4793 Deum.
1305 4738 1362 4792 Nec
1375 4753 1488 4793 merum
1501 4739 1744 4810 quandoquidem
1759 4743 1829 4799 alibi
1843 4758 1893 4798 nou

179 4823 235 4891 ltin
250 4824 993 4898 dicticejusdem.)(tumigitnrtamlongeanteprre
1046 4826 1154 4881 insulas
1180 4826 1320 4893 nominat,
1348 4827 1397 4881 sed
1422 4827 1586 4882 universum
1613 4828 1718 4885 orbem
1745 4834 1893 4900 terramm,

143 4911 252 4967 dictum
273 4918 347 4967 esset
370 4919 456 4984 atque
471 4914 677 4984 conscriptum,
694 4920 726 4969 ut
752 4914 808 4968 atie
823 4914 927 4970 iterum
945 4920 989 4970 te-
1047 4915 1143 4971 dicens
1160 4930 1166 4970 :
1183 4915 1495 4971 commemorabuntur
1515 4923 1544 4971 et
1566 4924 1778 4975 convertentur
1793 4921 1829 4976 ad
1845 4922 1891 4976 llo·

143 5015 269 5067 ceamns,
284 5001 412 5056 dicamus
431 5000 502 5055 illud
518 5002 594 5072 quod
607 5001 769 5073 Sophonias
789 5003 931 5074 propbeta
946 5004 990 5058 di·
1045 5003 1159 5058 minum
1183 5003 1309 5058 universi
1332 5003 1404 5058 lines
1428 5009 1523 5072 terrae,
1544 5008 1574 5059 ct
1597 5005 1764 5063 adorabunt
1786 5008 1816 5062 in
1832 5023 1890 5062 ron·

142 5087 181 5142 cit
196 5105 203 5143 :
218 5089 387 5144 Praeralcbit
408 5089 547 5144 Dominus
561 5090 695 5144 adversus
710 5106 768 5158 eos,
791 5092 993 5148 exterminabit
1046 5097 1144 5161 spectu
1168 5092 1230 5163 ejus
1245 5092 1385 5147 universae
1407 5093 1509 5164 patrias
1529 5094 1674 5164 gentium,
1691 5096 1832 5167 qnoniam
1846 5095 1890 5151 ue

142 5191 242 5230 omnes
256 5177 326 5231 deos
341 5177 472 5248 gentium
488 5181 582 5245 terre,
599 5182 627 5232 et
636 5178 799 5233 adorabunt
813 5194 890 5244 enm,
904 5195 991 5234 unus·
1045 5179 1118 5233 mini
1132 5184 1174 5234 est
1189 5195 1320 5250 regnum,
1335 5181 1438 5252 etipse
1453 5181 1653 5237 dominabitur
1671 5187 1816 5254 gentium.
1832 5183 1889 5238 tter

141 5262 263 5334 quisque
291 5264 325 5318 de
348 5264 410 5319 loco
437 5282 500 5332 sno,
525 5281 626 5320 omnes
650 5267 751 5320 insula
774 5267 915 5338 gentium.
934 5271 991 5323 Aut
1044 5273 1141 5322 autem
1157 5283 1210 5339 per
1225 5269 1369 5325 Christum
1389 5269 1477 5324 tuisse
1498 5271 1684 5340 complenda,
1703 5277 1732 5328 et
1754 5273 1819 5328 aliis
1832 5272 1887 5344 plu·
1941 5300 1943 5317 ι

140 5365 199 5404 non
220 5351 375 5406 credebant
399 5353 454 5408 ista
479 5353 534 5408 sibi
558 5359 704 5420 eventura,
732 5355 800 5426 quia
824 5355 854 5409 in
875 5356 990 5426 templis
1044 5356 1125 5411 ribus
1143 5358 1324 5423 testimoniis,
1351 5362 1378 5413 et
1400 5358 1430 5412 in
1455 5358 1556 5413 eodem
1584 5359 1649 5429 ipso
1678 5362 1792 5432 psalmo
1820 5359 1887 5416 unde
1941 5346 1943 5405 ῗ

137 5439 269 5510 gentium
284 5440 460 5508 colebantur,
485 5445 513 5498 et
536 5442 597 5497 haec
611 5442 674 5497 ideo
698 5458 752 5514 per
776 5459 843 5498 suos
864 5449 942 5498 rates
958 5459 990 5499 ac
1044 5446 1332 5501 commemoravimus
1341 5447 1409 5501 satis
1422 5453 1551 5519 apparet.
1563 5448 1638 5503 Cum
1649 5450 1730 5504 enim
1745 5450 1831 5521 paulo
1844 5462 1886 5501 su·
1941 5454 1943 5461 '

137 5527 308 5597 phanaticos
323 5528 507 5600 frequentare
527 5531 684 5586 noluerunt
698 5547 706 5584 ε
721 5535 770 5586 aut
788 5547 854 5587 cum
870 5547 905 5588 ea
918 5547 988 5588 ren·
1042 5533 1141 5604 pertus
1153 5533 1281 5590 futuram
1294 5535 1457 5607 passionem
1471 5551 1554 5591 suam
1569 5551 1624 5607 per
1644 5537 1818 5608 Prophetas
1831 5537 1884 5606 ipse
