3878 6112
42 241 91 293 ur
516 238 757 301 uacusroanu
778 242 873 300 arear
892 247 946 302 xx.
966 275 1002 287 -
1022 247 1129 304 arnan
1148 222 1331 304 sammua.
1739 260 1792 312 us

44 361 130 428 ducet,
159 376 212 416 nec
231 361 333 416 riuum
361 360 460 418 bibere
486 372 651 433 prasumat,
669 365 793 438 exceptis
809 366 888 422 IestIs
906 368 1045 423 abemus
1073 368 1223 437 occidere,
1254 385 1320 424 cum
1355 369 1495 426 Dominus
1532 371 1606 428 dicat
1634 391 1641 430 ε
1668 375 1793 430 Audistis

47 451 137 506 diebus
161 456 248 522 atque
271 449 436 518 Dominicis,
454 454 512 506 eta
535 454 643 507 Pascha
669 470 758 535 usque
782 456 886 510 Pente·
943 458 1011 527 qula
1038 457 1146 512 dictum
1171 464 1214 513 est
1241 459 1366 529 antiquis
1395 460 1484 515 :Non
1512 462 1642 529 occides;
1666 463 1715 534 qui
1741 480 1793 518 au-

50 545 139 605 oostes,
164 543 194 593 et
223 555 396 611 quocunque
424 539 466 594 ire
492 542 624 607 voluerit,
651 544 731 598 nullo
755 544 886 599 vehiculo
943 550 1001 598 tem
1029 546 1175 612 occiderit,
1203 562 1268 601 reus
1293 548 1349 603 erit
1370 549 1507 619 judicio:
1542 567 1595 623 ego
1620 556 1717 607 atatem
1746 553 1792 606 di-

53 628 207 692 dedncatur,
237 628 287 683 sed
314 627 435 697 pedibus
469 629 677 699 proficiscatur,
713 647 793 686 arma
828 649 886 687 nou
942 650 974 687 co
1000 634 1098 702 vohis,
1128 635 1196 706 quia
1230 636 1325 690 omnis
1356 637 1407 707 qui
1439 637 1572 692 irascitur
1601 638 1683 694 fratri
1720 655 1791 706 suo,

54 715 200 771 sumatnisi
224 721 479 787 contrapaganos.
501 717 728 788 tejuuetautem
746 725 802 774 tres
825 721 886 775 dias
942 738 1009 776 reus
1037 722 1091 776 erit
1118 722 1247 793 judicio;
1279 740 1330 777 nco
1359 725 1468 779 matum
1505 742 1557 797 pro
1588 727 1664 781 malo
1690 728 1791 783 redde-

10 878 12 883 ,
55 820 94 876 per
113 803 323 859 hebdomadam
354 820 447 875 usque
474 805 509 858 ad
535 822 697 876 vesperum.
719 810 743 863 Α
769 809 886 880 propria
941 825 982 875 re,
1000 810 1050 865 sed
1074 811 1148 864 sicut
1162 813 1317 880 Apostolus
1332 813 1471 867 Romanis
1495 814 1633 880 scribens,
1650 815 1711 869 ait:
1730 815 1793 870 Noli

10 902 12 943 ι
56 892 155 965 quidem
174 908 207 946 ac
229 892 360 963 legitima
374 908 427 947 sua
450 894 574 965 conjuge
596 911 654 949 non
675 901 833 965 separetur,
850 913 887 950 ne
941 897 1017 951 vinci
1033 898 1152 965 amalo,
1167 899 1216 953 sed
1232 900 1313 954 vince
1329 901 1359 954 iu
1380 900 1456 955 bono
1474 904 1593 958 malum.
1607 903 1636 958 Si
1658 904 1722 974 quis
1736 906 1792 960 cle-

55 981 232 1037 loroicatIonis
259 980 396 1051 voragine
420 988 545 1047 corruat,
570 983 648 1054 quod
672 999 708 1038 ne
730 984 781 1039 fiat
803 992 886 1055 opta·
942 985 1067 1041 ricorum
1081 1004 1206 1058 praesens
1231 989 1286 1042 erit
1301 989 1351 1043 ubi
1371 989 1558 1045 homicidium
1574 992 1680 1046 Iactum
1695 992 1791 1060 luerit,
1900 1046 1907 1063 ,

56 1087 113 1124 nus.
138 1070 167 1125 Si
194 1075 290 1124 autem
317 1076 383 1124 ante
408 1069 497 1125 trium
521 1088 664 1126 annorum
688 1089 804 1127 cursum
820 1074 886 1128 linis
941 1079 969 1129 et
991 1093 1085 1149 neque
1110 1094 1262 1144 consensu,
1287 1094 1381 1149 neque
1404 1081 1547 1147 consultu,
1569 1097 1622 1135 noc
1644 1081 1673 1135 in
1695 1082 1791 1152 aliquo

10 1148 13 1197 ἕ
56 1160 104 1213 uta
126 1159 204 1214 illius
228 1159 515 1231 appropinquaverit,
537 1161 665 1233 corporis
686 1168 715 1217 et
737 1164 886 1234 sanguiuis
941 1163 1089 1218 homicidii
1099 1168 1178 1218 reatu
1190 1165 1316 1233 pollutus
1328 1181 1389 1219 esse
1400 1166 1587 1232 convincitur,
1599 1167 1707 1221 nibilei
1717 1168 1791 1223 obsit

57 1247 151 1303 Domini
172 1247 264 1303 nostri
292 1249 360 1303 lesu
384 1249 489 1304 Christi
514 1250 659 1322 particeps
678 1252 749 1307 fiat:
766 1253 810 1307 sin
834 1269 885 1307 au·
942 1252 1012 1322 quin
1038 1257 1219 1307 consecratus
1237 1253 1267 1307 iu
1292 1252 1382 1323 gradu
1407 1259 1584 1324 permaneat.
1604 1256 1666 1309 Non
1690 1270 1791 1310 conse·

10 1352 16 1385 ι
55 1341 106 1402 bu,
130 1340 164 1391 nt
189 1352 275 1407 supra
299 1336 451 1391 statuimus
475 1337 627 1405 eiticiatur,
651 1343 747 1395 umen
767 1340 791 1394 si
807 1340 886 1395 illius
942 1344 1047 1405 cratus,
1064 1340 1088 1394 si
1101 1341 1171 1394 alias
1185 1340 1290 1411 dignus
1305 1342 1350 1408 sit,
1364 1348 1515 1412 promotus
1529 1342 1651 1399 accedat.

54 1426 281 1480 unversationem
303 1430 331 1480 et
355 1427 545 1497 lacrymarum
571 1428 681 1482 iontem
703 1429 733 1482 in
751 1429 886 1483 omnibus

54 1513 163 1569 videritis
187 1514 298 1568 iloridis
313 1515 474 1570 actionibus
490 1522 519 1571 et
533 1516 651 1587 optimis
667 1518 800 1588 operibus
821 1519 885 1588 pul·

54 1603 137 1669 lutare,
160 1603 317 1659 humanius
340 1604 415 1658 circa
438 1621 503 1659 eum
526 1610 618 1659 restra
643 1606 803 1660 sollicitudo
819 1622 926 1698 per-B

53 1692 104 1762 uigil
137 1697 291 1763 appareat,
325 1692 461 1764 mitisque
494 1694 629 1748 omnibus
662 1695 884 1749 demonstretur.
978 1673 1033 1744 (Ῑὲω
1061 1675 1151 1729 ‘'Odem
1178 1677 1289 1731 ⁰⁰²202'it'0
1320 1677 1364 1729 Μ’
1391 1678 1520 1744 interfuit
1546 1692 1596 1730 Iex
1620 1677 1790 1745 Ampius,

54 1780 177 1851 opimus
191 1795 242 1834 703
257 1779 287 1835 in
302 1780 413 1836 chrjsgo
427 1780 500 1835 bone
515 1782 618 1836 valere·
941 1778 1002 1831 cop.
1023 1763 1079 1834 dh)
1103 1763 1184 1834 Saepe
1211 1762 1243 1817 fit
1263 1763 1381 1818 victoria
1404 1763 1646 1830 Christianorum,
1663 1764 1735 1819 victa
1749 1769 1792 1820 est

941 1866 1008 1920 pars
1022 1867 1214 1921 paganorum.
1237 1850 1330 1915 Quare
1344 1868 1402 1906 rrua
1416 1868 1481 1906 otim
1504 1852 1660 1906 interiectis
1672 1854 1792 1924 paganis

941 1940 1086 2009 perempti
1109 1940 1216 1994 luerint
1239 1940 1393 1994 Christiani
1416 1941 1521 2011 captivi
1535 1957 1553 1995 a
1567 1940 1706 2008 barbaris,
1723 1942 1793 2013 quia

941 2027 971 2081 in
988 2027 1100 2098 impetu
1122 2028 1188 2082 belli
1211 2033 1360 2098 nequeunt
1380 2028 1530 2099 distingui,
1554 2028 1659 2083 idcirco
1680 2029 1791 2100 justum

16 2132 21 2161 ι
82 2097 135 2164 (ΕΦ
151 2098 264 2153 ⁶⁰¹¹01'lt'0
290 2098 474 2165 Triburt'emt',
498 2101 542 2153 Μ’
562 2100 690 2164 ‘'merilli'‘
712 2115 762 2154 “³2
785 2100 888 2154 ᾸΜΟῙ·
942 2115 1128 2171 decernentes
1152 2117 1313 2180 statuimus,
1335 2133 1401 2170 cum
1424 2117 1655 2172 Interfectoribus
1678 2118 1792 2172 miseri·

17 2192 21 2241 ἶ
58 2186 122 2256 IIII,
143 2189 233 2257 ‘mie
255 2189 310 2251 Η·)
334 2185 361 2240 SI
388 2187 452 2256 ‘luis
474 2187 888 2258 clericus,quavasnIqurn
942 2204 1057 2258 cordius
1081 2204 1235 2277 agendum,
1254 2204 1294 2258 ita
1311 2209 1353 2271 ut,
1369 2204 1412 2260 XL
1427 2204 1527 2258 diebus
1548 2204 1725 2275 poeniteutiae
1745 2205 1791 2258 iu-

19 2312 22 2319 ·
60 2279 162 2342 itm,
185 2274 375 2329 h⁰ffli⁰iil5¹¹m
392 2275 501 2335 simii·
523 2275 581 2329 Sile
597 2275 634 2329 δὴ
654 2276 813 2347 presbyter,
830 2277 888 2331 ΒΜ
943 2292 1109 2362 dulgentios
1125 2292 1285 2357 transactis,
1301 2308 1390 2363 penes
1404 2291 1570 2363 episcopum
1586 2291 1622 2346 sit
1638 2291 1792 2346 auctoritas

20 2346 25 2419 ¹.
62 2361 184 2429 diaconus,
200 2362 371 2432 deponatur.
394 2362 526 2432 Legimus
549 2363 578 2416 in
594 2364 753 2418 canonibus
772 2370 888 2435 aposto·
943 2383 971 2433 ει
994 2385 1120 2451 potesta,
1150 2384 1183 2435 ut
1211 2379 1372 2450 perpendap
1398 2380 1523 2450 cuppam,
1549 2384 1616 2451 agat
1640 2379 1791 2449 indulgen.

63 2451 142 2514 Ioum,
157 2452 236 2523 qnod
260 2450 421 2522 episcopus,
439 2451 589 2522 presbyter
605 2456 656 2505 aut
676 2451 824 2516 diaconus,
839 2453 889 2524 qui
943 2468 1024 2524 pam,

941 1480 1006 1535 Car.
1023 1479 1139 1536 XLVIII.
1149 1484 1230 1535 -De
1244 1497 1273 1535 eo
1287 1484 1326 1536 sie
1336 1485 1397 1550 quis
1412 1484 1441 1535 iu
1456 1483 1556 1536 bostem
1567 1488 1659 1537 contro
1668 1498 1791 1552 pepones

1066 1551 1202 1606 dimicans
1216 1554 1331 1620 intenuit
1343 1553 1519 1608 Christianos
1534 1557 1664 1622 captiuos.

58 1902 107 1958 Cu.
119 1903 221 1959 xtvtt.
238 1933 273 1943 —
286 1903 392 2027 Signis
405 1904 516 1958 clericos
530 1905 705 1988 leonicidium
720 1908 827 1972 fecerit,
852 1908 887 1961 ab

291 1989 322 2028 or
342 1990 385 2028 sue
400 1990 503 2029 cessare
518 1975 632 2030 debebat.

10 2556 28 2615 1
62 2539 280 2607 inluminatione,
304 2544 355 2592 ant
378 2539 517 2609 perjurio,
547 2544 596 2594 aut
618 2540 809 2612 iurtooaptos
834 2546 887 2605 est,
1410 2609 1415 2620 .
1676 2610 1682 2622 1

10 2618 29 2693 ,ἓ
64 2625 346 2698 deponatnr2quanto
361 2626 491 2697 magieis
512 2627 562 2697 qui
577 2629 632 2682 hoc
652 2628 780 2683 immane
796 2630 888 2684 scelus
945 2612 1012 2666 Cli·
1033 2611 1213 2666 *iffi-’‘DI‘’
1229 2613 1322 2681 coqui
1344 2611 1534 2665 Cimimflm
1561 2612 1728 2690 mancipum
1751 2626 1790 2665 ὃθ-

25 2684 30 2731 ³
63 2713 145 2781 iecerit,
161 2714 306 2768 ahordina
316 2730 426 2769 cessare
442 2715 642 2780 debebilloui
656 2717 733 2770 enim
744 2718 888 2772 Christum

10 2766 31 2871 'i
64 2803 123 2873 aqut
144 2803 296 2871 desiderat,
315 2803 400 2857 debet
421 2803 494 2857 sicut
516 2803 577 2876 ipse
601 2805 760 2860 ambulavit
781 2812 810 2860 et
826 2806 888 2876 ipse
982 2804 1035 2874 (Ea
1058 2805 1169 2858 concilio
1188 2803 1265 2872 opud
1286 2804 1479 2871 confluentium
1504 2805 1549 2857 cui
1571 2803 1698 2869 interfuit
1716 2803 1793 2858 Hen-

1173 2682 1286 2735 duuerit
1301 2687 1325 2735 ot
1344 2685 1383 2735 stc
1396 2681 1560 2735 oersdictcrit.

10 2968 23 3008 ι
64 2890 196 2946 anhelare.
212 2891 347 2957 Quicum
362 2891 589 2959 malediceretur,
607 2909 664 2948 non
679 2894 887 2950 maledicebat:
909 2896 1032 2982 Caicus,
1048 2897 1073 2946 et
1087 2892 1208 2956 Carolus,
1225 2906 1310 2959 repes,
1335 2894 1423 2960 cupite
1435 2891 1477 2962 7.)
1494 2892 1564 2945 ltem
1584 2890 1793 2962 interrogatum

64 2993 112 3034 cun
130 2985 339 3052 percuteretur,
355 2997 413 3035 uon
438 2982 670 3051 repercutiebat:
686 2999 751 3037 cnm
772 2998 889 3052 prono·
946 2987 989 3036 est
1004 2981 1072 3051 quid
1097 2981 1131 3034 de
1155 2996 1189 3033 eo
1204 2979 1365 3034 laciendum
1389 2979 1434 3044 sit,
1458 2979 1508 3050 qui
1535 2979 1729 3035 Christianum
1743 2980 1794 3034 ho·

10 3068 22 3097 ἒ
64 3063 97 3120 his
114 3073 265 3140 pateretur,
283 3085 342 3124 non
364 3069 604 3126 comminabatur.
621 3072 656 3125 Et
669 3070 730 3142 ipse
755 3071 785 3125 in
802 3072 891 3125 Evan-
947 3069 1056 3125 minem
1079 3069 1224 3123 seduxerit
1246 3072 1274 3123 et
1297 3068 1336 3122 sic
1359 3067 1529 3123 vendiderit.
1556 3070 1793 3140 Responsumqoe

10 3150 26 3186 Ξ
65 3157 121 3223 gotio
139 3175 192 3213 suo
208 3159 345 3230 praecepit
364 3158 414 3213 :Si
429 3158 494 3230 quis
517 3164 545 3213 te
561 3160 733 3230 percusserit
751 3158 781 3213 iu
805 3176 891 3214 unam
946 3164 988 3212 est
1009 3158 1046 3212 ab
1068 3157 1213 3225 omuibus,
1229 3156 1378 3212 homicidii
1395 3161 1504 3211 reatum
1527 3156 1623 3228 ipsum
1646 3157 1794 3212 hominem

10 3238 33 3333 ΡΙ
64 3246 197 3315 maxillam,
223 3245 321 3318 praebe
350 3245 392 3300 illi
421 3252 450 3300 et
478 3247 609 3302 atteram.
645 3248 706 3302 Nou
735 3247 814 3302 enim
846 3248 891 3301 de·
947 3246 1002 3301 sibi
1017 3244 1191 3300 contrahere.

28 3336 33 3371 l
752 3369 840 3409 FINIS
863 3369 951 3409 LIDIII
972 3367 1076 3408 sexul.

456 3571 607 3644 INDEX
635 3570 980 3645 CAPITULORUM
1006 3570 1133 3643 LIBRI
1166 3570 1370 3642 SEPTIMI.

10 3731 17 3761 τ’
66 3717 152 3779 tut.
169 3723 251 3789 Quod
281 3722 403 3778 infames
426 3728 564 3779 vocentur
587 3723 637 3794 qui
660 3740 692 3778 ex
718 3725 893 3796 consangui-
948 3726 990 3778 15.
1008 3723 1159 3778 Deeadem
1175 3738 1215 3775 re.

87 3812 139 3868 oeis
152 3816 320 3868 nascuntur.
947 3816 990 3868 to.
1005 3813 1044 3866 De
1059 3811 1159 3866 eadem
1174 3826 1215 3865 re.

62 3896 80 3950 ².
91 3900 166 3966 Quod
191 3901 264 3957 nulli
279 3901 364 3956 liceat
386 3901 422 3956 de
436 3902 552 3973 propria
575 3900 747 3972 cognatione
774 3917 892 3956 uxorem
947 3906 990 3957 li.
1009 3902 1044 3956 Ut
1058 3901 1171 3956 duobus
1196 3900 1240 3953 vel
1256 3898 1349 3954 trihus
1365 3897 1485 3953 testibus
1501 3898 1666 3954 testimonia
1679 3898 1796 3954 dicenti-

84 3989 191 4045 ducere.
981 3990 1036 4044 hus
1050 3987 1257 4059 consanguinei
1271 3991 1452 4057 separentur.

60 4076 78 4129 t.
89 4077 125 4133 De
139 4078 320 4134 Incestuosis.
949 4082 990 4134 ts.
1009 4080 1047 4133 Da
1062 4078 1161 4133 eadem
1176 4093 1217 4132 re.

58 4164 243 4222 l.Deeadem
260 4183 301 4221 re.
949 4165 991 4217 to.
1020 4161 1094 4226 Quid
1120 4166 1233 4216 sauctus
1266 4158 1419 4230 Gregorius
1451 4159 1612 4230 Augustino
1636 4160 1795 4230 auglorum

55 4254 240 4310 &Deeadem
256 4269 298 4308 re.
905 4275 928 4329 Ι)
982 4249 1167 4322 predicatori
1197 4254 1314 4320 propter
1344 4249 1524 4304 teneritatem
1549 4264 1629 4304 noue
1652 4249 1718 4304 tidei
1733 4264 1796 4319 per·

53 4346 71 4400 i.
87 4347 126 4401 lt’e
147 4345 253 4416 aliquis
268 4345 397 4400 fidelium
418 4345 454 4399 ad
470 4344 663 4415 propInquam
686 4341 835 4414 sanguinis
850 4343 894 4396 sui
984 4338 1103 4393 miserit.
1388 4405 1392 4414 Ι

79 4433 202 4489 aoeedat.
948 4430 993 4484 20.
1021 4426 1102 4491 Quod
1131 4430 1245 4481 sauctus
1269 4426 1424 4498 Gregorius
1448 4426 1502 4480 hoc
1531 4427 1691 4497 anglorum
1716 4427 1796 4498 genti

50 4525 74 4576 7.
91 4521 174 4587 Quod
197 4520 350 4593 aequaliter
373 4537 431 4575 non
452 4521 672 4592 conjungendus
688 4519 724 4574 sit
746 4519 777 4575 in
793 4520 895 4575 matri·
922 4528 925 4535 '
984 4514 1146 4585 specialiter
1158 4530 1216 4569 nou
1232 4513 1407 4586 generaliter
1418 4514 1590 4585 permiserit.

78 4611 178 4666 monio
192 4611 238 4664 vir
251 4609 541 4681 suisconsanguineis
554 4615 583 4664 et
599 4609 703 4663 uxoris.
948 4607 992 4659 21.
1007 4602 1089 4667 Quod
1112 4602 1251 4669 extranei,
1269 4602 1325 4657 nisi
1349 4619 1383 4656 cx
1397 4603 1569 4669 necessario,
1585 4602 1737 4658 discidium
1751 4602 1797 4658 iu·

47 4702 70 4755 8.
87 4699 171 4765 Quod
185 4713 243 4753 uno
258 4698 345 4752 modo
362 4699 509 4769 parentela
523 4697 578 4752 viri
594 4703 622 4752 ct
635 4696 766 4752 mulieris
780 4697 810 4752 in
825 4711 894 4752 cou-
984 4697 1028 4745 ter
1042 4691 1272 4762 consanguIneos
1285 4691 1378 4746 iacere
1393 4706 1452 4745 non
1468 4691 1601 4746 debeant.

76 4787 229 4859 junctione
243 4786 451 4841 consideranda
465 4787 511 4840 stt.
949 4782 993 4835 22.
1011 4780 1050 4835 De
1065 4781 1165 4835 eadem
1180 4794 1219 4835 rc.

46 4880 73 4930 s.
89 4877 123 4931 In
136 4891 194 4948 quo
209 4875 342 4945 geniculo
357 4874 563 4930 abstinendum
578 4873 624 4929 sit.
949 4871 993 4924 23.
1013 4870 1050 4923 Da
1065 4869 1165 4923 eadem
1179 4883 1222 4922 re.

45 4967 88 5020 to.
104 4965 138 5019 In
153 4979 212 5036 quo
234 4965 395 5019 ramusculo
411 4962 670 5035 consanguinitatis
685 4962 814 5034 legItima
829 4977 896 5016 con·
949 4959 994 5012 22.
1012 4959 1050 5013 De
1067 4957 1167 5011 eadem
1187 4971 1226 5010 ra.

80 5053 167 5108 nubia
179 5052 243 5108 fleri
259 5052 378 5124 possim.
950 5049 994 5101 25,
1010 5047 1225 5101 Sacramentum
1249 5043 1284 5098 de
1299 5042 1458 5115 parentela,
1479 5040 1624 5113 quomodo
1648 5039 1797 5112 inquiren·

47 5146 89 5196 tt.
104 5141 187 5206 Quod
211 5140 448 5213 consanguinitas
470 5156 562 5213 usque
587 5140 623 5196 ad
648 5138 804 5213 septimum
818 5137 898 5210 geui-
987 5136 1056 5190 dum
1070 5135 1116 5188 sit.

80 5231 177 5283 cutum
191 5229 355 5284 conservari
367 5228 481 5285 debeat.
950 5227 995 5279 26.
1011 5224 1210 5278 iuramentum
1228 5219 1355 5276 testium.

46 5319 89 5371 ta.
106 5317 146 5372 De
160 5317 263 5373 eadem
275 5333 318 5374 ra.
951 5311 995 5364 27.
1012 5309 1228 5364 Sacramentum
1242 5307 1277 5362 de
1289 5307 1450 5362 incestuoso
1463 5302 1591 5359 discidio.

45 5407 89 5461 ts.
108 5409 148 5460 De
161 5405 264 5461 eadem
281 5421 320 5461 re.
950 5401 995 5453 es.
1018 5399 1083 5453 llaec
1104 5396 1228 5467 capitula
1243 5394 1278 5450 dc
1300 5398 1411 5465 septem
1435 5392 1573 5465 gradihus
1595 5395 1799 5467 consanguini-

45 5495 90 5550 tt.
108 5494 150 5551 De
162 5494 264 5554 eadem
281 5508 322 5550 re.
987 5484 1054 5542 tatis
1076 5489 1189 5539 sauctus
1203 5483 1330 5539 Isidoms
1345 5481 1478 5553 diligenti
1491 5480 1679 5556 inquisitione
1694 5482 1799 5539 descri-

228 5598 368 5666 Paruoa.
395 5599 484 5665 CXL.
1604 5594 1645 5652 25
