3878 6112
586 221 784 281 ntetottera
801 224 1078 283 scelestissime.
1654 236 1707 291 354

70 340 214 399 tbitamus.
244 342 425 415 Quapropter
459 347 561 399 notum
584 361 645 400 esse
667 345 837 402 volumusA
889 347 1026 417 predicat
1063 347 1212 403 Batentort
1253 347 1403 404 Hilderado
1418 349 1513 406 abbati
1538 351 1706 410 Prumienses

70 448 92 486 rs
113 431 247 488 fidelibus
269 431 385 498 nostris,
410 433 601 502 praesentibus
629 434 736 490 scilicet
757 438 802 489 at·
893 437 1052 493 monosterii
1069 436 1200 492 concedit.

70 521 144 589 uris,
161 520 292 593 qualiter,
309 519 473 575 interventu
487 521 648 576 Tbeuzonis
670 522 804 577 monachi
1178 526 1271 596 (Anno
1298 524 1388 595 toro)

70 606 163 676 ldelis,
179 624 232 680 pro
255 609 383 664 remedio
409 609 514 663 animae
544 614 649 664 nostrae
665 610 804 680 largimur
860 613 1001 681 [llarten.,
1052 614 1185 683 ampliss.
1216 613 1321 669 collect.
1339 614 1370 681 l,
1397 614 1460 682 380,
1485 629 1520 669 ex
1563 615 1705 672 chartario

70 697 252 765 oncedimus,
267 701 355 767 prout
362 697 442 768 juste
457 697 681 769 atquelegeliter
702 713 803 767 possu-
1190 698 1369 768 hafniensi}

70 785 362 841 nonasteriosanctre
387 784 480 840 llariae
504 789 533 840 et
552 785 648 840 Sancti
678 784 802 840 Benedi·
893 788 926 842 ln
954 789 1070 844 nomine
1086 794 1191 843 sanctae
1211 797 1240 844 et
1270 788 1427 844 individuae
1462 790 1610 846 Trinitatis
1629 792 1701 848 Haa-

70 871 205 945 ›dnt[est]
219 873 306 928 situm
316 873 444 944 Alpibus,
454 873 505 944 qui
519 873 654 928 dicuntur
668 873 802 939 Pratalia,
859 891 946 944 nicus,
979 875 1077 932 divina
1107 877 1219 932 favente
1256 877 1418 945 clementia,
1443 878 1603 949 imperator
1638 883 1695 936 Au·

70 960 274 1016 .vumnomine
304 960 465 1027 bidentem,
488 960 524 1015 ad
540 960 664 1016 radicem
685 960 802 1028 montis,
858 970 970 1034 gustus.

70 1049 182 1115 ilenti,
200 1049 250 1120 qui
266 1049 369 1104 dividit
393 1048 546 1104 Thusciam
576 1056 605 1105 et
621 1048 802 1115 Romanium,
893 1052 922 1107 Si
940 1055 1046 1108 nostrre
1072 1053 1251 1109 liberalitatis
1283 1070 1402 1110 munere
1433 1055 1502 1110 locis
1522 1057 1580 1110 lieo
1605 1055 1706 1112 dicatis

70 1153 96 1192 m
116 1153 231 1192 mansos
256 1137 368 1208 dejure
387 1137 479 1192 nostri
494 1137 589 1209 regni,
611 1154 743 1192 mansum
762 1137 802 1191 vi·
860 1140 998 1204 quiddam
1014 1140 1146 1196 beneficii
1170 1142 1353 1206 conferimus,
1372 1148 1401 1198 et
1415 1144 1597 1198 necessitates
1621 1144 1707 1198 ecclc-

75 1242 176 1292 nnum,
200 1226 251 1298 qni
272 1227 359 1297 vulgo
384 1225 487 1281 dicitnr
515 1226 590 1281 Nibli
616 1226 652 1281 de
674 1226 746 1291 Scri,
777 1230 806 1280 et
859 1227 983 1282 siasticas
1002 1228 1271 1298 nostrojuvamine,
1288 1231 1460 1299 relevamus,
1479 1230 1647 1286 idnobiset
1670 1231 1707 1286 ad

70 1330 145 1387 [uem
159 1319 237 1369 tenet
250 1313 327 1369 filius
347 1313 506 1386 presbyteri
520 1314 657 1385 ltlpreudi
674 1315 708 1369 de
728 1312 802 1381 Soci,
859 1316 1011 1371 mortalem
1036 1316 1123 1370 vitam
1150 1317 1346 1385 temporaliter
1368 1320 1582 1389 transigendam
1612 1324 1640 1373 et
1671 1319 1707 1374 ad

70 1403 104 1458 de
128 1402 200 1470 Soci,
226 1407 253 1458 el
274 1403 425 1474 piscariam
450 1409 478 1458 et
507 1403 650 1458 Berricule
673 1403 708 1458 de
727 1402 801 1468 Soci,
859 1408 998 1458 cateruam
1028 1403 1115 1457 vitam
1148 1404 1270 1459 feliciter
1306 1404 1493 1459 obtinendam
1523 1406 1707 1476 profuturum

70 1492 142 1564 lugo
157 1491 282 1546 marchio
299 1507 351 1562 per
367 1491 498 1547 libellum
521 1491 640 1547 dederat
666 1490 804 1563 praedicto
860 1490 971 1562 liquido
985 1491 1138 1546 credimus.
1152 1492 1451 1563 Undepateatnotitiae
1462 1494 1592 1548 omnium
1603 1493 1709 1549 Christi

71 1580 146 1647 eri03
187 1580 310 1633 alterum
347 1595 414 1634 vero
449 1595 591 1640 mansum,
616 1580 666 1652 qui
699 1578 804 1635 dicitnr
860 1578 1001 1642 ildelium,
1017 1579 1203 1649 praesentium
1223 1579 1612 1651 scilicetatquefuturorum,
1634 1596 1708 1652 qne-

71 1667 117 1723 nis
139 1667 275 1731 brussati,
305 1682 391 1740 quem
419 1667 497 1722 idem
527 1667 654 1722 marchio
673 1667 806 1723 similiter
861 1667 925 1721 liter
940 1682 1066 1739 nos,pro
1081 1665 1211 1722 remedio
1226 1667 1450 1722 animoenostrae
1466 1685 1498 1723 ac
1516 1668 1709 1724 dilectaecon·

70 1770 202 1811 mausum
217 1771 333 1827 quoque
348 1757 384 1811 de
398 1761 487 1823 serta,
514 1754 591 1811 unde
615 1756 744 1811 marchio
767 1756 803 1810 li·
856 1755 936 1826 jugis
953 1760 1058 1810 nostrae
1073 1755 1269 1827 cunegunda,
1282 1760 1310 1810 et
1331 1771 1384 1827 per
1399 1756 1594 1811 interventum
1613 1756 1709 1811 llilde·

78 1843 305 1901 lecitWinizoni
332 1844 479 1899 Castcldo:
509 1843 578 1898 item
607 1860 739 1900 mansum
768 1845 804 1900 de
860 1843 923 1898 radi
951 1841 1027 1915 (177)
1056 1843 1166 1898 abbatis
1180 1843 1273 1898 nostri
1287 1843 1394 1914 dilecti,
1422 1844 1564 1914 praedium
1592 1844 1710 1899 nomine

70 1948 206 2005 ta,quem
221 1932 308 1987 Leoni
323 1932 450 1988 marchio
474 1948 525 2003 per
540 1933 668 1988 libellum
688 1933 807 1988 dederat
859 1931 1025 1999 Butenltcrt,
1050 1932 1082 1986 in
1115 1948 1191 2002 pago
1212 1932 1343 2003 ‚tlulpioe‚
1366 1933 1396 1986 in
1423 1933 1561 1988 comitutu
1584 1931 1710 1989 liezelinl

70 2019 130 2075 ibus
155 2020 261 2075 mansis
282 2020 316 2075 de
344 2021 482 2091 caprena,
513 2035 647 2075 mansum
663 2019 750 2076 etiam
771 2020 806 2089 de
860 2019 1085 2086 comitissitum‚
1107 2019 1186 2090 quod
1210 2024 1275 2091 post
1298 2019 1410 2075 obitum
1440 2020 1565 2092 Epponis
1591 2020 1655 2088 riri,
1680 2025 1710 2076 et

70 2149 73 2165 .
106 2124 194 2163 unum
230 2108 359 2163 libellum
393 2107 494 2162 habuit
517 2108 640 2174 Bonizo;
672 2123 807 2162 mansum
859 2105 932 2177 legis
953 2106 1020 2176 jure
1036 2110 1064 2160 et
1080 2106 1153 2177 lege,
1179 2107 1215 2161 ad
1239 2111 1351 2161 nostras
1365 2108 1476 2177 regales
1499 2113 1527 2162 et
1542 2108 1708 2179 imperiales

70 2194 806 2267 rde'lejano,quemWinizobebet,perlibellnm,
860 2209 963 2248 manus
978 2193 1102 2261 devenit,
1131 2211 1197 2249 cum
1228 2195 1377 2266 utriusque
1401 2211 1483 2249 sexus
1506 2196 1657 2268 mancipiis
1681 2200 1710 2251 et

70 2283 315 2340 irteilliusvineae
345 2284 380 2338 de
411 2283 493 2354 regni
507 2283 677 2355 nostrijure
698 2300 730 2338 ac
754 2284 806 2339 do·
860 2280 995 2336 omnibus
1018 2281 1201 2350 utensilibus,
1218 2282 1310 2350 terris,
1331 2282 1415 2338 cultis
1429 2282 1594 2352 etincultis,
1621 2284 1707 2354 agris.

70 2372 206 2428 lonamus
229 2378 317 2444 atque
344 2373 574 2428 transfundimus
596 2372 695 2444 injus
720 2378 807 2443 atque
859 2370 960 2442 pratis,
989 2370 1111 2441 campis,
1142 2371 1266 2441 pascuis,
1298 2370 1386 2437 silvis,
1417 2372 1499 2442 aquis
1533 2387 1709 2444 aquarumve

73 2476 122 2516 um
145 2460 273 2532 praedicti
294 2461 462 2516 monasterii
494 2461 529 2516 de
556 2460 680 2515 Pratalia
701 2467 806 2516 sanctae
860 2457 1038 2521 decursibus,
1059 2458 1283 2528 piscationibus,
1299 2459 1484 2528 molendinis,
1502 2461 1554 2513 viis
1569 2465 1597 2514 et
1613 2459 1708 2527 inviis,

70 2550 188 2604 etsancti
201 2548 566 2615 Benedicti,acBidentem,
579 2549 805 2619 inperpetuum,
861 2545 983 2601 exitibus
1008 2552 1037 2601 et
1069 2546 1217 2612 reditibus,
1262 2552 1290 2602 et
1311 2547 1446 2602 omuibus
1477 2544 1707 2618 appertinentiis,

70 2637 192 2692 inanibus
222 2653 324 2691 eornm
347 2637 539 2707 pertinentiis,
570 2653 634 2708 quae
675 2637 719 2691 vel
752 2654 807 2692 no·
861 2633 989 2704 quaesitis
1004 2639 1032 2688 et
1046 2633 1235 2705 inquirendis,
1252 2650 1316 2705 quae
1327 2634 1383 2689 dici
1398 2639 1533 2705 poterunt
1546 2640 1596 2689 eut
1612 2637 1710 2689 nomi-

86 2730 218 2797 possunt,
243 2740 309 2779 cum
334 2725 427 2787 terris,
447 2724 567 2796 campis,
602 2724 684 2792 casis,
700 2724 801 2791 vineis,
862 2721 1195 2788 nari,admonesterium
1211 2722 1238 2777 S.
1267 2722 1423 2777 Salvatoris
1448 2723 1560 2790 mundi,
1576 2722 1711 2778 situmin

79 2813 204 2884 pascuis,
233 2813 322 2880 silvis,
348 2813 430 2884 aquis
457 2828 656 2884 equarumque
680 2812 807 2868 decursi·
862 2809 1107 2881 locoquidicitur
1123 2810 1302 2879 Prumea,in
1321 2827 1403 2866 usum
1419 2810 1540 2867 fratrum
1565 2813 1624 2867 lleo
1639 2811 1712 2866 inibi

79 2900 215 2955 omnibns
228 2900 315 2954 rebus
325 2899 481 2954 mobilibus
491 2905 520 2954 et
531 2898 742 2966 immobilibus;
758 2899 808 2954 tali
825 2905 845 2960 c
864 2898 917 2951 sub
945 2899 1044 2969 regula
1058 2897 1085 2952 S.
1121 2898 1265 2953 Benedicti
1291 2897 1489 2964 servientium,
1515 2899 1711 2954 concessimus

73 2992 107 3043 nt
133 2988 289 3058 praedictus
309 2990 402 3043 Teuzo
419 2993 514 3043 rector
532 2986 622 3058 ipsius
641 2987 809 3042 monasterii
863 2990 892 3039 et
908 2986 938 3039 in
953 2986 1161 3057 proprietatem
1176 2985 1358 3053 donavimus,
1376 2991 1408 3042 nt
1424 2987 1588 3057 peremnia
1613 3003 1710 3042 succe·

74 3092 252 3131 successores
276 3076 394 3132 abbates
416 3076 484 3131 inde
499 3080 670 3147 potestatem
685 3075 809 3131 habeant
863 3073 993 3129 dentium
1028 3079 1193 3146 temporum
1234 3076 1376 3130 curricula
1410 3076 1503 3130 eidem
1532 3076 1709 3131 monasterio

70 3168 164 3219 tatem
179 3164 269 3235 ipsius
288 3165 456 3219 monasterii
470 3164 593 3219 faciendi
608 3163 749 3235 quidquid
764 3165 809 3218 lex
864 3163 973 3235 absque
987 3165 1118 3219 omnium
1151 3164 1316 3219 mortalium
1345 3164 1572 3219 contradictione
1593 3164 1710 3220 lirmnm

70 3253 117 3308 iat.
146 3253 347 3324 Praecipientes
376 3253 473 3324 itaque
497 3252 634 3324 jubemus
652 3258 685 3309 ut
711 3253 808 3307 nullus
864 3257 950 3323 atque
975 3252 1075 3308 stabile
1090 3253 1120 3307 in
1152 3257 1293 3307 aeternum
1320 3258 1497 3324 permaneat.
1527 3254 1559 3307 Et
1594 3258 1625 3307 ut
1649 3253 1711 3307 brec

70 3341 190 3408 sarchio,
206 3356 313 3411 comes,
328 3341 495 3408 vicecomes,
523 3342 682 3413 episcopus,
707 3342 808 3397 castal-
867 3344 971 3394 nostrae
985 3340 1178 3395 concessionis
1207 3340 1413 3396 traditioomni
1446 3346 1576 3413 tempore
1599 3341 1710 3396 stabilis

70 3430 192 3501 leliqua
203 3431 385 3500 nostriregni
395 3446 500 3501 magna
512 3431 556 3485 vel
568 3446 656 3502 parva
671 3445 806 3501 persona,
864 3433 892 3483 et
911 3429 1077 3485 inconvulsa
1091 3435 1267 3501 permaneat,
1291 3433 1364 3485 banc
1392 3431 1551 3503 imperialis
1571 3429 1710 3502 praecepti

70 3517 89 3573 ti
117 3519 282 3573 monasterii
304 3524 446 3574 rectorem
475 3520 521 3574 vel
541 3535 608 3573 suos
635 3533 809 3573 successores
864 3517 1000 3588 paginam
1024 3517 1093 3573 inde
1107 3519 1259 3582 conscribi,
1275 3524 1313 3586 et,
1342 3535 1429 3574 manu
1458 3518 1577 3590 propria
1604 3519 1710 3573 contir-

70 3623 87 3674 ι,
117 3606 152 3660 de
168 3606 303 3661 omnibus
327 3624 394 3678 quae
410 3623 496 3677 supra
512 3607 618 3679 scripta
634 3612 702 3661 sunt
719 3605 809 3661 divar·
863 3611 985 3674 mantes,
1001 3608 1119 3677 propria
1139 3607 1227 3678 sigilli
1242 3607 1334 3662 nostri
1358 3607 1549 3678 impressione
1573 3607 1712 3678 iussimus

70 3693 257 3766 sinquietare
283 3696 345 3750 sine
372 3696 457 3766 legali
474 3696 582 3766 judicio
595 3700 761 3767 praesumat.
779 3693 807 3748 Si
864 3693 1008 3763 insigniri.

70 3784 128 3839 itur
154 3784 242 3856 hujus
260 3784 351 3839 nostri
365 3785 500 3856 praecepti
515 3785 637 3840 violator
657 3783 807 3853 exstiterit,
898 3781 1018 3853 Signum
1045 3779 1144 3835 domni
1168 3781 1284 3838 ilenrici
1308 3783 1505 3838 Romanorum
1532 3781 1712 3837 invictissimi

70 3890 76 3928 ι
99 3874 328 3943 compositurum
354 3873 419 3928 auri
450 3873 552 3944 optimi
576 3873 664 3929 libras
679 3879 807 3938 centum,
863 3869 1043 3940 imperatoris
1063 3870 1192 3940 Augusti.

70 3967 280 4041 atemcamerae
295 3966 411 4031 nostrae,
435 3967 464 4016 et
479 3962 662 4017 medietatem
689 3961 807 4034 preslaio
900 3957 1052 4012 witharius
1080 3957 1268 4013 cancellarius
1303 3958 1363 4014 vice
1398 3959 1587 4014 Errhanbuldi
1614 3957 1711 4014 archi-

70 4049 143 4104 erio.
175 4049 256 4114 Quod
277 4055 307 4103 ut
337 4051 430 4104 verius
463 4050 605 4115 credatur,
630 4054 659 4103 et
684 4049 806 4119 diligen·
863 4046 991 4118 episcopi
1003 4047 1166 4117 recognovi.

81 4136 255 4191 omnibusin
270 4142 410 4192 aeternum
427 4139 603 4203 observetur,
618 4137 808 4192 haucnoslrae
898 4135 969 4188 Data
982 4149 998 4187 v
1013 4134 1154 4190 Kalendas
1169 4133 1310 4200 Octobris,
1327 4133 1483 4190 indictione
1499 4151 1539 4201 ιιι,
1568 4151 1643 4189 anno
1660 4136 1713 4190 Do·

70 4224 122 4279 inis
135 4226 270 4295 paginam
287 4242 376 4280 manu
404 4226 521 4297 propria
546 4226 748 4280 confirmantes
767 4193 842 4279 si·D
862 4222 976 4277 minicae
1000 4221 1204 4277 incarnationis
1220 4224 1383 4291 l020,anno
1401 4228 1497 4278 autem
1518 4223 1617 4278 domni
1632 4224 1712 4280 Hen-

70 4313 129 4368 istri
143 4313 334 4384 impressione
345 4315 483 4385 jussimus
495 4314 637 4385 insigniri.
865 4310 916 4365 rici
931 4310 1048 4365 secundi
1064 4311 1210 4382 regnantis
1229 4327 1309 4377 xvrn,
1326 4311 1441 4382 imperii
1458 4328 1524 4366 vero
1538 4312 1601 4383 ejus
1627 4329 1675 4367 vn.

70 4417 111 4456 rem
142 4402 235 4456 domna·
269 4403 389 4458 Hearici
422 4405 601 4460 Romanorum
633 4399 811 4458 invictissimi
900 4403 1003 4454 Actum
1021 4398 1201 4454 Humerstein
1216 4399 1348 4455 feliciter.
1361 4403 1462 4455 Amen.

70 4492 281 4557 erssauause.
1239 4506 1339 4560 cxvii.

71 4578 152 4633 rinus
171 4578 357 4633 cancellarius
372 4577 433 4634 vice
459 4578 596 4650 Egerardi
624 4577 752 4651 episcopi
782 4582 810 4633 et
1018 4593 1179 4648 Immunem,
1200 4596 1322 4649 peimi
1335 4596 1554 4665 ιιι-Μωσῆς,

70 4665 204 4721 ncellarii
223 4666 401 4737 recognovit.
1131 4684 1221 4750 (Anno
1239 4683 1317 4749 1020,
1329 4685 1345 4737 3
1359 4682 1444 4750 Maii.)

78 4754 164 4809 tertio
179 4754 240 4807 lial.
258 4753 426 4808 Novembris
441 4752 599 4808 indictione
623 4753 717 4820 tertia,
732 4768 809 4807 enno
1005 4765 1141 4840 [pronkg
1154 4770 1217 4827 eod,
1233 4771 1345 4840 diplom,
1357 4771 1435 4827 puta,
1448 4788 1477 4826 n.
1495 4773 1567 4840 3474

70 4842 118 4897 icae
138 4842 344 4897 incarnationis
370 4845 447 4910 1021,
482 4858 558 4897 anno
586 4846 683 4897 autem

70 4931 208 4986 isecundi
223 4932 371 5001 regnantis
390 4947 468 4999 svnt,
482 4930 598 5001 imperii
613 4931 676 5003 ejus
690 4947 738 4986 vn.

70 5022 272 5076 memersten.

709 4841 809 4897 d⁰m¹¹i
899 4875 1182 4930 lnnominesanctae
1203 4881 1230 4931 et
1258 4876 1414 4933 individuae
1443 4877 1599 4945 Trinitatis,
1627 4876 1710 4932 llere·

864 4977 940 5017 nicus
955 4962 1050 5017 divine
1082 4963 1193 5017 favente
1223 4964 1376 5019 clementia
1400 4965 1597 5020 Romanorum
1621 4963 1711 5035 impe·

864 5055 942 5105 rator
957 5055 1112 5123 Augustus.

337 5126 424 5182 Cle·
898 5138 1015 5192 Constet
1044 5155 1106 5207 nos,
1137 5140 1234 5196 divina
1250 5142 1434 5212 dispensante
1460 5140 1561 5211 gratia,
1600 5142 1711 5198 crateris

70 5237 128 5288 trote
155 5231 248 5287 demin
268 5233 566 5301 ilenriciimperctoris
599 5230 730 5300 Augusti,
756 5245 808 5301 qao
863 5226 1080 5296 supereminere
1110 5230 1306 5285 mortalibus:
1340 5230 1415 5284 unde
1434 5234 1546 5300 oportet
1569 5235 1610 5298 nt,
1631 5232 1712 5302 cujus

79 5408 267 5463 Hilderadum
281 5424 312 5462 er
323 5406 808 5489 burgundiaecomitibnsoriginem
863 5409 951 5464 ratori
962 5408 993 5464 in
1006 5409 1109 5481 primis
1128 5410 1256 5480 charum,
1275 5409 1380 5465 obiisse
1399 5415 1465 5483 post
1487 5426 1577 5466 annos
1592 5409 1710 5483 regimi-

70 5497 78 5535 ι
103 5480 221 5535 tradunt
251 5479 433 5536 Prumienses
457 5484 554 5551 atque,
577 5478 699 5534 ilenrico
714 5495 808 5549 tmpe-
863 5481 992 5543 nisocto,
1007 5483 1170 5537 annolttt.
