3878 6112
88 217 140 271 803

629 208 832 267 ottttctttttut
853 184 1118 265 wouttlcturtst's
1136 201 1301 262 uetscort.

1789 204 1843 259 eoi

88 334 394 391 credimus-laicorum
420 333 516 405 aliquo
551 331 605 388 tibi
633 332 749 403 ingenio
782 330 935 387 tentaverit
956 331 1059 386 Acar.
1086 329 1152 385 Llll.
1171 358 1206 369 -
1231 327 1310 393 Quod
1333 327 1458 393 mulieres
1474 327 1579 395 mlata,
1602 328 1633 382 in
1656 320 1842 391 monasteriis,

90 425 297 491 obsistendum,
314 443 329 478 a
344 422 532 478 sanctissime
546 438 612 477 eum
634 421 849 476 communionis
870 436 936 491 par·

88 514 258 584 tieipatiane
288 512 440 583 suspende,
465 511 605 582 ndbisque
635 511 800 564 renuntiare
823 509 936 574 festina,

88 607 122 657 ut
137 606 277 674 quantum
294 602 317 654 si
332 599 506 655 exsecrabile
520 599 595 671 qnod
613 598 773 668 praesumit,
785 603 937 669 postquam

91 690 319 746 consideratione
349 688 468 760 propria
495 704 552 742 non
575 686 706 747 advertit,
730 686 938 743 emendationis

91 776 227 848 qualitate
247 779 406 846 cognoscat.
424 776 456 829 ln
480 774 525 829 his
539 779 633 829 autem
650 773 784 829 omnibus
795 773 846 845 lita
871 789 937 827 cau-

90 870 152 918 tum
182 865 309 918 acslude
335 863 500 935 vigilantem
526 867 555 917 te
584 863 745 929 ostendere,
772 867 805 918 ut
823 862 937 933 culpam

90 958 169 1008 tuam
197 969 256 1008 non
283 952 430 1024 geminare
465 953 622 1023 neglectus,
655 952 702 1006 sed
732 950 939 1022 aliquantisper

92 1043 184 1096 valeat
193 1045 222 1120 et
230 1041 392 1096 sollicitudo
404 1040 545 1096 minuere.

91 1164 160 1220 Car.
180 1164 210 1218 L.
227 1193 261 1203 -
279 1166 317 1218 Dc
333 1163 426 1218 viduis
451 1164 558 1230 uelatis,
582 1165 609 1218 si
632 1164 817 1234 voluptatibus
843 1165 940 1218 cornis
1010 1212 1015 1223 ,

359 1237 489 1290 trumuine
503 1239 675 1290 accusantur.

126 1343 180 1407 (Ea
194 1342 305 1396 concilio
325 1340 467 1406 Meldensi,
486 1342 575 1410 eapite
595 1340 633 1411 2.)
651 1341 684 1395 [lt
703 1339 759 1394 illm
780 1355 846 1410 quse
858 1337 939 1411 quasi

91 1429 322 1483 sanctimoniales
350 1430 402 1481 sub
434 1428 577 1482 velamine
603 1427 749 1498 religionis
778 1428 882 1498 degere
898 1427 938 1481 vi-

91 1517 205 1584 dantnr,
226 1517 274 1571 sed
300 1517 396 1586 potius
419 1516 450 1570 iu
473 1516 582 1571 deliciis
607 1517 744 1585 viventes,
768 1522 890 1569 mortuae
910 1516 941 1570 iu

92 1604 196 1659 divinis
223 1603 312 1658 oculis
335 1609 547 1674 computantur,
574 1620 625 1674 per
650 1605 810 1675 provincias
836 1604 980 1674 disum-g

91 1697 196 1760 rentes,
213 1693 333 1746 curiosae
348 1697 376 1745 et
392 1694 526 1759 verbosae,
542 1692 566 1746 si
581 1693 749 1747 libidinibus
774 1693 940 1764 caterisque

92 1779 186 1835 carnis
208 1781 399 1852 voluptatibus
424 1781 561 1835 inservire
587 1787 766 1849 accusantur,
796 1781 819 1835 si
845 1781 940 1836 mani-

93 1870 163 1924 seste
177 1868 272 1940 detegi
284 1870 441 1939 potuerint,
456 1869 613 1941 episcopali
628 1869 798 1925 auctoritate
813 1875 842 1924 et
861 1870 940 1942 regia

92 1961 232 2028 potestate
243 1958 272 2011 in
286 1958 391 2012 talibus
407 1959 472 2012 locis
487 1958 612 2013 residere
636 1959 687 2014 sub
711 1958 874 2014 testimonio
895 1976 940 2014 re-

93 2044 194 2116 ligioso
217 2051 366 2115 cogantur,
390 2045 440 2100 ubi
471 2046 672 2116 penitentiam
699 2047 722 2100 si
750 2046 868 2101 iecerint
895 2048 940 2103 di·

93 2149 190 2205 gnam,
211 2139 399 2204 assequantur
420 2133 506 2188 etiam
530 2134 715 2189 fructuosam.
732 2135 760 2189 Si
787 2135 865 2190 onim
885 2152 943 2189 ma·

93 2221 195 2276 nilesle
224 2221 319 2293 detegi
345 2237 405 2275 non
431 2222 585 2291 valuerint,
614 2238 682 2293 erga
711 2223 861 2278 Ecclesiam
884 2239 943 2277 suae

94 2310 237 2382 opinionis
248 2311 353 2364 malam
369 2309 474 2364 lamam
485 2311 621 2365 canonice
634 2326 759 2382 purgare
782 2316 941 2381 cogantur:
998 2361 1003 2373 ,

77 2426 79 2431 r
95 2405 124 2455 et
137 2404 168 2454 ut
182 2398 343 2470 religiosius
358 2399 393 2453 de
408 2403 511 2454 caetero
534 2399 640 2467 vivant,
664 2408 693 2454 et
714 2400 744 2454 iu
763 2402 943 2456 monasteriis

95 2489 309 2555 conversentur,
338 2486 493 2558 episcopali
512 2489 625 2542 decreto
654 2492 683 2543 et
703 2489 782 2559 regia
803 2494 943 2560 potestate

96 2580 291 2631 coerceantur.
311 2577 349 2630 lle
363 2575 408 2630 his
423 2575 510 2630 etiam
525 2575 676 2646 Apostolus
691 2575 759 2630 dicit
774 2591 781 2630 :
796 2575 864 2639 Quae
877 2588 943 2628 cum

95 2662 243 2718 fornicatae
255 2661 371 2730 luerint,
389 2662 418 2716 in
434 2662 546 2718 Christo
560 2663 669 2717 nubere
684 2661 794 2716 solunt.

96 2769 161 2825 Car.
177 2768 221 2824 tt.
241 2798 276 2808 -
298 2769 331 2824 Ut
349 2768 477 2836 sacrilegi
496 2767 692 2836 diiudicentur,
718 2769 766 2836 qai
784 2781 811 2821 se
828 2770 944 2820 sacratas

375 2839 486 2905 seminis
498 2840 665 2894 mecaenat.

134 2944 195 3013 (Ec
223 2945 334 2999 concilio
359 2944 517 3009 lrelalcnsi,
541 2946 629 3013 capite
656 2944 696 3013 7.)
721 2942 875 2998 Sciendum
903 2946 944 2996 est

98 3032 232 3088 omnibus
251 3032 325 3105 quod
350 3033 408 3086 Deo
429 3036 604 3087 sacratarum
628 3032 802 3087 feminarum
824 3046 944 3101 corpora

97 3137 148 3195 per
162 3105 259 3175 votum
283 3121 410 3192 propriae
441 3120 604 3192 sponsionis
628 3126 657 3175 et
680 3122 766 3175 rerba
790 3119 944 3174 sacerdotis

98 3212 156 3265 [leo
180 3213 345 3264 consecrata
369 3210 477 3280 templa
502 3225 564 3264 esse
578 3209 789 3280 scripturarum
818 3207 945 3263 testimo·

98 3296 154 3350 niis
180 3296 416 3366 comprobantur,
444 3301 473 3350 et
496 3295 561 3351 ideo
587 3296 741 3350 violatores
769 3310 868 3349 earum
898 3312 945 3349 sa-

98 3383 195 3455 crilegi
219 3384 341 3455 acjuxta
363 3384 531 3458 Apostolum
547 3382 600 3439 lilii
613 3382 784 3456 perditionis
808 3399 869 3438 esse
893 3400 944 3438 no·

98 3477 226 3527 suuntur.

98 3578 163 3634 Cir.
180 3579 236 3633 tlt.
251 3609 288 3619 -
302 3581 339 3634 lle
349 3578 392 3634 lis
403 3581 452 3648 qai
466 3580 685 3634 sanctimoniales
697 3581 826 3649 viraines,
843 3578 944 3633 uiduus

398 3651 503 3723 velatas
518 3653 642 3720 rapiant.

1117 405 1166 455 aut
1178 402 1208 454 in
1218 399 1341 454 domitas
1354 402 1411 453 sais
1426 399 1549 454 tabitam
1563 399 1712 453 obseurat.

1027 503 1083 573 (lic
1092 504 1165 559 decr.
1176 504 1294 572 Eugenit
1304 518 1385 573 pape
1398 505 1488 573 capite
1501 503 1560 574 28.)
1576 503 1708 558 liulieres
1723 502 1842 557 obtentu

990 593 1140 665 religionis
1172 592 1282 658 velatae,
1319 597 1368 646 aut
1399 591 1430 646 in
1458 592 1634 646 monasterio
1669 591 1842 662 regulariter

991 683 1098 750 vivant,
1127 686 1177 736 aut
1208 682 1239 736 in
1271 681 1404 737 domibus
1430 680 1489 735 sois
1513 685 1677 752 susceptum
1713 679 1840 736 habitum

993 775 1068 825 caste
1083 770 1243 825 observent.

993 876 1056 932 Cae.
1073 875 1126 930 LV.
1148 906 1183 915 —
1212 876 1247 930 tn
1262 875 1485 931 adolescentiores
1511 873 1610 937 uidua,
1639 875 1682 928 oet
1699 876 1839 929 sanctimo-

1143 947 1241 1015 niales,
1257 947 1424 1017 abepiscopo
1442 961 1497 1000 non
1510 946 1688 1014 maligantiu-

1030 1036 1082 1104 (Ea
1094 1036 1206 1090 coneilio
1225 1035 1368 1103 Certiae,
1389 1037 1479 1103 capite
1498 1034 1571 1104 toi.)
1591 1033 1632 1087 nd
1648 1037 1762 1087 reatum
1782 1033 1838 1103 epi-

993 1123 1073 1194 scopi
1094 1125 1228 1195 pertinet,
1250 1125 1294 1179 vel
1317 1122 1477 1195 presbyteri
1496 1122 1545 1193 qul
1564 1121 1711 1193 parochiae
1731 1127 1837 1191 praest

994 1228 1018 1267 ss
1052 1213 1245 1268 sustentanda
1274 1213 1308 1267 ab
1340 1212 1463 1268 Ecclesia
1487 1211 1552 1266 vitre
1581 1209 1733 1283 praesentis
1760 1226 1839 1264 causa

993 1299 1232 1357 adolescentiores
1263 1301 1358 1356 riduee
1395 1301 1440 1356 rel
1473 1299 1710 1355 sanctimoniales
1743 1314 1838 1353 eorum

994 1388 1238 1446 familiaritatibus
1251 1389 1452 1461 subjiciantur.

994 1495 1058 1551 Car.
1077 1495 1143 1551 tvt.
1160 1526 1194 1535 -
1210 1498 1243 1551 Ul
1257 1498 1444 1565 unnsquisque
1464 1496 1604 1564 episcopus
1629 1494 1741 1548 elericos
1754 1496 1783 1548 in
1797 1509 1840 1548 sua

1029 1568 1162 1705 quiseqpio
1204 1572 1343 1634 uagantes,
1377 1566 1415 1621 ad
1446 1581 1525 1620 suam
1553 1567 1710 1635 episcopum
1755 1565 1840 1619 redire

1045 1653 1128 1693 acea.

1030 1727 1086 1796 (lle
1107 1728 1217 1781 concilio
1243 1728 1377 1794 uacant,
1404 1727 1493 1795 capite
1515 1723 1570 1796 te.)
1591 1726 1627 1780 Ut
1645 1725 1842 1797 uniusquisque

994 1815 1145 1886 episcopus
1160 1815 1189 1869 iu
1200 1832 1252 1870 sna
1266 1815 1405 1886 parochia
1429 1814 1584 1885 diligenter
1603 1814 1787 1885 presbyteros
1803 1816 1842 1868 rel

994 1903 1114 1959 clericos
1128 1903 1265 1974 inquirat,
1281 1903 1357 1957 unde
1373 1902 1431 1957 siut
1446 1919 1453 1957 :
1470 1906 1499 1957 et
1513 1902 1537 1955 si
1549 1902 1676 1973 aliquem
1694 1903 1841 1974 fugitivum

997 1992 1149 2059 invenerit,
1166 1993 1200 2047 ad
1217 2008 1300 2047 suum
1317 1991 1483 2063 episcopum
1498 1990 1593 2070 redire
1607 1990 1703 2046 iaciat.

1177 2099 1241 2154 Car.
1259 2098 1336 2153 LVll.
1358 2125 1392 2140 -
1407 2101 1444 2152 lle
1457 2099 1562 2152 clericis
1574 2099 1663 2164 nauis

1030 2187 1087 2256 (Ea
1105 2187 1195 2242 eodem
1216 2190 1304 2256 capite
1326 2186 1382 2256 ts.)
1410 2187 1449 2240 lle
1475 2186 1584 2240 clericis
1609 2184 1702 2256 vagis,
1727 2201 1777 2239 seo
1797 2185 1841 2239 de-

996 2275 1150 2347 acephalis,
1166 2275 1192 2329 id
1207 2280 1258 2344 est,
1275 2274 1310 2330 de
1326 2274 1371 2329 his
1392 2274 1442 2347 qui
1464 2279 1531 2329 strnt
1550 2277 1612 2329 sine
1631 2273 1735 2344 capite,
1754 2289 1844 2344 neque

995 2378 1026 2416 an
1046 2363 1160 2418 servitio
1180 2362 1294 2419 Domini
1313 2362 1413 2429 nostri,
1435 2377 1529 2433 neque
1551 2363 1605 2417 snb
1631 2362 1779 2432 episcopo,
1797 2378 1845 2415 ne-

997 2466 1053 2521 que
1068 2452 1121 2505 sub
1135 2452 1248 2519 abbate,
1263 2451 1313 2505 sed
1336 2450 1397 2505 siue
1417 2451 1556 2505 canonica
1574 2451 1619 2505 ret
1645 2450 1775 2522 regulari
1789 2450 1846 2503 vita

997 2539 1143 2610 degentes,
1158 2545 1191 2595 ut
1204 2540 1233 2594 iu
1255 2539 1496 2595 libroofficiorum
1514 2539 1650 2607 secundo,
1668 2555 1731 2612 cap.
1749 2539 1845 2604 tertio,

996 2629 1032 2684 de
1057 2629 1103 2683 his
1126 2628 1254 2682 dicitnr:
1275 2628 1333 2684 llos
1363 2643 1458 2699 neque
1487 2628 1562 2682 inter
1587 2627 1687 2694 laicos,
1716 2632 1746 2682 at
1771 2628 1847 2681 inter

925 2766 931 2777 ,
997 2717 1178 2772 secularium
1199 2715 1361 2771 officiorum
1384 2716 1492 2784 studia,
1514 2731 1607 2788 neque
1629 2716 1706 2771 inter
1729 2717 1847 2770 clericos

998 2805 1100 2876 religio
1121 2809 1214 2861 tentat
1230 2804 1336 2872 divina,
1361 2804 1410 2860 sed
1427 2805 1533 2859 solutos
1559 2809 1646 2876 atque
1670 2804 1847 2870 oberrantes,

963 2894 1060 2957 csola
1080 2894 1170 2964 turpis
1188 2893 1248 2948 rita
1270 2893 1468 2964 complectitur
1487 2899 1516 2948 et
1534 2908 1626 2964 vaga:
1651 2893 1762 2965 quique
1781 2896 1849 2948 dum

998 2983 1108 3038 nullum
1125 2986 1266 3046 metuunt,
1283 2982 1431 3053 expleudoe
1453 2981 1606 3053 voluptatis
1623 2997 1683 3036 suae
1699 2982 1846 3037 licentiam

997 3074 1152 3136 sectantur,
1172 3075 1201 3125 et
1223 3069 1313 3141 quasi.
1327 3069 1464 3124 animalia
1483 3069 1569 3125 bruta
1590 3069 1723 3124 libertate
1749 3085 1782 3124 ac
1801 3071 1847 3125 de-

998 3157 1102 3213 siderio
1129 3158 1270 3223 feruntur,
1291 3157 1429 3212 babentes
1457 3157 1571 3228 siguum
1601 3157 1764 3229 religionis,
1793 3175 1848 3213 uon

998 3244 1147 3316 religionis
1156 3244 1294 3308 cilicium,
1305 3243 1528 3316 hypocentauris
1538 3244 1657 3312 similes,
1675 3261 1772 3317 neque
1783 3246 1848 3318 equi

999 3349 1052 3389 nec
1066 3333 1207 3389 homines.
1219 3333 1624 3405 Talesomuinoprcecipimus‚
1638 3339 1671 3388 ut
1685 3333 1847 3406 ubicunque

998 3422 1107 3478 inventi
1131 3422 1248 3496 luerint,
1271 3421 1399 3494 episcopi
1427 3422 1488 3477 siue
1519 3422 1579 3477 ulla
1608 3438 1690 3477 urora
1717 3439 1767 3478 eos
1796 3423 1845 3477 snb

998 3511 1129 3567 custodia
1151 3511 1350 3583 constringant
1378 3510 1526 3579 canonica,
1552 3515 1581 3565 et
1602 3512 1769 3566 nullatenus
1803 3528 1844 3565 cos

998 3599 1123 3670 amplius
1141 3599 1181 3654 ita
1195 3600 1373 3656 errabundos
1397 3604 1426 3656 et
1449 3615 1536 3671 vagos
1559 3599 1719 3655 secundum
1742 3599 1844 3654 deside

1000 3689 1041 3743 ria
1067 3687 1247 3760 voluptatum
1270 3704 1388 3743 suarum
1408 3687 1502 3743 virere
1525 3687 1704 3759 permittant.
1724 3687 1775 3743 Sin
1802 3703 1841 3740 an·

134 3757 309 3822 (EMO'ltt'lft'
333 3756 473 3824 Meminit}
498 3758 586 3826 millii
601 3755 639 3828 8·)
663 3755 717 3821 0⁰i
739 3753 944 3809 ³³⁰⁰llffl⁰¹¹i³·
999 3780 1058 3830 tom
1090 3776 1231 3849 episcopis
1268 3776 1327 3831 suis
1370 3774 1506 3831 canonice
1544 3774 1661 3830 obedire
1694 3775 1839 3839 noluerint,

98 3843 333 3916 lesrirginasrel
353 3844 453 3899 viduas
476 3845 602 3915 rapiunt,
627 3849 655 3900 et
680 3859 833 3914 progressu
858 3843 945 3897 etiam
999 3866 1283 3920 excommunicentur
1306 3880 1397 3938 usquo
1428 3863 1464 3919 ad
1485 3863 1627 3935 judicium
1651 3863 1779 3936 episcopi
1804 3879 1838 3917 η.

98 3932 226 3986 esimiflss
240 3933 270 3986 5¹1
289 3932 458 4004 ⁰0¹¹l¹¹dl¹¹m
481 3937 609 3999 immunis
625 3931 748 4004 l)ublicae
768 3930 945 4001 lloenstfflfiffi
1000 3951 1095 4025 giuuis
1119 3952 1208 4007 illius.
1233 3953 1283 4009 Sin
1308 3959 1406 4008 autem
1432 3951 1545 4008 necilli
1569 3967 1617 4006 eos
1636 3951 1781 4024 corrigere
1802 3967 1837 4004 ra·

98 4020 276 4091 subigantur.
293 4021 364 4092 lpsae
385 4037 450 4075 vero
473 4021 588 4076 leminea
614 4020 683 4075 locis
698 4019 833 4091 congruis
857 4019 947 4090 poeni·
999 4039 1118 4107 luerint,
1141 4040 1260 4095 omnino
1286 4040 1339 4096 sub
1358 4039 1481 4096 vinculis
1507 4040 1746 4111 constringantur
1761 4053 1835 4110 usque

99 4109 194 4163 tentia
214 4109 408 4176 retrudantur,
431 4113 459 4163 el
483 4108 516 4163 ad
537 4108 668 4163 habitum
688 4108 836 4178 religionis
851 4109 946 4163 redire
1000 4129 1036 4184 ad
1060 4128 1212 4200 synodum,
1238 4133 1271 4184 ut
1293 4128 1333 4183 ibi
1360 4128 1401 4183 ej,
1428 4127 1570 4183 jndjcgqur
1588 4132 1687 4183 utrum
1716 4128 1753 4183 gd
1774 4126 1834 4197 judi.

98 4202 247 4267 cogantur.
269 4197 332 4267 lpse
354 4201 451 4251 autem
475 4197 656 4251 incestuosus
680 4196 741 4250 siue
764 4212 814 4268 spe
838 4196 945 4251 uxoriae
965 4179 1078 4272 ”cium
1110 4215 1249 4288 principis
1282 4220 1331 4271 ,ut
1362 4215 1396 4271 ,g
1427 4215 1775 4286 univemalemsynogum
1796 4213 1833 4268 dp.

98 4285 289 4354 copulationis
302 4285 469 4356 perenuiter
488 4288 612 4351 maneat,
633 4284 690 4339 nisi
708 4286 832 4341 nescisse
852 4301 882 4340 se
897 4300 945 4341 ve·
1000 4305 1141 4374 smum,
1158 4305 1210 4360 ,uh
1229 4304 1358 4360 custodia
1371 4303 1495 4377 publica,

98 4373 185 4427 latam
200 4389 360 4443 expurgare
375 4372 511 4445 potuerit.
529 4372 559 4429 Si
573 4389 648 4436 vero.
665 4374 744 4446 quod
768 4373 855 4429 absitl
883 4390 947 4428 con·
1001 4411 1066 4465 CM,
1082 4410 1174 4465 LVIII·

95 4460 178 4532 jugia
197 4460 301 4515 iterare
319 4461 567 4532 presumpserint,
591 4461 694 4516 acriori
710 4461 868 4517 subdantur
882 4462 945 4516 viu·
1124 4485 1185 4536 πίω
1197 4481 1509 4537 secundumcanongwm
1519 4483 1605 4536 „pam
1618 4484 1728 4536 vivam,

99 4548 191 4615 dictae,
208 4549 372 4620 etamplius
386 4549 594 4621 propellantur.
619 4549 672 4614 Qui
695 4566 724 4604 se
743 4550 815 4605 forte
830 4549 947 4605 obediro
1042 4569 1100 4637 (13ae
1118 4569 1208 4624 eodem
1227 4571 1339 4624 ,onemo
1353 4573 1398 4623 cm·
1415 4571 1542 4636 interfuit
1558 4570 1676 4625 00,qu
1696 4572 1801 4639 emper„
1816 4566 1833 4616 et

99 4636 217 4693 monitis
231 4637 405 4693 salutaribus
421 4637 578 4704 noluerint,
595 4638 885 4694 anathematizentur.
1003 4658 1152 4728 Mopppm,
1171 4658 1305 4727 &chiffl
1343 4660 1372 4712 p,
1390 4659 1502 4714 dmg..
1529 4657 1558 4712 g¹
1584 4658 1662 4725 Aeg,
1685 4661 1774 4728 capp,
1795 4656 1834 4714 qq)

100 4743 164 4799 Cir.
187 4743 255 4798 llll.
277 4773 311 4783 -
328 4745 362 4799 Ut
375 4746 467 4799 clerici
480 4759 526 4799 seu
549 4746 686 4800 latalaum
707 4744 774 4799 bono
795 4747 947 4801 testimonio
1002 4745 1164 4802 abbatissas
1196 4750 1293 4801 antem
1325 4761 1391 4801 cum
1428 4744 1697 4801 sanctimonialibus
1733 4744 1837 4800 omnino

213 4905 223 4916 ·
273 4817 438 4902 consuens
451 4817 550 4885 Pleuit
564 4815 640 4885 309²st
654 4815 776 4870 debiam·
1001 4838 1077 4890 recte
1091 4839 1120 4888 et
1140 4834 1218 4906 juste
1232 4834 1327 4890 rivere
1347 4851 1506 4890 censemus.
1527 4835 1596 4899 Qum
1610 4849 1680 4890 sero
1701 4832 1838 4906 professio-

134 4917 194 4982 (Ec
218 4921 327 4975 concilio
343 4921 479 4990 spalensi,
495 4923 584 4991 eapite
598 4922 655 4991 to.)
667 4922 732 4976 llaec
744 4921 853 4976 cautela
874 4920 948 4976 circa
1002 4939 1068 4977 nem
1095 4922 1251 4978 secuudum
1280 4922 1409 4993 regulam
1433 4921 1525 4978 sancti
1544 4921 1693 4977 Benedicti
1713 4920 1840 4977 iecerunt

100 5022 199 5064 omnes
218 5012 356 5077 servetur,
377 5015 409 5064 ut
434 5009 499 5064 laici
521 5009 625 5065 remoti
649 5010 878 5082 apeculiaritate
893 5010 949 5064 vir·
1002 5011 1172 5082 regulariter
1186 5011 1292 5065 vivant.
1308 5011 1357 5066 Sin
1370 5016 1479 5080 autem,
1502 5010 1641 5066 canonice
1664 5010 1765 5065 vivant
1789 5011 1841 5082 ple·

101 5096 211 5166 ginum,
233 5112 287 5152 nec
312 5114 403 5170 usqne
416 5096 452 5153 ad
474 5097 647 5153 vestibulum
661 5098 785 5153 habeant
796 5099 948 5154 accedendi
1002 5099 1087 5166 niter,
1110 5103 1139 5153 et
1157 5099 1210 5154 sub
1231 5098 1364 5169 diligenti
1392 5114 1462 5153 cura
1486 5098 1648 5153 custodiam
1677 5094 1846 5165 neumausi

100 5184 240 5240 familiare
267 5187 452 5256 permissum,
487 5202 540 5241 nec
573 5186 635 5257 ipse
665 5187 716 5257 qui
748 5193 851 5257 praecst
882 5203 948 5242 eum
1001 5187 1031 5242 in
1046 5187 1177 5241 claustris
1202 5187 1260 5241 suis
1280 5192 1478 5260 permaneant,
1504 5202 1556 5242 nec
1578 5185 1655 5242 lorus
1679 5186 1789 5243 exitum
1810 5188 1847 5241 bt·

101 5271 162 5327 sola
176 5274 303 5345 colloqui
316 5275 411 5342 debet,
428 5275 476 5330 sed
496 5274 549 5330 sub
567 5274 733 5330 testimonio
751 5275 874 5330 duarum
899 5280 956 5336 etat
1002 5276 1097 5331 beant.
1115 5275 1170 5331 Sed
1187 5280 1215 5330 et
1230 5276 1298 5348 ipsae
1314 5275 1465 5330 abbatissa
1487 5275 1517 5330 in
1541 5275 1726 5330 monasteriis
1741 5271 1848 5333 sedeant

100 5361 188 5415 trium
226 5378 367 5431 sororum,
401 5363 442 5418 ita
475 5379 541 5419 rara
572 5363 608 5419 sit
627 5363 761 5432 comasio,
796 5364 948 5436 brevisque
1002 5379 1055 5418 nec
1075 5364 1152 5419 foras
1172 5364 1288 5433 vadant,
1311 5364 1373 5419 sine
1397 5364 1512 5419 licentia
1532 5367 1562 5419 et
1585 5363 1708 5421 consilio
1730 5356 1848 5438 episcopi

101 5448 218 5504 locutio.
1003 5451 1057 5505 sui.

1191 4441 1226 4450 -
1239 4412 1273 4466 m
1289 4411 1425 4466 monachae
1439 4412 1586 4465 monastice
1598 4412 1706 4479 cicant,
1733 4414 1758 4465 et
1771 4421 1833 4464 cauo
