<?xml version="1.0" encoding="UTF-8"?>
<!DOCTYPE html PUBLIC "-//W3C//DTD XHTML 1.0 Transitional//EN"
    "http://www.w3.org/TR/xhtml1/DTD/xhtml1-transitional.dtd">
<html xmlns="http://www.w3.org/1999/xhtml" xml:lang="en" lang="en">
 <head>
  <title>
</title>
<meta http-equiv="Content-Type" content="text/html;charset=utf-8" />
  <meta name='ocr-system' content='tesseract 3.04.00' />
  <meta name='ocr-capabilities' content='ocr_page ocr_carea ocr_par ocr_line ocrx_word'/>
</head>
<body>
  <div class='ocr_page' id='page_1' title='image "./patrologiaecurs17unkngoog_0221.png"; bbox 0 0 3878 6112; ppageno 0'>
   <div class='ocr_carea' id='block_1_1' title="bbox 648 326 1713 392">
    <p class='ocr_par' dir='ltr' id='par_1_1' title="bbox 648 326 1713 392">
     <span class='ocr_line' id='line_1_1' title="bbox 648 326 1713 392; baseline 0.005 -7"><span class='ocrx_word' id='word_1_1' title='bbox 648 326 731 387; x_wconf 73' lang='lat' dir='ltr'><strong>VITA</strong></span> <span class='ocrx_word' id='word_1_2' title='bbox 751 331 778 386; x_wconf 85' lang='lat' dir='ltr'><strong>S.</strong></span> <span class='ocrx_word' id='word_1_3' title='bbox 801 331 1023 389; x_wconf 74' lang='lat' dir='ltr'><strong>BERNWARDL</strong></span> <span class='ocrx_word' id='word_1_4' title='bbox 1659 337 1713 392; x_wconf 75' lang='grc'><strong>130</strong></span> 
     </span>
    </p>
   </div>
   <div class='ocr_carea' id='block_1_2' title="bbox 69 450 1777 4593">
    <p class='ocr_par' dir='ltr' id='par_1_2' title="bbox 70 450 1713 1147">
     <span class='ocr_line' id='line_1_2' title="bbox 71 450 1712 529; baseline 0.002 -20"><span class='ocrx_word' id='word_1_5' title='bbox 71 455 100 509; x_wconf 86' lang='lat' dir='ltr'><strong>to</strong></span> <span class='ocrx_word' id='word_1_6' title='bbox 122 453 230 509; x_wconf 90' lang='lat' dir='ltr'><strong>domno</strong></span> <span class='ocrx_word' id='word_1_7' title='bbox 247 450 286 487; x_wconf 75' lang='lat'><strong>‘¹⁹</strong></span> <span class='ocrx_word' id='word_1_8' title='bbox 308 452 440 508; x_wconf 84' lang='lat' dir='ltr'><strong>Heinrico</strong></span> <span class='ocrx_word' id='word_1_9' title='bbox 466 451 672 524; x_wconf 88' lang='lat' dir='ltr'><strong>benignissimo</strong></span> <span class='ocrx_word' id='word_1_10' title='bbox 692 450 731 487; x_wconf 80' lang='lat'><strong>²¹⁰</strong></span> <span class='ocrx_word' id='word_1_11' title='bbox 755 452 808 507; x_wconf 92' lang='lat' dir='ltr'><strong>im·</strong></span> <span class='ocrx_word' id='word_1_12' title='bbox 825 455 848 509; x_wconf 80' lang='grc' dir='ltr'>Α</span> <span class='ocrx_word' id='word_1_13' title='bbox 868 457 926 511; x_wconf 88' lang='lat' dir='ltr'><strong>lloc</strong></span> <span class='ocrx_word' id='word_1_14' title='bbox 942 459 1038 511; x_wconf 88' lang='lat' dir='ltr'><strong>autem</strong></span> <span class='ocrx_word' id='word_1_15' title='bbox 1052 472 1112 529; x_wconf 78' lang='lat' dir='ltr'><strong>prae</strong></span> <span class='ocrx_word' id='word_1_16' title='bbox 1126 454 1285 511; x_wconf 85' lang='lat' dir='ltr'><strong>devotionis</strong></span> <span class='ocrx_word' id='word_1_17' title='bbox 1298 472 1370 528; x_wconf 88' lang='lat' dir='ltr'><strong>opus</strong></span> <span class='ocrx_word' id='word_1_18' title='bbox 1386 470 1471 528; x_wconf 90' lang='lat' dir='ltr'><strong>qnam</strong></span> <span class='ocrx_word' id='word_1_19' title='bbox 1488 460 1600 513; x_wconf 89' lang='lat' dir='ltr'><strong>mature</strong></span> <span class='ocrx_word' id='word_1_20' title='bbox 1615 459 1712 513; x_wconf 90' lang='lat' dir='ltr'><strong>animo</strong></span> 
     </span>
     <span class='ocr_line' id='line_1_3' title="bbox 70 541 1712 618; baseline 0.001 -20"><span class='ocrx_word' id='word_1_21' title='bbox 70 558 91 598; x_wconf 76' lang='lat' dir='ltr'><strong>e</strong></span> <span class='ocrx_word' id='word_1_22' title='bbox 114 547 144 597; x_wconf 90' lang='lat' dir='ltr'><strong>et</strong></span> <span class='ocrx_word' id='word_1_23' title='bbox 166 541 285 597; x_wconf 83' lang='lat' dir='ltr'><strong>dirersis</strong></span> <span class='ocrx_word' id='word_1_24' title='bbox 310 541 460 614; x_wconf 87' lang='lat' dir='ltr'><strong>episcopis,</strong></span> <span class='ocrx_word' id='word_1_25' title='bbox 483 558 549 597; x_wconf 91' lang='lat' dir='ltr'><strong>cum</strong></span> <span class='ocrx_word' id='word_1_26' title='bbox 573 541 731 596; x_wconf 90' lang='lat' dir='ltr'><strong>astantibus</strong></span> <span class='ocrx_word' id='word_1_27' title='bbox 752 542 808 597; x_wconf 88' lang='lat' dir='ltr'><strong>cle·</strong></span> <span class='ocrx_word' id='word_1_28' title='bbox 864 542 1030 613; x_wconf 86' lang='lat' dir='ltr'><strong>intenderit,</strong></span> <span class='ocrx_word' id='word_1_29' title='bbox 1055 561 1113 616; x_wconf 91' lang='lat' dir='ltr'><strong>quo</strong></span> <span class='ocrx_word' id='word_1_30' title='bbox 1133 544 1245 600; x_wconf 82' lang='lat' dir='ltr'><strong>terrore</strong></span> <span class='ocrx_word' id='word_1_31' title='bbox 1269 549 1351 599; x_wconf 88' lang='lat' dir='ltr'><strong>nacta</strong></span> <span class='ocrx_word' id='word_1_32' title='bbox 1379 544 1573 616; x_wconf 76' lang='lat' dir='ltr'><strong>oportunitate</strong></span> <span class='ocrx_word' id='word_1_33' title='bbox 1596 562 1712 618; x_wconf 88' lang='lat' dir='ltr'><strong>aggres-</strong></span> 
     </span>
     <span class='ocr_line' id='line_1_4' title="bbox 88 630 1713 706; baseline 0.002 -20"><span class='ocrx_word' id='word_1_34' title='bbox 88 631 214 704; x_wconf 89' lang='lat' dir='ltr'><strong>populis,</strong></span> <span class='ocrx_word' id='word_1_35' title='bbox 237 646 272 685; x_wconf 90' lang='lat' dir='ltr'><strong>ne</strong></span> <span class='ocrx_word' id='word_1_36' title='bbox 286 636 351 701; x_wconf 90' lang='lat' dir='ltr'><strong>post</strong></span> <span class='ocrx_word' id='word_1_37' title='bbox 375 634 539 701; x_wconf 90' lang='lat' dir='ltr'><strong>susceptum</strong></span> <span class='ocrx_word' id='word_1_38' title='bbox 559 630 689 702; x_wconf 87' lang='lat' dir='ltr'><strong>regimen</strong></span> <span class='ocrx_word' id='word_1_39' title='bbox 705 634 808 685; x_wconf 84' lang='lat' dir='ltr'><strong>sanctae</strong></span> <span class='ocrx_word' id='word_1_40' title='bbox 864 633 974 702; x_wconf 87' lang='lat' dir='ltr'><strong>suasit,</strong></span> <span class='ocrx_word' id='word_1_41' title='bbox 999 649 1057 705; x_wconf 90' lang='lat' dir='ltr'><strong>qua</strong></span> <span class='ocrx_word' id='word_1_42' title='bbox 1079 630 1226 704; x_wconf 82' lang='lat' dir='ltr'><strong>vigilantia</strong></span> <span class='ocrx_word' id='word_1_43' title='bbox 1245 638 1274 688; x_wconf 90' lang='lat' dir='ltr'><strong>et</strong></span> <span class='ocrx_word' id='word_1_44' title='bbox 1299 633 1465 689; x_wconf 78' lang='lat' dir='ltr'><strong>assiduitate</strong></span> <span class='ocrx_word' id='word_1_45' title='bbox 1489 634 1635 702; x_wconf 90' lang='lat' dir='ltr'><strong>institerit,</strong></span> <span class='ocrx_word' id='word_1_46' title='bbox 1656 651 1713 706; x_wconf 89' lang='lat' dir='ltr'><strong>qua</strong></span> 
     </span>
     <span class='ocr_line' id='line_1_5' title="bbox 70 717 1713 796; baseline 0.002 -21"><span class='ocrx_word' id='word_1_47' title='bbox 70 719 236 776; x_wconf 75' lang='lat' dir='ltr'><strong>csheimensi</strong></span> <span class='ocrx_word' id='word_1_48' title='bbox 259 718 392 773; x_wconf 83' lang='lat' dir='ltr'><strong>aecclesiae</strong></span> <span class='ocrx_word' id='word_1_49' title='bbox 414 718 534 773; x_wconf 83' lang='lat' dir='ltr'><strong>inferret</strong></span> <span class='ocrx_word' id='word_1_50' title='bbox 558 717 696 789; x_wconf 69' lang='lat' dir='ltr'><strong>iniuriam</strong></span> <span class='ocrx_word' id='word_1_51' title='bbox 723 734 810 790; x_wconf 87' lang='lat' dir='ltr'><strong>suprr</strong></span> <span class='ocrx_word' id='word_1_52' title='bbox 863 721 983 776; x_wconf 88' lang='lat' dir='ltr'><strong>caritate</strong></span> <span class='ocrx_word' id='word_1_53' title='bbox 1006 721 1206 777; x_wconf 87' lang='lat' dir='ltr'><strong>sullicientiam</strong></span> <span class='ocrx_word' id='word_1_54' title='bbox 1232 721 1407 777; x_wconf 74' lang='lat' dir='ltr'><strong>exteriorum</strong></span> <span class='ocrx_word' id='word_1_55' title='bbox 1422 723 1449 777; x_wconf 91' lang='lat' dir='ltr'><strong>ei</strong></span> <span class='ocrx_word' id='word_1_56' title='bbox 1469 723 1637 795; x_wconf 87' lang='lat' dir='ltr'><strong>providerit,</strong></span> <span class='ocrx_word' id='word_1_57' title='bbox 1656 740 1713 796; x_wconf 92' lang='lat' dir='ltr'><strong>qua</strong></span> 
     </span>
     <span class='ocr_line' id='line_1_6' title="bbox 70 805 1711 881; baseline 0.002 -17"><span class='ocrx_word' id='word_1_58' title='bbox 70 807 113 864; x_wconf 83' lang='lat' dir='ltr'><strong>uia</strong></span> <span class='ocrx_word' id='word_1_59' title='bbox 135 807 361 864; x_wconf 87' lang='lat' dir='ltr'><strong>Gandenesbeim</strong></span> <span class='ocrx_word' id='word_1_60' title='bbox 383 807 468 862; x_wconf 87' lang='lat' dir='ltr'><strong>dicta.</strong></span> <span class='ocrx_word' id='word_1_61' title='bbox 493 806 574 872; x_wconf 79' lang='lat' dir='ltr'><strong>Quod</strong></span> <span class='ocrx_word' id='word_1_62' title='bbox 590 807 617 861; x_wconf 92' lang='lat' dir='ltr'><strong>id</strong></span> <span class='ocrx_word' id='word_1_63' title='bbox 640 806 735 877; x_wconf 90' lang='lat' dir='ltr'><strong>ipsum</strong></span> <span class='ocrx_word' id='word_1_64' title='bbox 755 805 810 860; x_wconf 88' lang='lat' dir='ltr'><strong>ite·</strong></span> <span class='ocrx_word' id='word_1_65' title='bbox 864 809 995 865; x_wconf 90' lang='lat' dir='ltr'><strong>libertate</strong></span> <span class='ocrx_word' id='word_1_66' title='bbox 1022 809 1222 877; x_wconf 81' lang='lat' dir='ltr'><strong>construxerit,</strong></span> <span class='ocrx_word' id='word_1_67' title='bbox 1257 826 1315 881; x_wconf 87' lang='lat' dir='ltr'><strong>qua</strong></span> <span class='ocrx_word' id='word_1_68' title='bbox 1345 811 1514 866; x_wconf 89' lang='lat' dir='ltr'><strong>auctoritate</strong></span> <span class='ocrx_word' id='word_1_69' title='bbox 1545 811 1711 878; x_wconf 78' lang='lat' dir='ltr'><strong>firmaverit,</strong></span> 
     </span>
     <span class='ocr_line' id='line_1_7' title="bbox 72 895 1713 970; baseline 0.002 -19"><span class='ocrx_word' id='word_1_70' title='bbox 72 897 81 932; x_wconf 89' lang='lat'><strong>¹</strong></span> <span class='ocrx_word' id='word_1_71' title='bbox 105 895 222 968; x_wconf 86' lang='lat' dir='ltr'><strong>repetiit</strong></span> <span class='ocrx_word' id='word_1_72' title='bbox 236 899 265 950; x_wconf 94' lang='lat' dir='ltr'><strong>et</strong></span> <span class='ocrx_word' id='word_1_73' title='bbox 288 895 478 963; x_wconf 84' lang='lat' dir='ltr'><strong>confirmarit,</strong></span> <span class='ocrx_word' id='word_1_74' title='bbox 502 896 570 951; x_wconf 92' lang='lat' dir='ltr'><strong>dum</strong></span> <span class='ocrx_word' id='word_1_75' title='bbox 594 895 676 949; x_wconf 91' lang='lat' dir='ltr'><strong>illum</strong></span> <span class='ocrx_word' id='word_1_76' title='bbox 697 895 735 929; x_wconf 73' lang='lat'><strong>¹²²</strong></span> <span class='ocrx_word' id='word_1_77' title='bbox 750 895 809 948; x_wconf 84' lang='lat' dir='ltr'><strong>rice</strong></span> <span class='ocrx_word' id='word_1_78' title='bbox 864 903 1005 970; x_wconf 91' lang='lat' dir='ltr'><strong>qnantum</strong></span> <span class='ocrx_word' id='word_1_79' title='bbox 1025 897 1113 953; x_wconf 87' lang='lat' dir='ltr'><strong>etiarn</strong></span> <span class='ocrx_word' id='word_1_80' title='bbox 1140 899 1202 970; x_wconf 91' lang='lat' dir='ltr'><strong>ipse</strong></span> <span class='ocrx_word' id='word_1_81' title='bbox 1221 897 1339 954; x_wconf 89' lang='lat' dir='ltr'><strong>interim</strong></span> <span class='ocrx_word' id='word_1_82' title='bbox 1358 898 1455 955; x_wconf 86' lang='lat' dir='ltr'><strong>divino</strong></span> <span class='ocrx_word' id='word_1_83' title='bbox 1479 903 1571 954; x_wconf 90' lang='lat' dir='ltr'><strong>tactus</strong></span> <span class='ocrx_word' id='word_1_84' title='bbox 1596 899 1713 955; x_wconf 85' lang='lat' dir='ltr'><strong>verbere</strong></span> 
     </span>
     <span class='ocr_line' id='line_1_8' title="bbox 70 983 1713 1059; baseline 0.002 -18"><span class='ocrx_word' id='word_1_85' title='bbox 70 1007 74 1040; x_wconf 86' lang='grc' dir='ltr'>ι</span> <span class='ocrx_word' id='word_1_86' title='bbox 106 984 354 1056; x_wconf 88' lang='lat' dir='ltr'><strong>archiepiscopum</strong></span> <span class='ocrx_word' id='word_1_87' title='bbox 386 984 558 1039; x_wconf 81' lang='lat' dir='ltr'><strong>venerabilis</strong></span> <span class='ocrx_word' id='word_1_88' title='bbox 594 984 632 1018; x_wconf 82' lang='lat'><strong>¹²³</strong></span> <span class='ocrx_word' id='word_1_89' title='bbox 662 983 807 1055; x_wconf 82' lang='lat' dir='ltr'><strong>Eggehar-</strong></span> <span class='ocrx_word' id='word_1_90' title='bbox 863 987 1025 1059; x_wconf 85' lang='lat' dir='ltr'><strong>profecerit,</strong></span> <span class='ocrx_word' id='word_1_91' title='bbox 1053 986 1144 1059; x_wconf 91' lang='lat' dir='ltr'><strong>ipsius</strong></span> <span class='ocrx_word' id='word_1_92' title='bbox 1171 986 1265 1042; x_wconf 82' lang='lat' dir='ltr'><strong>verbis</strong></span> <span class='ocrx_word' id='word_1_93' title='bbox 1289 986 1395 1042; x_wconf 87' lang='lat' dir='ltr'><strong>melius</strong></span> <span class='ocrx_word' id='word_1_94' title='bbox 1421 988 1612 1059; x_wconf 84' lang='lat' dir='ltr'><strong>proferemus.</strong></span> <span class='ocrx_word' id='word_1_95' title='bbox 1640 989 1713 1044; x_wconf 86' lang='lat' dir='ltr'><strong>lticit</strong></span> 
     </span>
     <span class='ocr_line' id='line_1_9' title="bbox 80 1071 1587 1147; baseline 0.001 -18"><span class='ocrx_word' id='word_1_96' title='bbox 80 1073 231 1146; x_wconf 84' lang='lat' dir='ltr'><strong>episcopus</strong></span> <span class='ocrx_word' id='word_1_97' title='bbox 245 1073 430 1128; x_wconf 83' lang='lat' dir='ltr'><strong>consecrarit.</strong></span> <span class='ocrx_word' id='word_1_98' title='bbox 445 1072 498 1127; x_wconf 89' lang='lat' dir='ltr'><strong>Sed</strong></span> <span class='ocrx_word' id='word_1_99' title='bbox 513 1073 591 1144; x_wconf 92' lang='lat' dir='ltr'><strong>quod</strong></span> <span class='ocrx_word' id='word_1_100' title='bbox 604 1077 673 1126; x_wconf 89' lang='lat' dir='ltr'><strong>tunc</strong></span> <span class='ocrx_word' id='word_1_101' title='bbox 688 1071 809 1126; x_wconf 88' lang='lat' dir='ltr'><strong>subdole</strong></span> <span class='ocrx_word' id='word_1_102' title='bbox 865 1075 942 1130; x_wconf 90' lang='lat' dir='ltr'><strong>enim</strong></span> <span class='ocrx_word' id='word_1_103' title='bbox 956 1075 1017 1146; x_wconf 88' lang='lat' dir='ltr'><strong>ipse</strong></span> <span class='ocrx_word' id='word_1_104' title='bbox 1032 1074 1062 1130; x_wconf 90' lang='lat' dir='ltr'><strong>in</strong></span> <span class='ocrx_word' id='word_1_105' title='bbox 1078 1075 1228 1147; x_wconf 85' lang='lat' dir='ltr'><strong>privilegio</strong></span> <span class='ocrx_word' id='word_1_106' title='bbox 1247 1075 1340 1130; x_wconf 88' lang='lat' dir='ltr'><strong>eidem</strong></span> <span class='ocrx_word' id='word_1_107' title='bbox 1355 1075 1487 1131; x_wconf 90' lang='lat' dir='ltr'><strong>coenobio</strong></span> <span class='ocrx_word' id='word_1_108' title='bbox 1502 1076 1587 1132; x_wconf 91' lang='lat' dir='ltr'><strong>dato:</strong></span> 
     </span>
    </p>

    <p class='ocr_par' dir='ltr' id='par_1_3' title="bbox 69 1160 1777 4593">
     <span class='ocr_line' id='line_1_10' title="bbox 70 1160 1713 1233; baseline 0 -15"><span class='ocrx_word' id='word_1_109' title='bbox 70 1162 103 1233; x_wconf 92' lang='lat' dir='ltr'><strong>it,</strong></span> <span class='ocrx_word' id='word_1_110' title='bbox 137 1168 285 1233; x_wconf 78' lang='lat' dir='ltr'><strong>grassante</strong></span> <span class='ocrx_word' id='word_1_111' title='bbox 310 1160 435 1216; x_wconf 92' lang='lat' dir='ltr'><strong>stulticia</strong></span> <span class='ocrx_word' id='word_1_112' title='bbox 461 1165 528 1232; x_wconf 92' lang='lat' dir='ltr'><strong>post</strong></span> <span class='ocrx_word' id='word_1_113' title='bbox 554 1160 665 1216; x_wconf 76' lang='lat' dir='ltr'><strong>fefellit.</strong></span> <span class='ocrx_word' id='word_1_114' title='bbox 686 1160 719 1216; x_wconf 92' lang='lat' dir='ltr'><strong>lu</strong></span> <span class='ocrx_word' id='word_1_115' title='bbox 749 1160 810 1231; x_wconf 90' lang='lat' dir='ltr'><strong>ipsa</strong></span> <span class='ocrx_word' id='word_1_116' title='bbox 900 1181 915 1212; x_wconf 75' lang='lat' dir='ltr'><strong>a</strong></span> <span class='ocrx_word' id='word_1_117' title='bbox 935 1162 1035 1218; x_wconf 87' lang='lat' dir='ltr'><strong>Omnis</strong></span> <span class='ocrx_word' id='word_1_118' title='bbox 1050 1168 1180 1218; x_wconf 84' lang='lat' dir='ltr'><strong>creatura</strong></span> <span class='ocrx_word' id='word_1_119' title='bbox 1195 1163 1713 1220; x_wconf 86' lang='lat' dir='ltr'><strong>homonominaideoasuocondita</strong></span> 
     </span>
     <span class='ocr_line' id='line_1_11' title="bbox 70 1247 1712 1323; baseline 0 -18"><span class='ocrx_word' id='word_1_120' title='bbox 70 1251 250 1323; x_wconf 85' lang='lat' dir='ltr'><strong>promotione</strong></span> <span class='ocrx_word' id='word_1_121' title='bbox 279 1265 331 1303; x_wconf 92' lang='lat' dir='ltr'><strong>sua</strong></span> <span class='ocrx_word' id='word_1_122' title='bbox 367 1247 405 1283; x_wconf 76' lang='lat'><strong>‘²⁸</strong></span> <span class='ocrx_word' id='word_1_123' title='bbox 437 1249 576 1305; x_wconf 90' lang='lat' dir='ltr'><strong>domnum</strong></span> <span class='ocrx_word' id='word_1_124' title='bbox 609 1248 809 1304; x_wconf 79' lang='lat' dir='ltr'><strong>bernwardum</strong></span> <span class='ocrx_word' id='word_1_125' title='bbox 865 1272 879 1298; x_wconf 69' lang='grc' dir='ltr'><strong>ι)</strong></span> <span class='ocrx_word' id='word_1_126' title='bbox 900 1255 943 1304; x_wconf 90' lang='lat' dir='ltr'><strong>est</strong></span> <span class='ocrx_word' id='word_1_127' title='bbox 963 1251 1108 1318; x_wconf 83' lang='lat' dir='ltr'><strong>creatore,</strong></span> <span class='ocrx_word' id='word_1_128' title='bbox 1128 1259 1161 1306; x_wconf 93' lang='lat' dir='ltr'><strong>ut</strong></span> <span class='ocrx_word' id='word_1_129' title='bbox 1185 1251 1268 1320; x_wconf 81' lang='lat' dir='ltr'><strong>juxta</strong></span> <span class='ocrx_word' id='word_1_130' title='bbox 1294 1251 1381 1307; x_wconf 91' lang='lat' dir='ltr'><strong>ritum</strong></span> <span class='ocrx_word' id='word_1_131' title='bbox 1402 1255 1513 1307; x_wconf 80' lang='lat' dir='ltr'><strong>natura</strong></span> <span class='ocrx_word' id='word_1_132' title='bbox 1539 1251 1635 1323; x_wconf 91' lang='lat' dir='ltr'><strong>potius</strong></span> <span class='ocrx_word' id='word_1_133' title='bbox 1661 1268 1712 1306; x_wconf 92' lang='lat' dir='ltr'><strong>suo</strong></span> 
     </span>
     <span class='ocr_line' id='line_1_12' title="bbox 70 1337 1712 1411; baseline 0 -17"><span class='ocrx_word' id='word_1_134' title='bbox 70 1355 128 1395; x_wconf 74' lang='lat' dir='ltr'><strong>iam</strong></span> <span class='ocrx_word' id='word_1_135' title='bbox 142 1338 210 1394; x_wconf 88' lang='lat' dir='ltr'><strong>licta</strong></span> <span class='ocrx_word' id='word_1_136' title='bbox 231 1355 300 1410; x_wconf 88' lang='lat' dir='ltr'><strong>pace</strong></span> <span class='ocrx_word' id='word_1_137' title='bbox 314 1354 366 1410; x_wconf 84' lang='lat' dir='ltr'><strong>per</strong></span> <span class='ocrx_word' id='word_1_138' title='bbox 381 1339 507 1408; x_wconf 81' lang='lat' dir='ltr'><strong>legatum</strong></span> <span class='ocrx_word' id='word_1_139' title='bbox 522 1354 607 1393; x_wconf 80' lang='lat' dir='ltr'><strong>sarum</strong></span> <span class='ocrx_word' id='word_1_140' title='bbox 622 1337 765 1403; x_wconf 86' lang='lat' dir='ltr'><strong>convenit,</strong></span> <span class='ocrx_word' id='word_1_141' title='bbox 782 1343 810 1391; x_wconf 89' lang='lat' dir='ltr'><strong>et</strong></span> <span class='ocrx_word' id='word_1_142' title='bbox 867 1360 878 1387; x_wconf 81' lang='grc' dir='ltr'><strong>ι</strong></span> <span class='ocrx_word' id='word_1_143' title='bbox 900 1338 1005 1395; x_wconf 83' lang='lat' dir='ltr'><strong>serviat</strong></span> <span class='ocrx_word' id='word_1_144' title='bbox 1019 1339 1145 1395; x_wconf 82' lang='lat' dir='ltr'><strong>Creatori</strong></span> <span class='ocrx_word' id='word_1_145' title='bbox 1160 1356 1246 1411; x_wconf 89' lang='lat' dir='ltr'><strong>quam</strong></span> <span class='ocrx_word' id='word_1_146' title='bbox 1269 1344 1417 1396; x_wconf 76' lang='lat' dir='ltr'><strong>creatura.</strong></span> <span class='ocrx_word' id='word_1_147' title='bbox 1433 1340 1520 1411; x_wconf 69' lang='lat' dir='ltr'><strong>Cuius</strong></span> <span class='ocrx_word' id='word_1_148' title='bbox 1534 1340 1712 1396; x_wconf 88' lang='lat' dir='ltr'><strong>habitudinis</strong></span> 
     </span>
     <span class='ocr_line' id='line_1_13' title="bbox 70 1426 1712 1498; baseline -0.001 -14"><span class='ocrx_word' id='word_1_149' title='bbox 70 1428 124 1484; x_wconf 83' lang='lat' dir='ltr'><strong>alsa</strong></span> <span class='ocrx_word' id='word_1_150' title='bbox 160 1427 296 1483; x_wconf 89' lang='lat' dir='ltr'><strong>salutaria</strong></span> <span class='ocrx_word' id='word_1_151' title='bbox 332 1427 544 1498; x_wconf 89' lang='lat' dir='ltr'><strong>querimoniam</strong></span> <span class='ocrx_word' id='word_1_152' title='bbox 577 1443 664 1497; x_wconf 86' lang='lat' dir='ltr'><strong>super</strong></span> <span class='ocrx_word' id='word_1_153' title='bbox 699 1426 810 1481; x_wconf 88' lang='lat' dir='ltr'><strong>Gaude·</strong></span> <span class='ocrx_word' id='word_1_154' title='bbox 866 1431 991 1483; x_wconf 77' lang='lat' dir='ltr'><strong>astatus</strong></span> <span class='ocrx_word' id='word_1_155' title='bbox 1004 1428 1074 1483; x_wconf 89' lang='lat' dir='ltr'><strong>dum</strong></span> <span class='ocrx_word' id='word_1_156' title='bbox 1089 1427 1121 1482; x_wconf 89' lang='lat' dir='ltr'><strong>fit</strong></span> <span class='ocrx_word' id='word_1_157' title='bbox 1134 1444 1231 1483; x_wconf 91' lang='lat' dir='ltr'><strong>rerum</strong></span> <span class='ocrx_word' id='word_1_158' title='bbox 1242 1427 1364 1483; x_wconf 89' lang='lat' dir='ltr'><strong>discolor</strong></span> <span class='ocrx_word' id='word_1_159' title='bbox 1379 1444 1455 1494; x_wconf 86' lang='lat' dir='ltr'><strong>usus,</strong></span> <span class='ocrx_word' id='word_1_160' title='bbox 1471 1429 1601 1484; x_wconf 88' lang='lat' dir='ltr'><strong>animum</strong></span> <span class='ocrx_word' id='word_1_161' title='bbox 1615 1432 1712 1483; x_wconf 88' lang='lat' dir='ltr'><strong>tamen</strong></span> 
     </span>
     <span class='ocr_line' id='line_1_14' title="bbox 70 1514 1713 1589; baseline -0.001 -17"><span class='ocrx_word' id='word_1_162' title='bbox 70 1533 92 1572; x_wconf 89' lang='lat' dir='ltr'><strong>n</strong></span> <span class='ocrx_word' id='word_1_163' title='bbox 114 1517 273 1589; x_wconf 81' lang='lat' dir='ltr'><strong>temptavit.</strong></span> <span class='ocrx_word' id='word_1_164' title='bbox 288 1516 339 1571; x_wconf 90' lang='lat' dir='ltr'><strong>Cui</strong></span> <span class='ocrx_word' id='word_1_165' title='bbox 359 1516 482 1571; x_wconf 89' lang='lat' dir='ltr'><strong>domnus</strong></span> <span class='ocrx_word' id='word_1_166' title='bbox 497 1515 683 1571; x_wconf 77' lang='lat' dir='ltr'><strong>bernwardus</strong></span> <span class='ocrx_word' id='word_1_167' title='bbox 697 1515 809 1586; x_wconf 88' lang='lat' dir='ltr'><strong>episco·</strong></span> <span class='ocrx_word' id='word_1_168' title='bbox 866 1535 880 1567; x_wconf 77' lang='lat' dir='ltr'><strong>s</strong></span> <span class='ocrx_word' id='word_1_169' title='bbox 900 1514 1021 1571; x_wconf 91' lang='lat' dir='ltr'><strong>rationis</strong></span> <span class='ocrx_word' id='word_1_170' title='bbox 1044 1521 1206 1587; x_wconf 89' lang='lat' dir='ltr'><strong>compotem</strong></span> <span class='ocrx_word' id='word_1_171' title='bbox 1223 1531 1337 1587; x_wconf 88' lang='lat' dir='ltr'><strong>semper</strong></span> <span class='ocrx_word' id='word_1_172' title='bbox 1350 1515 1473 1571; x_wconf 84' lang='lat' dir='ltr'><strong>reflectit</strong></span> <span class='ocrx_word' id='word_1_173' title='bbox 1487 1516 1523 1571; x_wconf 89' lang='lat' dir='ltr'><strong>ad</strong></span> <span class='ocrx_word' id='word_1_174' title='bbox 1544 1533 1602 1571; x_wconf 87' lang='lat' dir='ltr'><strong>suae</strong></span> <span class='ocrx_word' id='word_1_175' title='bbox 1617 1517 1713 1571; x_wconf 91' lang='lat' dir='ltr'><strong>condi·</strong></span> 
     </span>
     <span class='ocr_line' id='line_1_15' title="bbox 69 1603 1712 1676; baseline 0 -17"><span class='ocrx_word' id='word_1_176' title='bbox 69 1605 145 1660; x_wconf 79' lang='lat' dir='ltr'><strong>irina</strong></span> <span class='ocrx_word' id='word_1_177' title='bbox 159 1604 346 1676; x_wconf 86' lang='lat' dir='ltr'><strong>inspiratione</strong></span> <span class='ocrx_word' id='word_1_178' title='bbox 363 1604 471 1673; x_wconf 90' lang='lat' dir='ltr'><strong>doctus,</strong></span> <span class='ocrx_word' id='word_1_179' title='bbox 487 1620 546 1658; x_wconf 93' lang='lat' dir='ltr'><strong>non</strong></span> <span class='ocrx_word' id='word_1_180' title='bbox 571 1604 632 1674; x_wconf 87' lang='lat' dir='ltr'><strong>ejus</strong></span> <span class='ocrx_word' id='word_1_181' title='bbox 644 1603 809 1675; x_wconf 77' lang='lat' dir='ltr'><strong>vaniloquio</strong></span> <span class='ocrx_word' id='word_1_182' title='bbox 865 1623 879 1654; x_wconf 77' lang='lat' dir='ltr'><strong>a</strong></span> <span class='ocrx_word' id='word_1_183' title='bbox 901 1604 988 1658; x_wconf 91' lang='lat' dir='ltr'><strong>tionis</strong></span> <span class='ocrx_word' id='word_1_184' title='bbox 1010 1603 1166 1660; x_wconf 85' lang='lat' dir='ltr'><strong>tramitem.</strong></span> <span class='ocrx_word' id='word_1_185' title='bbox 1188 1604 1243 1660; x_wconf 88' lang='lat' dir='ltr'><strong>Sed</strong></span> <span class='ocrx_word' id='word_1_186' title='bbox 1264 1621 1322 1676; x_wconf 94' lang='lat' dir='ltr'><strong>quo</strong></span> <span class='ocrx_word' id='word_1_187' title='bbox 1338 1604 1461 1674; x_wconf 89' lang='lat' dir='ltr'><strong>amplius</strong></span> <span class='ocrx_word' id='word_1_188' title='bbox 1484 1620 1629 1676; x_wconf 88' lang='lat' dir='ltr'><strong>quamque</strong></span> <span class='ocrx_word' id='word_1_189' title='bbox 1649 1621 1712 1659; x_wconf 91' lang='lat' dir='ltr'><strong>cor·</strong></span> 
     </span>
     <span class='ocr_line' id='line_1_16' title="bbox 70 1692 1713 1789; baseline -0.001 -41"><span class='ocrx_word' id='word_1_190' title='bbox 70 1709 123 1761; x_wconf 79' lang='lat' dir='ltr'><strong>rna,</strong></span> <span class='ocrx_word' id='word_1_191' title='bbox 150 1692 333 1765; x_wconf 78' lang='lat' dir='ltr'><strong>obligationis</strong></span> <span class='ocrx_word' id='word_1_192' title='bbox 360 1709 418 1746; x_wconf 70' lang='lat' dir='ltr'><strong>suaa</strong></span> <span class='ocrx_word' id='word_1_193' title='bbox 443 1693 595 1746; x_wconf 87' lang='lat' dir='ltr'><strong>anathema</strong></span> <span class='ocrx_word' id='word_1_194' title='bbox 626 1692 671 1746; x_wconf 93' lang='lat' dir='ltr'><strong>illi</strong></span> <span class='ocrx_word' id='word_1_195' title='bbox 693 1692 807 1755; x_wconf 80' lang='lat' dir='ltr'><strong>retexit,</strong></span> <span class='ocrx_word' id='word_1_196' title='bbox 825 1734 845 1789; x_wconf 75' lang='lat' dir='ltr'>B</span> <span class='ocrx_word' id='word_1_197' title='bbox 865 1714 879 1741; x_wconf 80' lang='lat' dir='ltr'><strong>u</strong></span> <span class='ocrx_word' id='word_1_198' title='bbox 900 1694 1006 1748; x_wconf 83' lang='lat' dir='ltr'><strong>rexerit</strong></span> <span class='ocrx_word' id='word_1_199' title='bbox 1031 1693 1156 1749; x_wconf 81' lang='lat' dir='ltr'><strong>divinior</strong></span> <span class='ocrx_word' id='word_1_200' title='bbox 1180 1693 1308 1759; x_wconf 86' lang='lat' dir='ltr'><strong>haustus,</strong></span> <span class='ocrx_word' id='word_1_201' title='bbox 1334 1697 1414 1749; x_wconf 92' lang='lat' dir='ltr'><strong>tanto</strong></span> <span class='ocrx_word' id='word_1_202' title='bbox 1443 1692 1567 1748; x_wconf 77' lang='lat' dir='ltr'><strong>divinius</strong></span> <span class='ocrx_word' id='word_1_203' title='bbox 1594 1710 1623 1748; x_wconf 91' lang='lat' dir='ltr'><strong>se</strong></span> <span class='ocrx_word' id='word_1_204' title='bbox 1656 1695 1713 1748; x_wconf 80' lang='lat' dir='ltr'><strong>lieo</strong></span> 
     </span>
     <span class='ocr_line' id='line_1_17' title="bbox 81 1778 1713 1854; baseline 0.001 -17"><span class='ocrx_word' id='word_1_205' title='bbox 81 1781 136 1837; x_wconf 90' lang='lat' dir='ltr'><strong>sibi</strong></span> <span class='ocrx_word' id='word_1_206' title='bbox 159 1782 199 1835; x_wconf 92' lang='lat' dir='ltr'><strong>nil</strong></span> <span class='ocrx_word' id='word_1_207' title='bbox 223 1797 376 1835; x_wconf 90' lang='lat' dir='ltr'><strong>commune</strong></span> <span class='ocrx_word' id='word_1_208' title='bbox 391 1796 456 1834; x_wconf 89' lang='lat' dir='ltr'><strong>cum</strong></span> <span class='ocrx_word' id='word_1_209' title='bbox 472 1780 522 1834; x_wconf 90' lang='lat' dir='ltr'><strong>illo</strong></span> <span class='ocrx_word' id='word_1_210' title='bbox 544 1778 582 1815; x_wconf 80' lang='lat'><strong>²¹⁶</strong></span> <span class='ocrx_word' id='word_1_211' title='bbox 604 1797 676 1848; x_wconf 87' lang='lat' dir='ltr'><strong>asse,</strong></span> <span class='ocrx_word' id='word_1_212' title='bbox 691 1780 715 1835; x_wconf 88' lang='lat' dir='ltr'><strong>si</strong></span> <span class='ocrx_word' id='word_1_213' title='bbox 736 1781 808 1837; x_wconf 89' lang='lat' dir='ltr'><strong>bene</strong></span> <span class='ocrx_word' id='word_1_214' title='bbox 865 1781 1022 1854; x_wconf 78' lang='lat' dir='ltr'><strong>equisque</strong></span> <span class='ocrx_word' id='word_1_215' title='bbox 1048 1782 1158 1854; x_wconf 88' lang='lat' dir='ltr'><strong>obligat</strong></span> <span class='ocrx_word' id='word_1_216' title='bbox 1182 1782 1213 1836; x_wconf 94' lang='lat' dir='ltr'><strong>in</strong></span> <span class='ocrx_word' id='word_1_217' title='bbox 1237 1781 1372 1837; x_wconf 89' lang='lat' dir='ltr'><strong>omnibus</strong></span> <span class='ocrx_word' id='word_1_218' title='bbox 1395 1781 1491 1837; x_wconf 87' lang='lat' dir='ltr'><strong>rebus.</strong></span> <span class='ocrx_word' id='word_1_219' title='bbox 1517 1782 1550 1836; x_wconf 84' lang='lat' dir='ltr'><strong>Et</strong></span> <span class='ocrx_word' id='word_1_220' title='bbox 1571 1782 1625 1836; x_wconf 92' lang='lat' dir='ltr'><strong>hoc</strong></span> <span class='ocrx_word' id='word_1_221' title='bbox 1650 1781 1713 1838; x_wconf 88' lang='lat' dir='ltr'><strong>fieri</strong></span> 
     </span>
     <span class='ocr_line' id='line_1_18' title="bbox 71 1867 1777 1942; baseline 0.001 -17"><span class='ocrx_word' id='word_1_222' title='bbox 71 1871 177 1926; x_wconf 83' lang='lat' dir='ltr'><strong>nisiae</strong></span> <span class='ocrx_word' id='word_1_223' title='bbox 195 1886 259 1942; x_wconf 83' lang='lat' dir='ltr'><strong>qua·</strong></span> <span class='ocrx_word' id='word_1_224' title='bbox 276 1869 324 1925; x_wconf 82' lang='lat' dir='ltr'><strong>liei</strong></span> <span class='ocrx_word' id='word_1_225' title='bbox 342 1874 450 1936; x_wconf 88' lang='lat' dir='ltr'><strong>assent;</strong></span> <span class='ocrx_word' id='word_1_226' title='bbox 468 1868 667 1940; x_wconf 86' lang='lat' dir='ltr'><strong>deparrochia</strong></span> <span class='ocrx_word' id='word_1_227' title='bbox 692 1867 808 1924; x_wconf 74' lang='lat' dir='ltr'><strong>verom</strong></span> <span class='ocrx_word' id='word_1_228' title='bbox 864 1869 1010 1942; x_wconf 62' lang='lat' dir='ltr'><strong>inequit,</strong></span> <span class='ocrx_word' id='word_1_229' title='bbox 1036 1870 1091 1924; x_wconf 88' lang='lat' dir='ltr'><strong>nisi</strong></span> <span class='ocrx_word' id='word_1_230' title='bbox 1110 1869 1161 1926; x_wconf 90' lang='lat' dir='ltr'><strong>ubi</strong></span> <span class='ocrx_word' id='word_1_231' title='bbox 1180 1870 1274 1926; x_wconf 85' lang='lat' dir='ltr'><strong>valida</strong></span> <span class='ocrx_word' id='word_1_232' title='bbox 1297 1870 1348 1924; x_wconf 84' lang='lat' dir='ltr'><strong>liei</strong></span> <span class='ocrx_word' id='word_1_233' title='bbox 1364 1886 1467 1925; x_wconf 90' lang='lat' dir='ltr'><strong>manus</strong></span> <span class='ocrx_word' id='word_1_234' title='bbox 1490 1886 1636 1942; x_wconf 88' lang='lat' dir='ltr'><strong>quemque</strong></span> <span class='ocrx_word' id='word_1_235' title='bbox 1659 1870 1713 1926; x_wconf 91' lang='lat' dir='ltr'><strong>sibi</strong></span> <span class='ocrx_word' id='word_1_236' title='bbox 1774 1923 1777 1931; x_wconf 84' lang='lat'><strong><em>‚</em></strong></span> 
     </span>
     <span class='ocr_line' id='line_1_19' title="bbox 70 1957 1713 2032; baseline 0 -18"><span class='ocrx_word' id='word_1_237' title='bbox 70 1975 142 2032; x_wconf 89' lang='lat' dir='ltr'><strong>sque</strong></span> <span class='ocrx_word' id='word_1_238' title='bbox 168 1958 256 2014; x_wconf 90' lang='lat' dir='ltr'><strong>dubio</strong></span> <span class='ocrx_word' id='word_1_239' title='bbox 279 1957 367 2014; x_wconf 82' lang='lat' dir='ltr'><strong>nichil</strong></span> <span class='ocrx_word' id='word_1_240' title='bbox 389 1957 444 2012; x_wconf 92' lang='lat' dir='ltr'><strong>sibi</strong></span> <span class='ocrx_word' id='word_1_241' title='bbox 466 1958 593 2012; x_wconf 83' lang='lat' dir='ltr'><strong>cessisse.</strong></span> <span class='ocrx_word' id='word_1_242' title='bbox 619 1958 674 2012; x_wconf 88' lang='lat' dir='ltr'><strong>llac</strong></span> <span class='ocrx_word' id='word_1_243' title='bbox 689 1973 808 2028; x_wconf 84' lang='lat' dir='ltr'><strong>respon·</strong></span> <span class='ocrx_word' id='word_1_244' title='bbox 864 1981 877 2008; x_wconf 86' lang='lat'>»</span> <span class='ocrx_word' id='word_1_245' title='bbox 899 1959 1056 2014; x_wconf 83' lang='lat' dir='ltr'><strong>attraxerit.</strong></span> <span class='ocrx_word' id='word_1_246' title='bbox 1075 1960 1155 2015; x_wconf 90' lang='lat' dir='ltr'><strong>Unde</strong></span> <span class='ocrx_word' id='word_1_247' title='bbox 1170 1959 1199 2013; x_wconf 92' lang='lat' dir='ltr'><strong>iu</strong></span> <span class='ocrx_word' id='word_1_248' title='bbox 1215 1959 1346 2030; x_wconf 89' lang='lat' dir='ltr'><strong>appetitu</strong></span> <span class='ocrx_word' id='word_1_249' title='bbox 1360 1959 1460 2031; x_wconf 75' lang='lat' dir='ltr'><strong>gratiae</strong></span> <span class='ocrx_word' id='word_1_250' title='bbox 1474 1975 1503 2014; x_wconf 90' lang='lat' dir='ltr'><strong>se</strong></span> <span class='ocrx_word' id='word_1_251' title='bbox 1520 1959 1624 2032; x_wconf 89' lang='lat' dir='ltr'><strong>cuique</strong></span> <span class='ocrx_word' id='word_1_252' title='bbox 1638 1959 1713 2014; x_wconf 84' lang='lat' dir='ltr'><strong>irua-</strong></span> 
     </span>
     <span class='ocr_line' id='line_1_20' title="bbox 70 2044 1711 2118; baseline -0.001 -14"><span class='ocrx_word' id='word_1_253' title='bbox 70 2047 228 2104; x_wconf 87' lang='lat' dir='ltr'><strong>obstruitur</strong></span> <span class='ocrx_word' id='word_1_254' title='bbox 255 2046 429 2102; x_wconf 88' lang='lat' dir='ltr'><strong>machinatio</strong></span> <span class='ocrx_word' id='word_1_255' title='bbox 461 2045 687 2117; x_wconf 84' lang='lat' dir='ltr'><strong>archiepiscopi3</strong></span> <span class='ocrx_word' id='word_1_256' title='bbox 715 2049 744 2100; x_wconf 92' lang='lat' dir='ltr'><strong>ct</strong></span> <span class='ocrx_word' id='word_1_257' title='bbox 772 2044 810 2079; x_wconf 81' lang='lat'><strong>²²⁸</strong></span> <span class='ocrx_word' id='word_1_258' title='bbox 864 2069 878 2095; x_wconf 73' lang='grc' dir='ltr'><strong>υ</strong></span> <span class='ocrx_word' id='word_1_259' title='bbox 899 2046 1196 2117; x_wconf 87' lang='lat' dir='ltr'><strong>ginatatconiormat</strong></span> <span class='ocrx_word' id='word_1_260' title='bbox 1213 2046 1352 2118; x_wconf 89' lang='lat' dir='ltr'><strong>protectio</strong></span> <span class='ocrx_word' id='word_1_261' title='bbox 1376 2048 1481 2103; x_wconf 78' lang='lat' dir='ltr'><strong>divinae</strong></span> <span class='ocrx_word' id='word_1_262' title='bbox 1496 2047 1711 2103; x_wconf 76' lang='lat' dir='ltr'><strong>misericordiae.</strong></span> 
     </span>
     <span class='ocr_line' id='line_1_21' title="bbox 70 2133 1713 2207; baseline -0.002 -14"><span class='ocrx_word' id='word_1_263' title='bbox 70 2153 115 2193; x_wconf 81' lang='lat' dir='ltr'><strong>aaa</strong></span> <span class='ocrx_word' id='word_1_264' title='bbox 136 2153 167 2193; x_wconf 90' lang='lat' dir='ltr'><strong>re</strong></span> <span class='ocrx_word' id='word_1_265' title='bbox 181 2152 234 2192; x_wconf 84' lang='lat' dir='ltr'><strong>nec</strong></span> <span class='ocrx_word' id='word_1_266' title='bbox 252 2134 291 2171; x_wconf 75' lang='lat'><strong>‘²⁹</strong></span> <span class='ocrx_word' id='word_1_267' title='bbox 306 2135 409 2191; x_wconf 90' lang='lat' dir='ltr'><strong>mutire</strong></span> <span class='ocrx_word' id='word_1_268' title='bbox 430 2133 468 2170; x_wconf 83' lang='lat'><strong>¹³⁰</strong></span> <span class='ocrx_word' id='word_1_269' title='bbox 482 2134 601 2205; x_wconf 92' lang='lat' dir='ltr'><strong>quidem</strong></span> <span class='ocrx_word' id='word_1_270' title='bbox 620 2150 708 2189; x_wconf 88' lang='lat' dir='ltr'><strong>ausus</strong></span> <span class='ocrx_word' id='word_1_271' title='bbox 723 2139 765 2190; x_wconf 89' lang='lat' dir='ltr'><strong>est</strong></span> <span class='ocrx_word' id='word_1_272' title='bbox 780 2135 809 2189; x_wconf 93' lang='lat' dir='ltr'><strong>in</strong></span> <span class='ocrx_word' id='word_1_273' title='bbox 864 2155 877 2185; x_wconf 81' lang='lat' dir='ltr'><strong>a</strong></span> <span class='ocrx_word' id='word_1_274' title='bbox 899 2136 986 2206; x_wconf 84' lang='lat' dir='ltr'><strong>CaJ&#39;us</strong></span> <span class='ocrx_word' id='word_1_275' title='bbox 1001 2135 1044 2190; x_wconf 90' lang='lat' dir='ltr'><strong>rei</strong></span> <span class='ocrx_word' id='word_1_276' title='bbox 1058 2135 1288 2207; x_wconf 88' lang='lat' dir='ltr'><strong>experimentum</strong></span> <span class='ocrx_word' id='word_1_277' title='bbox 1304 2135 1373 2190; x_wconf 90' lang='lat' dir='ltr'><strong>dum</strong></span> <span class='ocrx_word' id='word_1_278' title='bbox 1391 2136 1580 2201; x_wconf 88' lang='lat' dir='ltr'><strong>consulimus,</strong></span> <span class='ocrx_word' id='word_1_279' title='bbox 1597 2139 1713 2192; x_wconf 85' lang='lat' dir='ltr'><strong>aresti-</strong></span> 
     </span>
     <span class='ocr_line' id='line_1_22' title="bbox 70 2216 1713 2296; baseline 0.001 -17"><span class='ocrx_word' id='word_1_280' title='bbox 70 2223 206 2287; x_wconf 81' lang='lat' dir='ltr'><strong>uerabili&#39;s</strong></span> <span class='ocrx_word' id='word_1_281' title='bbox 219 2222 379 2278; x_wconf 84' lang='lat' dir='ltr'><strong>Bernwardi</strong></span> <span class='ocrx_word' id='word_1_282' title='bbox 393 2222 521 2294; x_wconf 92' lang='lat' dir='ltr'><strong>episcopi</strong></span> <span class='ocrx_word' id='word_1_283' title='bbox 536 2223 571 2257; x_wconf 80' lang='lat'><strong>²³¹</strong></span> <span class='ocrx_word' id='word_1_284' title='bbox 588 2222 653 2294; x_wconf 81' lang='lat'><strong>(57).</strong></span> <span class='ocrx_word' id='word_1_285' title='bbox 865 2222 947 2292; x_wconf 86' lang='lat' dir='ltr'><strong>»gio</strong></span> <span class='ocrx_word' id='word_1_286' title='bbox 975 2223 1058 2279; x_wconf 86' lang='lat' dir='ltr'><strong>nobis</strong></span> <span class='ocrx_word' id='word_1_287' title='bbox 1087 2224 1211 2279; x_wconf 89' lang='lat' dir='ltr'><strong>occurrit</strong></span> <span class='ocrx_word' id='word_1_288' title='bbox 1237 2216 1368 2278; x_wconf 82' lang='lat' dir='ltr'><strong>divinum</strong></span> <span class='ocrx_word' id='word_1_289' title='bbox 1397 2240 1581 2294; x_wconf 87' lang='lat' dir='ltr'><strong>responsum,</strong></span> <span class='ocrx_word' id='word_1_290' title='bbox 1615 2225 1713 2296; x_wconf 91' lang='lat' dir='ltr'><strong>quod,</strong></span> 
     </span>
     <span class='ocr_line' id='line_1_23' title="bbox 70 2310 1713 2385; baseline -0.001 -18"><span class='ocrx_word' id='word_1_291' title='bbox 70 2311 93 2366; x_wconf 81' lang='lat'><strong>¹.</strong></span> <span class='ocrx_word' id='word_1_292' title='bbox 104 2313 189 2367; x_wconf 78' lang='lat' dir='ltr'><strong>Anno</strong></span> <span class='ocrx_word' id='word_1_293' title='bbox 204 2312 323 2382; x_wconf 89' lang='lat' dir='ltr'><strong>perinde</strong></span> <span class='ocrx_word' id='word_1_294' title='bbox 343 2312 478 2378; x_wconf 89' lang='lat' dir='ltr'><strong>secundo,</strong></span> <span class='ocrx_word' id='word_1_295' title='bbox 494 2313 548 2366; x_wconf 93' lang='lat' dir='ltr'><strong>hoc</strong></span> <span class='ocrx_word' id='word_1_296' title='bbox 564 2317 615 2379; x_wconf 85' lang='lat' dir='ltr'><strong>ast,</strong></span> <span class='ocrx_word' id='word_1_297' title='bbox 629 2326 704 2366; x_wconf 88' lang='lat' dir='ltr'><strong>anno</strong></span> <span class='ocrx_word' id='word_1_298' title='bbox 719 2310 810 2365; x_wconf 90' lang='lat' dir='ltr'><strong>incar·</strong></span> <span class='ocrx_word' id='word_1_299' title='bbox 865 2333 878 2362; x_wconf 76' lang='lat' dir='ltr'><strong>s</strong></span> <span class='ocrx_word' id='word_1_300' title='bbox 899 2316 1033 2384; x_wconf 86' lang='lat' dir='ltr'><strong>peccante</strong></span> <span class='ocrx_word' id='word_1_301' title='bbox 1053 2312 1144 2367; x_wconf 81' lang='lat' dir='ltr'><strong>Adam</strong></span> <span class='ocrx_word' id='word_1_302' title='bbox 1160 2316 1189 2367; x_wconf 92' lang='lat' dir='ltr'><strong>et</strong></span> <span class='ocrx_word' id='word_1_303' title='bbox 1203 2312 1269 2367; x_wconf 91' lang='lat' dir='ltr'><strong>inda</strong></span> <span class='ocrx_word' id='word_1_304' title='bbox 1284 2311 1362 2368; x_wconf 88' lang='lat' dir='ltr'><strong>exilii</strong></span> <span class='ocrx_word' id='word_1_305' title='bbox 1383 2312 1469 2383; x_wconf 87' lang='lat' dir='ltr'><strong>longa</strong></span> <span class='ocrx_word' id='word_1_306' title='bbox 1484 2311 1636 2385; x_wconf 87' lang='lat' dir='ltr'><strong>dispendia</strong></span> <span class='ocrx_word' id='word_1_307' title='bbox 1649 2329 1713 2385; x_wconf 89' lang='lat' dir='ltr'><strong>per·</strong></span> 
     </span>
     <span class='ocr_line' id='line_1_24' title="bbox 70 2398 1712 2472; baseline 0.002 -20"><span class='ocrx_word' id='word_1_308' title='bbox 70 2398 255 2454; x_wconf 82' lang='lat' dir='ltr'><strong>silominicae</strong></span> <span class='ocrx_word' id='word_1_309' title='bbox 271 2401 350 2466; x_wconf 88' lang='grc'><strong>1022,</strong></span> <span class='ocrx_word' id='word_1_310' title='bbox 364 2399 449 2470; x_wconf 89' lang='lat' dir='ltr'><strong>regni</strong></span> <span class='ocrx_word' id='word_1_311' title='bbox 464 2403 558 2454; x_wconf 85' lang='lat' dir='ltr'><strong>autom</strong></span> <span class='ocrx_word' id='word_1_312' title='bbox 571 2399 670 2454; x_wconf 93' lang='lat' dir='ltr'><strong>domni</strong></span> <span class='ocrx_word' id='word_1_313' title='bbox 686 2399 810 2454; x_wconf 85' lang='lat' dir='ltr'><strong>Heinrici</strong></span> <span class='ocrx_word' id='word_1_314' title='bbox 864 2420 878 2452; x_wconf 84' lang='lat' dir='ltr'><strong>u</strong></span> <span class='ocrx_word' id='word_1_315' title='bbox 898 2400 1018 2468; x_wconf 83' lang='lat' dir='ltr'><strong>ferente,</strong></span> <span class='ocrx_word' id='word_1_316' title='bbox 1035 2400 1188 2456; x_wconf 87' lang='lat' dir='ltr'><strong>credidisse</strong></span> <span class='ocrx_word' id='word_1_317' title='bbox 1212 2400 1356 2455; x_wconf 81' lang='lat' dir='ltr'><strong>Abraham</strong></span> <span class='ocrx_word' id='word_1_318' title='bbox 1373 2401 1430 2455; x_wconf 86' lang='lat' dir='ltr'><strong>Deo</strong></span> <span class='ocrx_word' id='word_1_319' title='bbox 1445 2404 1473 2454; x_wconf 89' lang='lat' dir='ltr'><strong>et</strong></span> <span class='ocrx_word' id='word_1_320' title='bbox 1496 2401 1550 2455; x_wconf 92' lang='lat' dir='ltr'><strong>hoc</strong></span> <span class='ocrx_word' id='word_1_321' title='bbox 1569 2400 1613 2456; x_wconf 90' lang='lat' dir='ltr'><strong>illi</strong></span> <span class='ocrx_word' id='word_1_322' title='bbox 1627 2417 1712 2472; x_wconf 90' lang='lat' dir='ltr'><strong>repu-</strong></span> 
     </span>
     <span class='ocr_line' id='line_1_25' title="bbox 70 2486 1712 2562; baseline 0.002 -21"><span class='ocrx_word' id='word_1_323' title='bbox 70 2486 144 2542; x_wconf 87' lang='lat' dir='ltr'><strong>toris</strong></span> <span class='ocrx_word' id='word_1_324' title='bbox 157 2489 203 2557; x_wconf 86' lang='grc'><strong>21,</strong></span> <span class='ocrx_word' id='word_1_325' title='bbox 218 2487 409 2542; x_wconf 88' lang='lat' dir='ltr'><strong>ordinationis</strong></span> <span class='ocrx_word' id='word_1_326' title='bbox 422 2503 490 2542; x_wconf 85' lang='lat' dir='ltr'><strong>vero</strong></span> <span class='ocrx_word' id='word_1_327' title='bbox 504 2487 667 2543; x_wconf 76' lang='lat' dir='ltr'><strong>bernwardi</strong></span> <span class='ocrx_word' id='word_1_328' title='bbox 685 2488 810 2560; x_wconf 89' lang='lat' dir='ltr'><strong>episcopi</strong></span> <span class='ocrx_word' id='word_1_329' title='bbox 864 2510 878 2541; x_wconf 77' lang='lat' dir='ltr'><strong>a</strong></span> <span class='ocrx_word' id='word_1_330' title='bbox 898 2495 990 2545; x_wconf 87' lang='lat' dir='ltr'><strong>tatum</strong></span> <span class='ocrx_word' id='word_1_331' title='bbox 1005 2505 1067 2544; x_wconf 89' lang='lat' dir='ltr'><strong>esse</strong></span> <span class='ocrx_word' id='word_1_332' title='bbox 1087 2489 1123 2544; x_wconf 93' lang='lat' dir='ltr'><strong>ad</strong></span> <span class='ocrx_word' id='word_1_333' title='bbox 1140 2489 1295 2561; x_wconf 88' lang='lat' dir='ltr'><strong>justiciam.</strong></span> <span class='ocrx_word' id='word_1_334' title='bbox 1317 2490 1457 2561; x_wconf 84' lang='lat' dir='ltr'><strong>Cumque,</strong></span> <span class='ocrx_word' id='word_1_335' title='bbox 1482 2493 1512 2544; x_wconf 91' lang='lat' dir='ltr'><strong>et</strong></span> <span class='ocrx_word' id='word_1_336' title='bbox 1523 2489 1619 2545; x_wconf 81' lang='lat' dir='ltr'><strong>divina</strong></span> <span class='ocrx_word' id='word_1_337' title='bbox 1634 2505 1712 2562; x_wconf 76' lang='lat' dir='ltr'><strong>prae-</strong></span> 
     </span>
     <span class='ocr_line' id='line_1_26' title="bbox 70 2574 1713 2648; baseline 0.001 -18"><span class='ocrx_word' id='word_1_338' title='bbox 70 2574 186 2630; x_wconf 91' lang='lat' dir='ltr'><strong>lictione</strong></span> <span class='ocrx_word' id='word_1_339' title='bbox 215 2577 241 2642; x_wconf 86' lang='lat'><strong>5,</strong></span> <span class='ocrx_word' id='word_1_340' title='bbox 269 2576 284 2629; x_wconf 82' lang='lat'><strong>3</strong></span> <span class='ocrx_word' id='word_1_341' title='bbox 314 2574 455 2631; x_wconf 83' lang='lat' dir='ltr'><strong>Kalendas</strong></span> <span class='ocrx_word' id='word_1_342' title='bbox 483 2574 612 2631; x_wconf 88' lang='lat' dir='ltr'><strong>Octobris</strong></span> <span class='ocrx_word' id='word_1_343' title='bbox 639 2576 726 2646; x_wconf 86' lang='lat' dir='ltr'><strong>(Sept.</strong></span> <span class='ocrx_word' id='word_1_344' title='bbox 754 2576 808 2646; x_wconf 76' lang='grc'><strong>29),</strong></span> <span class='ocrx_word' id='word_1_345' title='bbox 866 2577 1032 2633; x_wconf 77' lang='lat' dir='ltr'><strong>eveniente</strong></span> <span class='ocrx_word' id='word_1_346' title='bbox 1057 2577 1218 2644; x_wconf 87' lang='lat' dir='ltr'><strong>clementia,</strong></span> <span class='ocrx_word' id='word_1_347' title='bbox 1243 2580 1305 2633; x_wconf 89' lang='lat' dir='ltr'><strong>tum</strong></span> <span class='ocrx_word' id='word_1_348' title='bbox 1333 2581 1361 2632; x_wconf 88' lang='lat' dir='ltr'><strong>et</strong></span> <span class='ocrx_word' id='word_1_349' title='bbox 1384 2575 1567 2648; x_wconf 79' lang='lat' dir='ltr'><strong>exigentibus</strong></span> <span class='ocrx_word' id='word_1_350' title='bbox 1592 2577 1713 2644; x_wconf 89' lang='lat' dir='ltr'><strong>meritis,</strong></span> 
     </span>
     <span class='ocr_line' id='line_1_27' title="bbox 69 2661 1715 2738; baseline 0.002 -21"><span class='ocrx_word' id='word_1_351' title='bbox 69 2661 158 2718; x_wconf 89' lang='lat' dir='ltr'><strong>ictum</strong></span> <span class='ocrx_word' id='word_1_352' title='bbox 181 2663 399 2729; x_wconf 88' lang='lat' dir='ltr'><strong>monasterium,</strong></span> <span class='ocrx_word' id='word_1_353' title='bbox 420 2664 456 2719; x_wconf 92' lang='lat' dir='ltr'><strong>ad</strong></span> <span class='ocrx_word' id='word_1_354' title='bbox 471 2663 626 2719; x_wconf 84' lang='lat' dir='ltr'><strong>utilitatem</strong></span> <span class='ocrx_word' id='word_1_355' title='bbox 643 2665 809 2719; x_wconf 84' lang='lat' dir='ltr'><strong>monasticae</strong></span> <span class='ocrx_word' id='word_1_356' title='bbox 864 2687 879 2714; x_wconf 70' lang='grc' dir='ltr'><strong>ι)</strong></span> <span class='ocrx_word' id='word_1_357' title='bbox 900 2665 1065 2738; x_wconf 86' lang='lat' dir='ltr'><strong>accipimus,</strong></span> <span class='ocrx_word' id='word_1_358' title='bbox 1086 2664 1296 2737; x_wconf 89' lang='lat' dir='ltr'><strong>legislatorem</strong></span> <span class='ocrx_word' id='word_1_359' title='bbox 1320 2666 1434 2736; x_wconf 79' lang='lat' dir='ltr'><strong>ltoysen</strong></span> <span class='ocrx_word' id='word_1_360' title='bbox 1460 2665 1562 2720; x_wconf 89' lang='lat' dir='ltr'><strong>ducem</strong></span> <span class='ocrx_word' id='word_1_361' title='bbox 1586 2681 1618 2721; x_wconf 91' lang='lat' dir='ltr'><strong>ac</strong></span> <span class='ocrx_word' id='word_1_362' title='bbox 1639 2682 1715 2738; x_wconf 78' lang='lat' dir='ltr'><strong>prae·</strong></span> 
     </span>
     <span class='ocr_line' id='line_1_28' title="bbox 70 2749 1714 2826; baseline 0.003 -22"><span class='ocrx_word' id='word_1_363' title='bbox 70 2754 250 2818; x_wconf 73' lang='lat' dir='ltr'><strong>instructam,</strong></span> <span class='ocrx_word' id='word_1_364' title='bbox 274 2750 494 2823; x_wconf 85' lang='lat' dir='ltr'><strong>multiplicique,</strong></span> <span class='ocrx_word' id='word_1_365' title='bbox 519 2749 599 2806; x_wconf 85' lang='lat' dir='ltr'><strong>velut</strong></span> <span class='ocrx_word' id='word_1_366' title='bbox 616 2751 701 2806; x_wconf 89' lang='lat' dir='ltr'><strong>hodie</strong></span> <span class='ocrx_word' id='word_1_367' title='bbox 718 2758 808 2822; x_wconf 89' lang='lat' dir='ltr'><strong>patet,</strong></span> <span class='ocrx_word' id='word_1_368' title='bbox 865 2760 1046 2826; x_wconf 75' lang='lat' dir='ltr'><strong>nceptorem</strong></span> <span class='ocrx_word' id='word_1_369' title='bbox 1077 2754 1201 2809; x_wconf 89' lang='lat' dir='ltr'><strong>extitisse</strong></span> <span class='ocrx_word' id='word_1_370' title='bbox 1231 2753 1331 2825; x_wconf 88' lang='lat' dir='ltr'><strong>populi</strong></span> <span class='ocrx_word' id='word_1_371' title='bbox 1360 2754 1457 2818; x_wconf 84' lang='lat' dir='ltr'><strong>lsrael,</strong></span> <span class='ocrx_word' id='word_1_372' title='bbox 1487 2752 1550 2825; x_wconf 88' lang='lat' dir='ltr'><strong>pari</strong></span> <span class='ocrx_word' id='word_1_373' title='bbox 1582 2754 1714 2809; x_wconf 88' lang='lat' dir='ltr'><strong>examine</strong></span> 
     </span>
     <span class='ocr_line' id='line_1_29' title="bbox 89 2839 1715 2912; baseline 0.003 -19"><span class='ocrx_word' id='word_1_374' title='bbox 89 2839 260 2912; x_wconf 84' lang='lat' dir='ltr'><strong>perlectum,</strong></span> <span class='ocrx_word' id='word_1_375' title='bbox 285 2839 447 2894; x_wconf 85' lang='lat' dir='ltr'><strong>dedicatum</strong></span> <span class='ocrx_word' id='word_1_376' title='bbox 472 2843 515 2894; x_wconf 87' lang='lat' dir='ltr'><strong>est</strong></span> <span class='ocrx_word' id='word_1_377' title='bbox 534 2855 600 2894; x_wconf 91' lang='lat' dir='ltr'><strong>cum</strong></span> <span class='ocrx_word' id='word_1_378' title='bbox 624 2840 704 2894; x_wconf 88' lang='lat' dir='ltr'><strong>omui</strong></span> <span class='ocrx_word' id='word_1_379' title='bbox 724 2840 809 2894; x_wconf 88' lang='lat' dir='ltr'><strong>dero·</strong></span> <span class='ocrx_word' id='word_1_380' title='bbox 865 2843 1057 2898; x_wconf 79' lang='lat' dir='ltr'><strong>»sanctitatis</strong></span> <span class='ocrx_word' id='word_1_381' title='bbox 1083 2843 1233 2909; x_wconf 83' lang='lat' dir='ltr'><strong>miramur,</strong></span> <span class='ocrx_word' id='word_1_382' title='bbox 1260 2843 1466 2898; x_wconf 89' lang='lat' dir='ltr'><strong>miraculorum</strong></span> <span class='ocrx_word' id='word_1_383' title='bbox 1494 2842 1633 2898; x_wconf 82' lang='lat' dir='ltr'><strong>factorem</strong></span> <span class='ocrx_word' id='word_1_384' title='bbox 1657 2843 1715 2898; x_wconf 84' lang='lat' dir='ltr'><strong>tta-</strong></span> 
     </span>
     <span class='ocr_line' id='line_1_30' title="bbox 70 2927 1714 3003; baseline 0.002 -20"><span class='ocrx_word' id='word_1_385' title='bbox 70 2928 264 2983; x_wconf 81' lang='lat' dir='ltr'><strong>ccclesiasticae</strong></span> <span class='ocrx_word' id='word_1_386' title='bbox 286 2927 435 2999; x_wconf 88' lang='lat' dir='ltr'><strong>religionis</strong></span> <span class='ocrx_word' id='word_1_387' title='bbox 456 2945 473 2983; x_wconf 89' lang='lat' dir='ltr'><strong>a</strong></span> <span class='ocrx_word' id='word_1_388' title='bbox 493 2928 657 2983; x_wconf 84' lang='lat' dir='ltr'><strong>venerando</strong></span> <span class='ocrx_word' id='word_1_389' title='bbox 679 2928 809 2999; x_wconf 85' lang='lat' dir='ltr'><strong>ejusdem</strong></span> <span class='ocrx_word' id='word_1_390' title='bbox 865 2955 879 2982; x_wconf 89' lang='lat'>»</span> <span class='ocrx_word' id='word_1_391' title='bbox 900 2933 975 3003; x_wconf 86' lang='lat' dir='ltr'><strong>lyam</strong></span> <span class='ocrx_word' id='word_1_392' title='bbox 991 2931 1111 2988; x_wconf 90' lang='lat' dir='ltr'><strong>humani</strong></span> <span class='ocrx_word' id='word_1_393' title='bbox 1125 2932 1179 2987; x_wconf 78' lang='lat' dir='ltr'><strong>avi</strong></span> <span class='ocrx_word' id='word_1_394' title='bbox 1193 2931 1322 2987; x_wconf 90' lang='lat' dir='ltr'><strong>nondum</strong></span> <span class='ocrx_word' id='word_1_395' title='bbox 1346 2930 1515 3003; x_wconf 88' lang='lat' dir='ltr'><strong>cognovisse</strong></span> <span class='ocrx_word' id='word_1_396' title='bbox 1530 2935 1649 2999; x_wconf 85' lang='lat' dir='ltr'><strong>metam,</strong></span> <span class='ocrx_word' id='word_1_397' title='bbox 1665 2932 1714 2987; x_wconf 89' lang='lat' dir='ltr'><strong>sed</strong></span> 
     </span>
     <span class='ocr_line' id='line_1_31' title="bbox 70 3002 1715 3092; baseline 0.002 -21"><span class='ocrx_word' id='word_1_398' title='bbox 70 3031 94 3071; x_wconf 66' lang='grc' dir='ltr'><em>ω</em></span> <span class='ocrx_word' id='word_1_399' title='bbox 115 3016 262 3086; x_wconf 88' lang='lat' dir='ltr'><strong>provisore</strong></span> <span class='ocrx_word' id='word_1_400' title='bbox 286 3016 457 3071; x_wconf 76' lang='lat' dir='ltr'><strong>bernwardo</strong></span> <span class='ocrx_word' id='word_1_401' title='bbox 480 3015 628 3087; x_wconf 85' lang='lat' dir='ltr'><strong>pontifice,</strong></span> <span class='ocrx_word' id='word_1_402' title='bbox 654 3021 684 3071; x_wconf 91' lang='lat' dir='ltr'><strong>et</strong></span> <span class='ocrx_word' id='word_1_403' title='bbox 703 3017 739 3071; x_wconf 94' lang='lat' dir='ltr'><strong>ab</strong></span> <span class='ocrx_word' id='word_1_404' title='bbox 757 3002 845 3072; x_wconf 86' lang='lat' dir='ltr'><strong>ho·C</strong></span> <span class='ocrx_word' id='word_1_405' title='bbox 865 3041 879 3073; x_wconf 81' lang='lat' dir='ltr'><strong>a</strong></span> <span class='ocrx_word' id='word_1_406' title='bbox 898 3035 985 3075; x_wconf 88' lang='lat' dir='ltr'><strong>curru</strong></span> <span class='ocrx_word' id='word_1_407' title='bbox 998 3014 1086 3092; x_wconf 89' lang='lat' dir='ltr'><strong>igneo</strong></span> <span class='ocrx_word' id='word_1_408' title='bbox 1101 3020 1245 3075; x_wconf 89' lang='lat' dir='ltr'><strong>sublatum</strong></span> <span class='ocrx_word' id='word_1_409' title='bbox 1261 3035 1322 3074; x_wconf 89' lang='lat' dir='ltr'><strong>esse</strong></span> <span class='ocrx_word' id='word_1_410' title='bbox 1337 3019 1439 3074; x_wconf 90' lang='lat' dir='ltr'><strong>ultimo</strong></span> <span class='ocrx_word' id='word_1_411' title='bbox 1453 3019 1627 3075; x_wconf 75' lang='lat' dir='ltr'><strong>seculorum</strong></span> <span class='ocrx_word' id='word_1_412' title='bbox 1641 3019 1715 3091; x_wconf 85' lang='lat' dir='ltr'><strong>judi-</strong></span> 
     </span>
     <span class='ocr_line' id='line_1_32' title="bbox 70 3101 1715 3179; baseline 0.005 -24"><span class='ocrx_word' id='word_1_413' title='bbox 70 3101 83 3156; x_wconf 88' lang='lat' dir='ltr'><strong>i</strong></span> <span class='ocrx_word' id='word_1_414' title='bbox 116 3102 259 3157; x_wconf 83' lang='lat' dir='ltr'><strong>Unewano</strong></span> <span class='ocrx_word' id='word_1_415' title='bbox 291 3102 493 3174; x_wconf 73' lang='lat' dir='ltr'><strong>archipresule</strong></span> <span class='ocrx_word' id='word_1_416' title='bbox 519 3104 809 3174; x_wconf 78' lang='lat' dir='ltr'><strong>hammenburgensis</strong></span> <span class='ocrx_word' id='word_1_417' title='bbox 867 3107 952 3162; x_wconf 73' lang='lat' dir='ltr'><strong>scio.</strong></span> <span class='ocrx_word' id='word_1_418' title='bbox 977 3107 1092 3163; x_wconf 79' lang='lat' dir='ltr'><strong>Excedit</strong></span> <span class='ocrx_word' id='word_1_419' title='bbox 1107 3114 1236 3163; x_wconf 89' lang='lat' dir='ltr'><strong>mentem</strong></span> <span class='ocrx_word' id='word_1_420' title='bbox 1251 3123 1304 3163; x_wconf 92' lang='lat' dir='ltr'><strong>nec</strong></span> <span class='ocrx_word' id='word_1_421' title='bbox 1317 3106 1524 3179; x_wconf 69' lang='lat' dir='ltr'><strong>crepidinem,</strong></span> <span class='ocrx_word' id='word_1_422' title='bbox 1540 3108 1563 3164; x_wconf 92' lang='lat' dir='ltr'><strong>si</strong></span> <span class='ocrx_word' id='word_1_423' title='bbox 1577 3107 1612 3163; x_wconf 89' lang='lat' dir='ltr'><strong>de</strong></span> <span class='ocrx_word' id='word_1_424' title='bbox 1627 3107 1673 3164; x_wconf 92' lang='lat' dir='ltr'><strong>his</strong></span> <span class='ocrx_word' id='word_1_425' title='bbox 1687 3115 1715 3164; x_wconf 89' lang='lat' dir='ltr'><strong>et</strong></span> 
     </span>
     <span class='ocr_line' id='line_1_33' title="bbox 70 3189 1715 3264; baseline 0.004 -19"><span class='ocrx_word' id='word_1_426' title='bbox 70 3206 103 3259; x_wconf 74' lang='lat' dir='ltr'><strong>ae,</strong></span> <span class='ocrx_word' id='word_1_427' title='bbox 129 3189 165 3245; x_wconf 90' lang='lat' dir='ltr'><strong>ab</strong></span> <span class='ocrx_word' id='word_1_428' title='bbox 190 3191 357 3262; x_wconf 84' lang='lat' dir='ltr'><strong>Eggehordo</strong></span> <span class='ocrx_word' id='word_1_429' title='bbox 380 3191 563 3248; x_wconf 76' lang='lat' dir='ltr'><strong>sleswicense</strong></span> <span class='ocrx_word' id='word_1_430' title='bbox 587 3193 729 3264; x_wconf 87' lang='lat' dir='ltr'><strong>episcopo,</strong></span> <span class='ocrx_word' id='word_1_431' title='bbox 751 3197 810 3248; x_wconf 89' lang='lat' dir='ltr'><strong>eta</strong></span> <span class='ocrx_word' id='word_1_432' title='bbox 864 3218 878 3245; x_wconf 87' lang='lat'>»</span> <span class='ocrx_word' id='word_1_433' title='bbox 900 3196 1003 3251; x_wconf 90' lang='lat' dir='ltr'><strong>horum</strong></span> <span class='ocrx_word' id='word_1_434' title='bbox 1027 3195 1169 3250; x_wconf 85' lang='lat' dir='ltr'><strong>similibus</strong></span> <span class='ocrx_word' id='word_1_435' title='bbox 1192 3200 1290 3251; x_wconf 89' lang='lat' dir='ltr'><strong>nostra</strong></span> <span class='ocrx_word' id='word_1_436' title='bbox 1312 3195 1386 3252; x_wconf 88' lang='lat' dir='ltr'><strong>ratio</strong></span> <span class='ocrx_word' id='word_1_437' title='bbox 1410 3196 1531 3251; x_wconf 89' lang='lat' dir='ltr'><strong>ulterius</strong></span> <span class='ocrx_word' id='word_1_438' title='bbox 1551 3212 1581 3251; x_wconf 89' lang='lat' dir='ltr'><strong>sa</strong></span> <span class='ocrx_word' id='word_1_439' title='bbox 1596 3196 1715 3251; x_wconf 89' lang='lat' dir='ltr'><strong>tendere</strong></span> 
     </span>
     <span class='ocr_line' id='line_1_34' title="bbox 70 3280 1715 3357; baseline 0.002 -22"><span class='ocrx_word' id='word_1_440' title='bbox 70 3295 96 3336; x_wconf 84' lang='lat' dir='ltr'><strong>ro</strong></span> <span class='ocrx_word' id='word_1_441' title='bbox 110 3280 356 3352; x_wconf 78' lang='lat' dir='ltr'><strong>Aldenburgensis</strong></span> <span class='ocrx_word' id='word_1_442' title='bbox 370 3281 505 3336; x_wconf 77' lang='lat' dir='ltr'><strong>aecclesiae</strong></span> <span class='ocrx_word' id='word_1_443' title='bbox 518 3280 745 3336; x_wconf 82' lang='lat' dir='ltr'><strong>reverentissimo</strong></span> <span class='ocrx_word' id='word_1_444' title='bbox 762 3298 810 3336; x_wconf 90' lang='lat' dir='ltr'><strong>an·</strong></span> <span class='ocrx_word' id='word_1_445' title='bbox 864 3304 878 3337; x_wconf 76' lang='lat' dir='ltr'><strong>a</strong></span> <span class='ocrx_word' id='word_1_446' title='bbox 900 3284 1032 3340; x_wconf 85' lang='lat' dir='ltr'><strong>voluerit.</strong></span> <span class='ocrx_word' id='word_1_447' title='bbox 1050 3284 1124 3340; x_wconf 89' lang='lat' dir='ltr'><strong>Satis</strong></span> <span class='ocrx_word' id='word_1_448' title='bbox 1144 3284 1250 3341; x_wconf 90' lang='lat' dir='ltr'><strong>indicio</strong></span> <span class='ocrx_word' id='word_1_449' title='bbox 1266 3289 1318 3353; x_wconf 89' lang='lat' dir='ltr'><strong>est,</strong></span> <span class='ocrx_word' id='word_1_450' title='bbox 1339 3289 1464 3357; x_wconf 89' lang='lat' dir='ltr'><strong>quantus</strong></span> <span class='ocrx_word' id='word_1_451' title='bbox 1484 3285 1671 3340; x_wconf 88' lang='lat' dir='ltr'><strong>assurrexerit</strong></span> <span class='ocrx_word' id='word_1_452' title='bbox 1685 3284 1715 3339; x_wconf 91' lang='lat' dir='ltr'><strong>in</strong></span> 
     </span>
     <span class='ocr_line' id='line_1_35' title="bbox 73 3368 1715 3444; baseline 0.001 -20"><span class='ocrx_word' id='word_1_453' title='bbox 73 3368 229 3425; x_wconf 89' lang='lat' dir='ltr'><strong>inhonore</strong></span> <span class='ocrx_word' id='word_1_454' title='bbox 243 3368 396 3426; x_wconf 78' lang='lat' dir='ltr'><strong>salvatoris</strong></span> <span class='ocrx_word' id='word_1_455' title='bbox 412 3369 526 3425; x_wconf 88' lang='lat' dir='ltr'><strong>Domini</strong></span> <span class='ocrx_word' id='word_1_456' title='bbox 540 3369 712 3425; x_wconf 86' lang='lat' dir='ltr'><strong>nostritcsu</strong></span> <span class='ocrx_word' id='word_1_457' title='bbox 728 3370 809 3425; x_wconf 89' lang='lat' dir='ltr'><strong>Chri·</strong></span> <span class='ocrx_word' id='word_1_458' title='bbox 864 3371 1007 3444; x_wconf 73' lang='lat' dir='ltr'><strong>»praeliis</strong></span> <span class='ocrx_word' id='word_1_459' title='bbox 1031 3371 1116 3428; x_wconf 83' lang='lat' dir='ltr'><strong>David</strong></span> <span class='ocrx_word' id='word_1_460' title='bbox 1144 3388 1232 3426; x_wconf 93' lang='lat' dir='ltr'><strong>mauu</strong></span> <span class='ocrx_word' id='word_1_461' title='bbox 1256 3371 1349 3439; x_wconf 83' lang='lat' dir='ltr'><strong>tortis,</strong></span> <span class='ocrx_word' id='word_1_462' title='bbox 1377 3376 1406 3428; x_wconf 89' lang='lat' dir='ltr'><strong>et</strong></span> <span class='ocrx_word' id='word_1_463' title='bbox 1429 3373 1489 3427; x_wconf 90' lang='lat' dir='ltr'><strong>sole</strong></span> <span class='ocrx_word' id='word_1_464' title='bbox 1514 3371 1638 3428; x_wconf 90' lang='lat' dir='ltr'><strong>lucidius</strong></span> <span class='ocrx_word' id='word_1_465' title='bbox 1663 3377 1715 3438; x_wconf 89' lang='lat' dir='ltr'><strong>est,</strong></span> 
     </span>
     <span class='ocr_line' id='line_1_36' title="bbox 70 3457 1716 3531; baseline -0.001 -18"><span class='ocrx_word' id='word_1_466' title='bbox 70 3459 127 3530; x_wconf 77' lang='lat' dir='ltr'><strong>rjus</strong></span> <span class='ocrx_word' id='word_1_467' title='bbox 141 3458 326 3514; x_wconf 78' lang='lat' dir='ltr'><strong>sanctissime</strong></span> <span class='ocrx_word' id='word_1_468' title='bbox 340 3459 492 3514; x_wconf 87' lang='lat' dir='ltr'><strong>Genitricis</strong></span> <span class='ocrx_word' id='word_1_469' title='bbox 504 3475 675 3531; x_wconf 83' lang='lat' dir='ltr'><strong>semperque</strong></span> <span class='ocrx_word' id='word_1_470' title='bbox 686 3459 810 3531; x_wconf 88' lang='lat' dir='ltr'><strong>Virginis</strong></span> <span class='ocrx_word' id='word_1_471' title='bbox 864 3480 878 3511; x_wconf 74' lang='lat' dir='ltr'><strong>a</strong></span> <span class='ocrx_word' id='word_1_472' title='bbox 899 3464 1005 3514; x_wconf 87' lang='lat' dir='ltr'><strong>structo</strong></span> <span class='ocrx_word' id='word_1_473' title='bbox 1019 3459 1203 3514; x_wconf 87' lang='lat' dir='ltr'><strong>tabernaculo</strong></span> <span class='ocrx_word' id='word_1_474' title='bbox 1221 3457 1283 3524; x_wconf 85' lang='lat' dir='ltr'><strong>Dei,</strong></span> <span class='ocrx_word' id='word_1_475' title='bbox 1299 3457 1414 3529; x_wconf 87' lang='lat' dir='ltr'><strong>quantis</strong></span> <span class='ocrx_word' id='word_1_476' title='bbox 1429 3457 1602 3530; x_wconf 89' lang='lat' dir='ltr'><strong>religionum</strong></span> <span class='ocrx_word' id='word_1_477' title='bbox 1613 3459 1716 3515; x_wconf 88' lang='lat' dir='ltr'><strong>ritibus</strong></span> 
     </span>
     <span class='ocr_line' id='line_1_37' title="bbox 82 3546 1714 3619; baseline 0.001 -17"><span class='ocrx_word' id='word_1_478' title='bbox 82 3562 116 3602; x_wconf 90' lang='lat' dir='ltr'><strong>ac</strong></span> <span class='ocrx_word' id='word_1_479' title='bbox 129 3547 268 3602; x_wconf 80' lang='lat' dir='ltr'><strong>salutiferi</strong></span> <span class='ocrx_word' id='word_1_480' title='bbox 284 3548 356 3619; x_wconf 93' lang='lat' dir='ltr'><strong>ligni</strong></span> <span class='ocrx_word' id='word_1_481' title='bbox 368 3548 521 3604; x_wconf 84' lang='lat' dir='ltr'><strong>adorandae</strong></span> <span class='ocrx_word' id='word_1_482' title='bbox 536 3553 564 3603; x_wconf 90' lang='lat' dir='ltr'><strong>et</strong></span> <span class='ocrx_word' id='word_1_483' title='bbox 576 3547 695 3603; x_wconf 78' lang='lat' dir='ltr'><strong>virifica</strong></span> <span class='ocrx_word' id='word_1_484' title='bbox 707 3547 808 3615; x_wconf 88' lang='lat' dir='ltr'><strong>crucis,</strong></span> <span class='ocrx_word' id='word_1_485' title='bbox 867 3569 877 3595; x_wconf 83' lang='lat'><strong>»</strong></span> <span class='ocrx_word' id='word_1_486' title='bbox 899 3551 928 3601; x_wconf 93' lang='lat' dir='ltr'><strong>et</strong></span> <span class='ocrx_word' id='word_1_487' title='bbox 942 3546 1114 3602; x_wconf 89' lang='lat' dir='ltr'><strong>libaminum</strong></span> <span class='ocrx_word' id='word_1_488' title='bbox 1128 3546 1248 3602; x_wconf 89' lang='lat' dir='ltr'><strong>misticis</strong></span> <span class='ocrx_word' id='word_1_489' title='bbox 1266 3546 1392 3602; x_wconf 89' lang='lat' dir='ltr'><strong>cultibus</strong></span> <span class='ocrx_word' id='word_1_490' title='bbox 1405 3562 1436 3602; x_wconf 92' lang='lat' dir='ltr'><strong>se</strong></span> <span class='ocrx_word' id='word_1_491' title='bbox 1459 3548 1517 3602; x_wconf 87' lang='lat' dir='ltr'><strong>Deo</strong></span> <span class='ocrx_word' id='word_1_492' title='bbox 1530 3546 1714 3619; x_wconf 86' lang='lat' dir='ltr'><strong>approxima·</strong></span> 
     </span>
     <span class='ocr_line' id='line_1_38' title="bbox 70 3635 1716 3707; baseline 0 -17"><span class='ocrx_word' id='word_1_493' title='bbox 70 3635 175 3707; x_wconf 82' lang='lat' dir='ltr'><strong>peciale</strong></span> <span class='ocrx_word' id='word_1_494' title='bbox 190 3636 381 3707; x_wconf 89' lang='lat' dir='ltr'><strong>patrocinium</strong></span> <span class='ocrx_word' id='word_1_495' title='bbox 406 3637 497 3691; x_wconf 90' lang='lat' dir='ltr'><strong>sancti</strong></span> <span class='ocrx_word' id='word_1_496' title='bbox 511 3635 674 3691; x_wconf 82' lang='lat' dir='ltr'><strong>tlichahelis</strong></span> <span class='ocrx_word' id='word_1_497' title='bbox 689 3636 809 3691; x_wconf 90' lang='lat' dir='ltr'><strong>archan·</strong></span> <span class='ocrx_word' id='word_1_498' title='bbox 865 3635 973 3691; x_wconf 79' lang='lat' dir='ltr'><strong>»verit</strong></span> <span class='ocrx_word' id='word_1_499' title='bbox 996 3640 1111 3690; x_wconf 71' lang='lat' dir='ltr'><strong>mactus</strong></span> <span class='ocrx_word' id='word_1_500' title='bbox 1137 3635 1281 3704; x_wconf 80' lang='lat' dir='ltr'><strong>salemon,</strong></span> <span class='ocrx_word' id='word_1_501' title='bbox 1298 3635 1380 3705; x_wconf 90' lang='lat' dir='ltr'><strong>cujus</strong></span> <span class='ocrx_word' id='word_1_502' title='bbox 1403 3635 1583 3706; x_wconf 74' lang='lat' dir='ltr'><strong>paenitentia</strong></span> <span class='ocrx_word' id='word_1_503' title='bbox 1606 3636 1716 3692; x_wconf 87' lang='lat' dir='ltr'><strong>meritis</strong></span> 
     </span>
     <span class='ocr_line' id='line_1_39' title="bbox 70 3721 1716 3794; baseline 0.002 -18"><span class='ocrx_word' id='word_1_504' title='bbox 70 3722 199 3792; x_wconf 85' lang='lat' dir='ltr'><strong>utiusque</strong></span> <span class='ocrx_word' id='word_1_505' title='bbox 223 3721 335 3778; x_wconf 77' lang='lat' dir='ltr'><strong>militiae</strong></span> <span class='ocrx_word' id='word_1_506' title='bbox 351 3723 424 3791; x_wconf 89' lang='lat' dir='ltr'><strong>coeli,</strong></span> <span class='ocrx_word' id='word_1_507' title='bbox 449 3728 477 3778; x_wconf 90' lang='lat' dir='ltr'><strong>et</strong></span> <span class='ocrx_word' id='word_1_508' title='bbox 501 3723 537 3779; x_wconf 90' lang='lat' dir='ltr'><strong>ad</strong></span> <span class='ocrx_word' id='word_1_509' title='bbox 551 3723 667 3779; x_wconf 91' lang='lat' dir='ltr'><strong>laudem</strong></span> <span class='ocrx_word' id='word_1_510' title='bbox 693 3739 810 3777; x_wconf 87' lang='lat' dir='ltr'><strong>venera·</strong></span> <span class='ocrx_word' id='word_1_511' title='bbox 865 3745 879 3775; x_wconf 73' lang='lat' dir='ltr'><strong>s</strong></span> <span class='ocrx_word' id='word_1_512' title='bbox 899 3724 997 3779; x_wconf 89' lang='lat' dir='ltr'><strong>nullus</strong></span> <span class='ocrx_word' id='word_1_513' title='bbox 1011 3739 1150 3794; x_wconf 89' lang='lat' dir='ltr'><strong>umquam</strong></span> <span class='ocrx_word' id='word_1_514' title='bbox 1166 3735 1299 3794; x_wconf 83' lang='lat' dir='ltr'><strong>repertus</strong></span> <span class='ocrx_word' id='word_1_515' title='bbox 1312 3727 1355 3777; x_wconf 89' lang='lat' dir='ltr'><strong>est</strong></span> <span class='ocrx_word' id='word_1_516' title='bbox 1368 3722 1481 3778; x_wconf 89' lang='lat' dir='ltr'><strong>similis.</strong></span> <span class='ocrx_word' id='word_1_517' title='bbox 1499 3723 1608 3788; x_wconf 79' lang='lat' dir='ltr'><strong>Quibus</strong></span> <span class='ocrx_word' id='word_1_518' title='bbox 1622 3724 1716 3779; x_wconf 90' lang='lat' dir='ltr'><strong>omni·</strong></span> 
     </span>
     <span class='ocr_line' id='line_1_40' title="bbox 70 3810 1716 3868; baseline 0.001 -3"><span class='ocrx_word' id='word_1_519' title='bbox 70 3810 191 3866; x_wconf 75' lang='lat' dir='ltr'><strong>»mnium</strong></span> <span class='ocrx_word' id='word_1_520' title='bbox 207 3815 371 3866; x_wconf 87' lang='lat' dir='ltr'><strong>sanctorum</strong></span> <span class='ocrx_word' id='word_1_521' title='bbox 388 3812 447 3866; x_wconf 83' lang='lat' dir='ltr'><strong>uei.</strong></span> <span class='ocrx_word' id='word_1_522' title='bbox 509 3859 513 3868; x_wconf 79' lang='grc'>,</span> <span class='ocrx_word' id='word_1_523' title='bbox 866 3812 952 3867; x_wconf 72' lang='lat' dir='ltr'><strong>abus</strong></span> <span class='ocrx_word' id='word_1_524' title='bbox 966 3811 1002 3867; x_wconf 94' lang='lat' dir='ltr'><strong>ad</strong></span> <span class='ocrx_word' id='word_1_525' title='bbox 1024 3811 1224 3867; x_wconf 89' lang='lat' dir='ltr'><strong>habitudinem</strong></span> <span class='ocrx_word' id='word_1_526' title='bbox 1247 3811 1389 3866; x_wconf 80' lang='lat' dir='ltr'><strong>factorum</strong></span> <span class='ocrx_word' id='word_1_527' title='bbox 1413 3810 1549 3866; x_wconf 84' lang='lat' dir='ltr'><strong>revelarit</strong></span> <span class='ocrx_word' id='word_1_528' title='bbox 1573 3812 1647 3867; x_wconf 86' lang='lat' dir='ltr'><strong>Deus</strong></span> <span class='ocrx_word' id='word_1_529' title='bbox 1672 3828 1716 3866; x_wconf 88' lang='lat' dir='ltr'><strong>se-</strong></span> 
     </span>
     <span class='ocr_line' id='line_1_41' title="bbox 74 3885 1717 3972; baseline 0.001 -18"><span class='ocrx_word' id='word_1_530' title='bbox 74 3898 130 3954; x_wconf 86' lang='lat' dir='ltr'><strong>Sed</strong></span> <span class='ocrx_word' id='word_1_531' title='bbox 155 3885 222 3954; x_wconf 78' lang='lat' dir='ltr'><strong>mox</strong></span> <span class='ocrx_word' id='word_1_532' title='bbox 255 3900 384 3972; x_wconf 85' lang='lat' dir='ltr'><strong>ejusdcm</strong></span> <span class='ocrx_word' id='word_1_533' title='bbox 414 3899 583 3955; x_wconf 87' lang='lat' dir='ltr'><strong>monasterii</strong></span> <span class='ocrx_word' id='word_1_534' title='bbox 612 3899 810 3956; x_wconf 90' lang='lat' dir='ltr'><strong>habitaculum</strong></span> <span class='ocrx_word' id='word_1_535' title='bbox 864 3925 878 3951; x_wconf 71' lang='grc' dir='ltr'><strong>ι»</strong></span> <span class='ocrx_word' id='word_1_536' title='bbox 899 3905 976 3956; x_wconf 88' lang='lat' dir='ltr'><strong>creta</strong></span> <span class='ocrx_word' id='word_1_537' title='bbox 990 3899 1175 3968; x_wconf 90' lang='lat' dir='ltr'><strong>meritorum,</strong></span> <span class='ocrx_word' id='word_1_538' title='bbox 1194 3904 1228 3954; x_wconf 89' lang='lat' dir='ltr'><strong>ut</strong></span> <span class='ocrx_word' id='word_1_539' title='bbox 1242 3898 1440 3970; x_wconf 88' lang='lat' dir='ltr'><strong>temporaliter</strong></span> <span class='ocrx_word' id='word_1_540' title='bbox 1464 3899 1568 3953; x_wconf 90' lang='lat' dir='ltr'><strong>merito</strong></span> <span class='ocrx_word' id='word_1_541' title='bbox 1590 3903 1620 3953; x_wconf 89' lang='lat' dir='ltr'><strong>at</strong></span> <span class='ocrx_word' id='word_1_542' title='bbox 1633 3915 1717 3971; x_wconf 88' lang='lat' dir='ltr'><strong>opere</strong></span> 
     </span>
     <span class='ocr_line' id='line_1_42' title="bbox 70 3986 1716 4061; baseline 0 -18"><span class='ocrx_word' id='word_1_543' title='bbox 70 4003 147 4043; x_wconf 82' lang='lat' dir='ltr'><strong>saum</strong></span> <span class='ocrx_word' id='word_1_544' title='bbox 170 3993 214 4043; x_wconf 89' lang='lat' dir='ltr'><strong>est</strong></span> <span class='ocrx_word' id='word_1_545' title='bbox 236 3988 272 4044; x_wconf 93' lang='lat' dir='ltr'><strong>ad</strong></span> <span class='ocrx_word' id='word_1_546' title='bbox 287 3990 446 4060; x_wconf 88' lang='lat' dir='ltr'><strong>regendum</strong></span> <span class='ocrx_word' id='word_1_547' title='bbox 469 3989 579 4045; x_wconf 86' lang='lat' dir='ltr'><strong>abbatis</strong></span> <span class='ocrx_word' id='word_1_548' title='bbox 602 3989 695 4044; x_wconf 82' lang='lat' dir='ltr'><strong>officio</strong></span> <span class='ocrx_word' id='word_1_549' title='bbox 719 3988 811 4045; x_wconf 90' lang='lat' dir='ltr'><strong>Gode·</strong></span> <span class='ocrx_word' id='word_1_550' title='bbox 865 3988 1034 4045; x_wconf 76' lang='lat' dir='ltr'><strong>»omnibus</strong></span> <span class='ocrx_word' id='word_1_551' title='bbox 1050 4004 1164 4061; x_wconf 85' lang='lat' dir='ltr'><strong>semper</strong></span> <span class='ocrx_word' id='word_1_552' title='bbox 1178 3993 1276 4043; x_wconf 89' lang='lat' dir='ltr'><strong>essent</strong></span> <span class='ocrx_word' id='word_1_553' title='bbox 1297 3987 1434 4060; x_wconf 85' lang='lat' dir='ltr'><strong>dispares,</strong></span> <span class='ocrx_word' id='word_1_554' title='bbox 1461 3986 1580 4060; x_wconf 87' lang='lat' dir='ltr'><strong>insuper</strong></span> <span class='ocrx_word' id='word_1_555' title='bbox 1595 3993 1716 4043; x_wconf 72' lang='lat' dir='ltr'><strong>asterna-</strong></span> 
     </span>
     <span class='ocr_line' id='line_1_43' title="bbox 70 4076 1716 4150; baseline -0.001 -18"><span class='ocrx_word' id='word_1_556' title='bbox 70 4076 684 4150; x_wconf 75' lang='lat' dir='ltr'><strong>·,cenobiisanctiPantalcontspraposuo.</strong></span> <span class='ocrx_word' id='word_1_557' title='bbox 865 4079 966 4135; x_wconf 77' lang='lat' dir='ltr'><strong>aliter</strong></span> <span class='ocrx_word' id='word_1_558' title='bbox 990 4077 1127 4150; x_wconf 86' lang='lat' dir='ltr'><strong>angelicis</strong></span> <span class='ocrx_word' id='word_1_559' title='bbox 1153 4076 1301 4149; x_wconf 87' lang='lat' dir='ltr'><strong>spiritibus</strong></span> <span class='ocrx_word' id='word_1_560' title='bbox 1325 4077 1428 4132; x_wconf 88' lang='lat' dir='ltr'><strong>tierent</strong></span> <span class='ocrx_word' id='word_1_561' title='bbox 1452 4076 1620 4148; x_wconf 73' lang='lat' dir='ltr'><strong>coequales.</strong></span> <span class='ocrx_word' id='word_1_562' title='bbox 1651 4077 1716 4132; x_wconf 77' lang='lat' dir='ltr'><strong>uaee</strong></span> 
     </span>
     <span class='ocr_line' id='line_1_44' title="bbox 70 4163 1716 4240; baseline 0 -21"><span class='ocrx_word' id='word_1_563' title='bbox 70 4164 181 4221; x_wconf 63' lang='lat' dir='ltr'><strong>faudem</strong></span> <span class='ocrx_word' id='word_1_564' title='bbox 204 4182 272 4221; x_wconf 86' lang='lat' dir='ltr'><strong>vero</strong></span> <span class='ocrx_word' id='word_1_565' title='bbox 287 4165 378 4221; x_wconf 90' lang='lat' dir='ltr'><strong>sancti</strong></span> <span class='ocrx_word' id='word_1_566' title='bbox 399 4166 564 4222; x_wconf 81' lang='lat' dir='ltr'><strong>llichahelis</strong></span> <span class='ocrx_word' id='word_1_567' title='bbox 587 4167 744 4222; x_wconf 79' lang='lat' dir='ltr'><strong>ecclesiam</strong></span> <span class='ocrx_word' id='word_1_568' title='bbox 768 4165 812 4221; x_wconf 88' lang='lat' dir='ltr'><strong>vir</strong></span> <span class='ocrx_word' id='word_1_569' title='bbox 865 4184 953 4240; x_wconf 80' lang='lat' dir='ltr'><strong>sego</strong></span> <span class='ocrx_word' id='word_1_570' title='bbox 985 4166 1170 4222; x_wconf 88' lang='lat' dir='ltr'><strong>considerans</strong></span> <span class='ocrx_word' id='word_1_571' title='bbox 1202 4164 1399 4231; x_wconf 81' lang='lat' dir='ltr'><strong>Bernwardus,</strong></span> <span class='ocrx_word' id='word_1_572' title='bbox 1434 4163 1484 4219; x_wconf 84' lang='lat' dir='ltr'><strong>liei</strong></span> <span class='ocrx_word' id='word_1_573' title='bbox 1515 4165 1716 4236; x_wconf 76' lang='lat' dir='ltr'><strong>preelectiona</strong></span> 
     </span>
     <span class='ocr_line' id='line_1_45' title="bbox 72 4253 1717 4331; baseline -0.001 -21"><span class='ocrx_word' id='word_1_574' title='bbox 72 4259 226 4327; x_wconf 87' lang='lat' dir='ltr'><strong>postquam</strong></span> <span class='ocrx_word' id='word_1_575' title='bbox 237 4255 354 4326; x_wconf 81' lang='lat' dir='ltr'><strong>praediis</strong></span> <span class='ocrx_word' id='word_1_576' title='bbox 369 4255 586 4325; x_wconf 89' lang='lat' dir='ltr'><strong>opulentissime</strong></span> <span class='ocrx_word' id='word_1_577' title='bbox 602 4254 719 4319; x_wconf 84' lang='lat' dir='ltr'><strong>dotavit,</strong></span> <span class='ocrx_word' id='word_1_578' title='bbox 735 4270 847 4331; x_wconf 77' lang='lat' dir='ltr'><strong>prae-1)</strong></span> <span class='ocrx_word' id='word_1_579' title='bbox 867 4278 881 4309; x_wconf 77' lang='lat' dir='ltr'><strong>a</strong></span> <span class='ocrx_word' id='word_1_580' title='bbox 903 4272 961 4312; x_wconf 94' lang='lat' dir='ltr'><strong>non</strong></span> <span class='ocrx_word' id='word_1_581' title='bbox 980 4255 1053 4311; x_wconf 89' lang='lat' dir='ltr'><strong>meis</strong></span> <span class='ocrx_word' id='word_1_582' title='bbox 1077 4255 1187 4310; x_wconf 89' lang='lat' dir='ltr'><strong>meritis</strong></span> <span class='ocrx_word' id='word_1_583' title='bbox 1218 4253 1311 4308; x_wconf 91' lang='lat' dir='ltr'><strong>dictus</strong></span> <span class='ocrx_word' id='word_1_584' title='bbox 1344 4253 1508 4325; x_wconf 89' lang='lat' dir='ltr'><strong>episcopus,</strong></span> <span class='ocrx_word' id='word_1_585' title='bbox 1531 4258 1560 4310; x_wconf 90' lang='lat' dir='ltr'><strong>et</strong></span> <span class='ocrx_word' id='word_1_586' title='bbox 1582 4254 1717 4311; x_wconf 91' lang='lat' dir='ltr'><strong>diuturna</strong></span> 
     </span>
     <span class='ocr_line' id='line_1_46' title="bbox 70 4341 1716 4416; baseline 0.001 -19"><span class='ocrx_word' id='word_1_587' title='bbox 70 4342 220 4414; x_wconf 85' lang='lat' dir='ltr'><strong>apostolici</strong></span> <span class='ocrx_word' id='word_1_588' title='bbox 246 4343 352 4416; x_wconf 89' lang='lat' dir='ltr'><strong>legato,</strong></span> <span class='ocrx_word' id='word_1_589' title='bbox 375 4360 434 4398; x_wconf 91' lang='lat' dir='ltr'><strong>uno</strong></span> <span class='ocrx_word' id='word_1_590' title='bbox 454 4343 588 4400; x_wconf 77' lang='lat' dir='ltr'><strong>videlicet</strong></span> <span class='ocrx_word' id='word_1_591' title='bbox 612 4343 810 4412; x_wconf 89' lang='lat' dir='ltr'><strong>cardinalium,</strong></span> <span class='ocrx_word' id='word_1_592' title='bbox 869 4366 880 4396; x_wconf 77' lang='lat' dir='ltr'><strong>s</strong></span> <span class='ocrx_word' id='word_1_593' title='bbox 902 4343 1090 4399; x_wconf 89' lang='lat' dir='ltr'><strong>meditatione</strong></span> <span class='ocrx_word' id='word_1_594' title='bbox 1105 4343 1231 4411; x_wconf 86' lang='lat' dir='ltr'><strong>volvens,</strong></span> <span class='ocrx_word' id='word_1_595' title='bbox 1249 4358 1306 4414; x_wconf 89' lang='lat' dir='ltr'><strong>qua</strong></span> <span class='ocrx_word' id='word_1_596' title='bbox 1330 4341 1498 4396; x_wconf 87' lang='lat' dir='ltr'><strong>meritorum</strong></span> <span class='ocrx_word' id='word_1_597' title='bbox 1515 4342 1716 4410; x_wconf 90' lang='lat' dir='ltr'><strong>architectura,</strong></span> 
     </span>
     <span class='ocr_line' id='line_1_47' title="bbox 70 4429 1715 4505; baseline -0.001 -19"><span class='ocrx_word' id='word_1_598' title='bbox 70 4431 185 4487; x_wconf 89' lang='lat' dir='ltr'><strong>ndecim</strong></span> <span class='ocrx_word' id='word_1_599' title='bbox 203 4430 356 4504; x_wconf 84' lang='lat' dir='ltr'><strong>episcopis,</strong></span> <span class='ocrx_word' id='word_1_600' title='bbox 377 4448 489 4488; x_wconf 90' lang='lat' dir='ltr'><strong>necnon</strong></span> <span class='ocrx_word' id='word_1_601' title='bbox 504 4438 532 4487; x_wconf 90' lang='lat' dir='ltr'><strong>et</strong></span> <span class='ocrx_word' id='word_1_602' title='bbox 552 4432 729 4488; x_wconf 84' lang='lat' dir='ltr'><strong>diversarum</strong></span> <span class='ocrx_word' id='word_1_603' title='bbox 747 4449 813 4504; x_wconf 91' lang='lat' dir='ltr'><strong>pro·</strong></span> <span class='ocrx_word' id='word_1_604' title='bbox 869 4456 880 4483; x_wconf 79' lang='grc' dir='ltr'><strong>ι</strong></span> <span class='ocrx_word' id='word_1_605' title='bbox 902 4448 994 4505; x_wconf 82' lang='lat' dir='ltr'><strong>quove</strong></span> <span class='ocrx_word' id='word_1_606' title='bbox 1008 4448 1105 4487; x_wconf 87' lang='lat' dir='ltr'><strong>rerum</strong></span> <span class='ocrx_word' id='word_1_607' title='bbox 1124 4431 1221 4504; x_wconf 88' lang='lat' dir='ltr'><strong>precio</strong></span> <span class='ocrx_word' id='word_1_608' title='bbox 1234 4445 1347 4503; x_wconf 89' lang='lat' dir='ltr'><strong>possem</strong></span> <span class='ocrx_word' id='word_1_609' title='bbox 1363 4429 1485 4485; x_wconf 86' lang='lat' dir='ltr'><strong>mercari</strong></span> <span class='ocrx_word' id='word_1_610' title='bbox 1499 4431 1635 4499; x_wconf 80' lang='lat' dir='ltr'><strong>calestia,</strong></span> <span class='ocrx_word' id='word_1_611' title='bbox 1650 4447 1715 4486; x_wconf 88' lang='lat' dir='ltr'><strong>com</strong></span> 
     </span>
     <span class='ocr_line' id='line_1_48' title="bbox 70 4515 1715 4593; baseline -0.003 -16"><span class='ocrx_word' id='word_1_612' title='bbox 70 4535 120 4577; x_wconf 87' lang='lat' dir='ltr'><strong>nm</strong></span> <span class='ocrx_word' id='word_1_613' title='bbox 139 4521 279 4593; x_wconf 87' lang='lat' dir='ltr'><strong>personis,</strong></span> <span class='ocrx_word' id='word_1_614' title='bbox 302 4521 391 4577; x_wconf 92' lang='lat' dir='ltr'><strong>banni</strong></span> <span class='ocrx_word' id='word_1_615' title='bbox 406 4521 450 4578; x_wconf 92' lang='lat' dir='ltr'><strong>sui</strong></span> <span class='ocrx_word' id='word_1_616' title='bbox 464 4522 635 4578; x_wconf 88' lang='lat' dir='ltr'><strong>auctoritate</strong></span> <span class='ocrx_word' id='word_1_617' title='bbox 656 4521 811 4576; x_wconf 85' lang='lat' dir='ltr'><strong>roboravit.</strong></span> <span class='ocrx_word' id='word_1_618' title='bbox 868 4535 995 4575; x_wconf 74' lang='lat' dir='ltr'><strong>»essem</strong></span> <span class='ocrx_word' id='word_1_619' title='bbox 1019 4519 1138 4574; x_wconf 85' lang='lat' dir='ltr'><strong>eudicus</strong></span> <span class='ocrx_word' id='word_1_620' title='bbox 1163 4517 1256 4573; x_wconf 89' lang='lat' dir='ltr'><strong>scriba</strong></span> <span class='ocrx_word' id='word_1_621' title='bbox 1280 4517 1380 4572; x_wconf 92' lang='lat' dir='ltr'><strong>doctus</strong></span> <span class='ocrx_word' id='word_1_622' title='bbox 1404 4521 1433 4572; x_wconf 90' lang='lat' dir='ltr'><strong>et</strong></span> <span class='ocrx_word' id='word_1_623' title='bbox 1453 4515 1545 4572; x_wconf 71' lang='lat' dir='ltr'><strong>beate</strong></span> <span class='ocrx_word' id='word_1_624' title='bbox 1568 4518 1715 4574; x_wconf 72' lang='lat' dir='ltr'><strong>menone</strong></span> 
     </span>
    </p>
   </div>
   <div class='ocr_carea' id='block_1_3' title="bbox 671 4708 1010 4767">
    <p class='ocr_par' dir='ltr' id='par_1_4' title="bbox 671 4708 1010 4767">
     <span class='ocr_line' id='line_1_49' title="bbox 671 4708 1010 4767; baseline -0.006 -3"><span class='ocrx_word' id='word_1_625' title='bbox 671 4710 788 4767; x_wconf 79' lang='lat' dir='ltr'>VARIAE</span> <span class='ocrx_word' id='word_1_626' title='bbox 812 4708 1010 4766; x_wconf 79' lang='lat' dir='ltr'><strong>Lacrluuus.</strong></span> 
     </span>
    </p>
   </div>
   <div class='ocr_carea' id='block_1_4' title="bbox 70 4864 1716 5278">
    <p class='ocr_par' dir='ltr' id='par_1_5' title="bbox 70 4864 1716 5278">
     <span class='ocr_line' id='line_1_50' title="bbox 70 4864 1715 4941; baseline -0.003 -18"><span class='ocrx_word' id='word_1_627' title='bbox 70 4871 123 4923; x_wconf 73' lang='lat' dir='ltr'><strong>nat</strong></span> <span class='ocrx_word' id='word_1_628' title='bbox 146 4869 174 4922; x_wconf 94' lang='grc'><strong>2.</strong></span> <span class='ocrx_word' id='word_1_629' title='bbox 211 4866 250 4903; x_wconf 74' lang='lat'><strong>‘¹⁰</strong></span> <span class='ocrx_word' id='word_1_630' title='bbox 271 4867 396 4941; x_wconf 91' lang='lat' dir='ltr'><strong>benigno</strong></span> <span class='ocrx_word' id='word_1_631' title='bbox 419 4872 447 4924; x_wconf 88' lang='grc'><strong>2.</strong></span> <span class='ocrx_word' id='word_1_632' title='bbox 485 4872 520 4905; x_wconf 83' lang='lat'><strong>²²¹</strong></span> <span class='ocrx_word' id='word_1_633' title='bbox 547 4871 620 4925; x_wconf 84' lang='lat' dir='ltr'><strong>deest</strong></span> <span class='ocrx_word' id='word_1_634' title='bbox 643 4874 672 4926; x_wconf 88' lang='grc'><strong>2.</strong></span> <span class='ocrx_word' id='word_1_635' title='bbox 710 4872 830 4925; x_wconf 83' lang='lat' dir='ltr'><strong>²²²eum</strong></span> <span class='ocrx_word' id='word_1_636' title='bbox 852 4872 878 4924; x_wconf 88' lang='grc'><strong>2.</strong></span> <span class='ocrx_word' id='word_1_637' title='bbox 933 4869 971 4904; x_wconf 81' lang='lat'><strong>¹²³</strong></span> <span class='ocrx_word' id='word_1_638' title='bbox 993 4867 1065 4922; x_wconf 86' lang='lat' dir='ltr'><strong>deest</strong></span> <span class='ocrx_word' id='word_1_639' title='bbox 1085 4869 1112 4921; x_wconf 91' lang='grc'><strong>2.</strong></span> <span class='ocrx_word' id='word_1_640' title='bbox 1152 4866 1188 4902; x_wconf 82' lang='lat'><strong>¹¹⁸</strong></span> <span class='ocrx_word' id='word_1_641' title='bbox 1209 4864 1307 4936; x_wconf 88' lang='lat' dir='ltr'><strong>eghih.</strong></span> <span class='ocrx_word' id='word_1_642' title='bbox 1331 4867 1357 4920; x_wconf 90' lang='grc'><strong>2.</strong></span> <span class='ocrx_word' id='word_1_643' title='bbox 1397 4866 1434 4902; x_wconf 78' lang='lat'><strong>*¹⁸</strong></span> <span class='ocrx_word' id='word_1_644' title='bbox 1459 4865 1503 4920; x_wconf 91' lang='lat' dir='ltr'><strong>sui</strong></span> <span class='ocrx_word' id='word_1_645' title='bbox 1518 4866 1545 4918; x_wconf 91' lang='grc'><strong>2.</strong></span> <span class='ocrx_word' id='word_1_646' title='bbox 1583 4865 1620 4900; x_wconf 80' lang='lat'><strong>¹¹⁴</strong></span> <span class='ocrx_word' id='word_1_647' title='bbox 1643 4879 1668 4919; x_wconf 95' lang='lat' dir='ltr'><strong>c.</strong></span> <span class='ocrx_word' id='word_1_648' title='bbox 1694 4865 1715 4919; x_wconf 89' lang='lat' dir='ltr'><strong>i.</strong></span> 
     </span>
     <span class='ocr_line' id='line_1_51' title="bbox 88 4933 1716 5007; baseline -0.002 -15"><span class='ocrx_word' id='word_1_649' title='bbox 88 4940 117 4993; x_wconf 82' lang='lat'><strong>2.</strong></span> <span class='ocrx_word' id='word_1_650' title='bbox 155 4938 191 4974; x_wconf 73' lang='lat'><strong>¹¹¹</strong></span> <span class='ocrx_word' id='word_1_651' title='bbox 218 4938 291 4995; x_wconf 82' lang='lat' dir='ltr'><strong>deest</strong></span> <span class='ocrx_word' id='word_1_652' title='bbox 316 4942 343 4994; x_wconf 92' lang='grc'><strong>2.</strong></span> <span class='ocrx_word' id='word_1_653' title='bbox 381 4937 419 4975; x_wconf 77' lang='lat'><strong>²¹⁸</strong></span> <span class='ocrx_word' id='word_1_654' title='bbox 447 4956 500 4995; x_wconf 90' lang='lat' dir='ltr'><strong>nec</strong></span> <span class='ocrx_word' id='word_1_655' title='bbox 525 4943 552 4995; x_wconf 90' lang='grc'><strong>2.</strong></span> <span class='ocrx_word' id='word_1_656' title='bbox 592 4939 629 4976; x_wconf 83' lang='lat'><strong>²¹⁹</strong></span> <span class='ocrx_word' id='word_1_657' title='bbox 653 4942 726 4996; x_wconf 85' lang='lat' dir='ltr'><strong>deest</strong></span> <span class='ocrx_word' id='word_1_658' title='bbox 748 4944 775 4996; x_wconf 87' lang='grc'><strong>2.</strong></span> <span class='ocrx_word' id='word_1_659' title='bbox 813 4938 852 4975; x_wconf 78' lang='lat'><strong>¹⁸⁰</strong></span> <span class='ocrx_word' id='word_1_660' title='bbox 873 4939 993 4994; x_wconf 90' lang='lat' dir='ltr'><strong>muttire</strong></span> <span class='ocrx_word' id='word_1_661' title='bbox 1015 4936 1147 4992; x_wconf 88' lang='lat' dir='ltr'><strong>audentis</strong></span> <span class='ocrx_word' id='word_1_662' title='bbox 1171 4934 1202 4991; x_wconf 93' lang='lat' dir='ltr'><strong>in</strong></span> <span class='ocrx_word' id='word_1_663' title='bbox 1225 4935 1284 4990; x_wconf 83' lang='lat' dir='ltr'><strong>rita</strong></span> <span class='ocrx_word' id='word_1_664' title='bbox 1308 4935 1437 5007; x_wconf 88' lang='lat' dir='ltr'><strong>episcopi</strong></span> <span class='ocrx_word' id='word_1_665' title='bbox 1455 4937 1483 4990; x_wconf 89' lang='grc'><strong>2.</strong></span> <span class='ocrx_word' id='word_1_666' title='bbox 1520 4934 1557 4970; x_wconf 82' lang='lat'><strong>²⁸¹</strong></span> <span class='ocrx_word' id='word_1_667' title='bbox 1577 4933 1716 5006; x_wconf 83' lang='lat' dir='ltr'><strong>episcopi.</strong></span> 
     </span>
     <span class='ocr_line' id='line_1_52' title="bbox 70 5005 1716 5082; baseline -0.002 -18"><span class='ocrx_word' id='word_1_668' title='bbox 70 5013 83 5064; x_wconf 91' lang='lat' dir='ltr'><strong>t</strong></span> <span class='ocrx_word' id='word_1_669' title='bbox 106 5009 294 5081; x_wconf 88' lang='lat' dir='ltr'><strong>Tangmarns.</strong></span> <span class='ocrx_word' id='word_1_670' title='bbox 321 5011 442 5074; x_wconf 86' lang='lat' dir='ltr'><strong>Interea,</strong></span> <span class='ocrx_word' id='word_1_671' title='bbox 470 5017 519 5065; x_wconf 88' lang='lat' dir='ltr'><strong>etc.</strong></span> <span class='ocrx_word' id='word_1_672' title='bbox 548 5013 574 5066; x_wconf 78' lang='grc'><strong>3.</strong></span> <span class='ocrx_word' id='word_1_673' title='bbox 602 5012 678 5077; x_wconf 87' lang='lat' dir='ltr'><strong>Quod</strong></span> <span class='ocrx_word' id='word_1_674' title='bbox 697 5015 758 5082; x_wconf 80' lang='lat' dir='ltr'><strong>jam</strong></span> <span class='ocrx_word' id='word_1_675' title='bbox 787 5013 950 5066; x_wconf 79' lang='lat' dir='ltr'><strong>auctoritate</strong></span> <span class='ocrx_word' id='word_1_676' title='bbox 977 5009 1098 5064; x_wconf 80' lang='lat' dir='ltr'><strong>codicum</strong></span> <span class='ocrx_word' id='word_1_677' title='bbox 1124 5010 1134 5061; x_wconf 91' lang='lat' dir='ltr'><strong>t</strong></span> <span class='ocrx_word' id='word_1_678' title='bbox 1163 5011 1187 5061; x_wconf 90' lang='lat' dir='ltr'><strong>et</strong></span> <span class='ocrx_word' id='word_1_679' title='bbox 1209 5009 1226 5061; x_wconf 87' lang='grc'><strong>2</strong></span> <span class='ocrx_word' id='word_1_680' title='bbox 1245 5007 1390 5072; x_wconf 73' lang='lat' dir='ltr'><strong>resettitur.</strong></span> <span class='ocrx_word' id='word_1_681' title='bbox 1416 5034 1452 5046; x_wconf 92' lang='lat'>—</span> <span class='ocrx_word' id='word_1_682' title='bbox 1476 5007 1618 5074; x_wconf 76' lang='lat' dir='ltr'><strong>Antiquae</strong></span> <span class='ocrx_word' id='word_1_683' title='bbox 1643 5005 1716 5061; x_wconf 81' lang='lat' dir='ltr'><strong>otius</strong></span> 
     </span>
     <span class='ocr_line' id='line_1_53' title="bbox 70 5077 1716 5151; baseline -0.002 -16"><span class='ocrx_word' id='word_1_684' title='bbox 70 5077 102 5135; x_wconf 82' lang='lat' dir='ltr'><strong>de</strong></span> <span class='ocrx_word' id='word_1_685' title='bbox 121 5081 310 5135; x_wconf 77' lang='lat' dir='ltr'><strong>Trauslctioue</strong></span> <span class='ocrx_word' id='word_1_686' title='bbox 332 5082 360 5137; x_wconf 90' lang='lat' dir='ltr'><strong>S.</strong></span> <span class='ocrx_word' id='word_1_687' title='bbox 378 5081 543 5136; x_wconf 83' lang='lat' dir='ltr'><strong>Bernsoardt</strong></span> <span class='ocrx_word' id='word_1_688' title='bbox 554 5085 691 5151; x_wconf 74' lang='lat' dir='ltr'><strong>expressis</strong></span> <span class='ocrx_word' id='word_1_689' title='bbox 714 5083 804 5137; x_wconf 82' lang='lat' dir='ltr'><strong>uerbis</strong></span> <span class='ocrx_word' id='word_1_690' title='bbox 817 5083 897 5150; x_wconf 80' lang='lat' dir='ltr'><strong>dicit,</strong></span> <span class='ocrx_word' id='word_1_691' title='bbox 913 5082 1098 5148; x_wconf 77' lang='lat' dir='ltr'><strong>Touomumm</strong></span> <span class='ocrx_word' id='word_1_692' title='bbox 1112 5077 1147 5133; x_wconf 91' lang='lat' dir='ltr'><strong>de</strong></span> <span class='ocrx_word' id='word_1_693' title='bbox 1166 5079 1378 5134; x_wconf 66' lang='lat' dir='ltr'><strong>consecutionis</strong></span> <span class='ocrx_word' id='word_1_694' title='bbox 1393 5077 1422 5134; x_wconf 88' lang='lat' dir='ltr'><strong>S.</strong></span> <span class='ocrx_word' id='word_1_695' title='bbox 1437 5077 1599 5132; x_wconf 77' lang='lat' dir='ltr'><strong>bernwardi</strong></span> <span class='ocrx_word' id='word_1_696' title='bbox 1612 5079 1716 5131; x_wconf 84' lang='lat' dir='ltr'><strong>sancti·</strong></span> 
     </span>
     <span class='ocr_line' id='line_1_54' title="bbox 70 5147 1714 5277; baseline -0.001 -72"><span class='ocrx_word' id='word_1_697' title='bbox 70 5153 416 5277; x_wconf 56' lang='lat' dir='ltr'><strong>nqqrumdqncputltceutta</strong></span> <span class='ocrx_word' id='word_1_698' title='bbox 438 5156 463 5207; x_wconf 85' lang='lat' dir='ltr'><strong>et</strong></span> <span class='ocrx_word' id='word_1_699' title='bbox 492 5158 611 5208; x_wconf 75' lang='lat' dir='ltr'><strong>transitu</strong></span> <span class='ocrx_word' id='word_1_700' title='bbox 639 5155 795 5223; x_wconf 84' lang='lat' dir='ltr'><strong>ptentsstme</strong></span> <span class='ocrx_word' id='word_1_701' title='bbox 822 5167 962 5208; x_wconf 83' lang='lat' dir='ltr'><strong>narrasse.</strong></span> <span class='ocrx_word' id='word_1_702' title='bbox 989 5153 1044 5208; x_wconf 83' lang='lat' dir='ltr'><strong>Nec</strong></span> <span class='ocrx_word' id='word_1_703' title='bbox 1067 5150 1154 5219; x_wconf 69' lang='lat' dir='ltr'><strong>status</strong></span> <span class='ocrx_word' id='word_1_704' title='bbox 1182 5149 1268 5204; x_wconf 84' lang='lat' dir='ltr'><strong>atium</strong></span> <span class='ocrx_word' id='word_1_705' title='bbox 1291 5149 1386 5218; x_wconf 82' lang='lat' dir='ltr'><strong>prodit</strong></span> <span class='ocrx_word' id='word_1_706' title='bbox 1410 5154 1540 5204; x_wconf 86' lang='lat' dir='ltr'><strong>autorem.</strong></span> <span class='ocrx_word' id='word_1_707' title='bbox 1569 5147 1714 5204; x_wconf 78' lang='grc'><strong>1111111112.</strong></span> 
     </span>
     <span class='ocr_line' id='line_1_55' title="bbox 70 5224 378 5278; baseline 0.006 -2"><span class='ocrx_word' id='word_1_708' title='bbox 70 5261 78 5276; x_wconf 94' lang='grc'><strong>.</strong></span> <span class='ocrx_word' id='word_1_709' title='bbox 131 5225 178 5277; x_wconf 80' lang='grc'><strong>·53</strong></span> <span class='ocrx_word' id='word_1_710' title='bbox 227 5227 291 5277; x_wconf 81' lang='lat' dir='ltr'><strong>sunt</strong></span> <span class='ocrx_word' id='word_1_711' title='bbox 307 5224 337 5277; x_wconf 84' lang='lat' dir='ltr'><strong>tu</strong></span> <span class='ocrx_word' id='word_1_712' title='bbox 351 5225 378 5278; x_wconf 81' lang='grc'><strong>2.</strong></span> 
     </span>
    </p>
   </div>
   <div class='ocr_carea' id='block_1_5' title="bbox 779 5343 894 5400">
    <p class='ocr_par' dir='ltr' id='par_1_6' title="bbox 779 5343 894 5400">
     <span class='ocr_line' id='line_1_56' title="bbox 779 5343 894 5400; baseline -0.017 0"><span class='ocrx_word' id='word_1_713' title='bbox 779 5343 894 5400; x_wconf 82' lang='lat' dir='ltr'><strong>NOTAE.</strong></span> 
     </span>
    </p>
   </div>
   <div class='ocr_carea' id='block_1_6' title="bbox 70 5432 1715 5625">
    <p class='ocr_par' dir='ltr' id='par_1_7' title="bbox 70 5432 1715 5625">
     <span class='ocr_line' id='line_1_57' title="bbox 80 5432 1715 5540; baseline -0.001 -19"><span class='ocrx_word' id='word_1_714' title='bbox 80 5432 243 5522; x_wconf 63' lang='lat' dir='ltr'><strong>&amp;renardi</strong></span> <span class='ocrx_word' id='word_1_715' title='bbox 256 5467 490 5522; x_wconf 90' lang='lat' dir='ltr'><strong>constitutionem</strong></span> <span class='ocrx_word' id='word_1_716' title='bbox 515 5467 551 5522; x_wconf 97' lang='lat' dir='ltr'><strong>de</strong></span> <span class='ocrx_word' id='word_1_717' title='bbox 572 5468 686 5539; x_wconf 86' lang='lat' dir='ltr'><strong>synodis</strong></span> <span class='ocrx_word' id='word_1_718' title='bbox 712 5472 814 5540; x_wconf 89' lang='lat' dir='ltr'><strong>quater</strong></span> <span class='ocrx_word' id='word_1_719' title='bbox 870 5468 938 5522; x_wconf 88' lang='grc'><strong>1020</strong></span> <span class='ocrx_word' id='word_1_720' title='bbox 958 5465 1022 5521; x_wconf 78' lang='lat' dir='ltr'><strong>dh</strong></span> <span class='ocrx_word' id='word_1_721' title='bbox 1048 5464 1114 5520; x_wconf 85' lang='lat' dir='ltr'><strong>idua</strong></span> <span class='ocrx_word' id='word_1_722' title='bbox 1138 5462 1253 5520; x_wconf 88' lang='lat' dir='ltr'><strong>Octobr.</strong></span> <span class='ocrx_word' id='word_1_723' title='bbox 1278 5461 1386 5517; x_wconf 91' lang='lat' dir='ltr'><strong>editam</strong></span> <span class='ocrx_word' id='word_1_724' title='bbox 1410 5477 1436 5516; x_wconf 86' lang='lat' dir='ltr'><strong>v.</strong></span> <span class='ocrx_word' id='word_1_725' title='bbox 1458 5462 1565 5534; x_wconf 84' lang='lat' dir='ltr'><strong>Legum</strong></span> <span class='ocrx_word' id='word_1_726' title='bbox 1590 5467 1612 5521; x_wconf 91' lang='lat' dir='ltr'><strong>t.</strong></span> <span class='ocrx_word' id='word_1_727' title='bbox 1633 5465 1715 5520; x_wconf 83' lang='grc'><strong>1111.</strong></span> 
     </span>
     <span class='ocr_line' id='line_1_58' title="bbox 70 5553 1011 5625; baseline -0.001 -15"><span class='ocrx_word' id='word_1_728' title='bbox 70 5553 120 5610; x_wconf 86' lang='lat' dir='ltr'><strong>aiis</strong></span> <span class='ocrx_word' id='word_1_729' title='bbox 147 5554 180 5610; x_wconf 92' lang='lat' dir='ltr'><strong>in</strong></span> <span class='ocrx_word' id='word_1_730' title='bbox 197 5553 304 5624; x_wconf 77' lang='lat' dir='ltr'><strong>diocau</strong></span> <span class='ocrx_word' id='word_1_731' title='bbox 330 5554 608 5611; x_wconf 78' lang='lat' dir='ltr'><strong>hildenesheimensi</strong></span> <span class='ocrx_word' id='word_1_732' title='bbox 627 5554 766 5613; x_wconf 88' lang='lat' dir='ltr'><strong>habendis</strong></span> <span class='ocrx_word' id='word_1_733' title='bbox 785 5570 810 5610; x_wconf 90' lang='lat' dir='ltr'><strong>a.</strong></span> <span class='ocrx_word' id='word_1_734' title='bbox 870 5555 1011 5625; x_wconf 68' lang='grc'><strong>172173.</strong></span> 
     </span>
    </p>
   </div>
   <div class='ocr_carea' id='block_1_7' title="bbox 0 0 1946 6112">
    <p class='ocr_par' dir='ltr' id='par_1_8' title="bbox 0 0 1946 6112">
     <span class='ocr_line' id='line_1_59' title="bbox 0 0 1946 6112; baseline 0 0"><span class='ocrx_word' id='word_1_735' title='bbox 0 0 1946 6112; x_wconf 95' lang='lat' dir='ltr'><strong> </strong></span> 
     </span>
    </p>
   </div>
  </div>
 </body>
</html>
