3878 6112
366 261 602 320 recumbenti
624 263 715 321 crunt
735 262 786 318 llll.
807 293 842 306 —-
861 264 967 320 LIBER
987 262 1139 319 bucrilus
1157 262 1317 328 QUINTUS.
1665 268 1717 324 906

70 387 94 440 rt
108 384 159 457 qui
174 384 254 457 prior
277 384 463 440 indicaverat.
492 387 575 442 Salva
599 391 697 441 tamen
717 385 852 458 digni-t
873 386 993 456 alicujus
1017 401 1049 439 ex
1064 400 1191 456 paupere
1209 384 1311 439 divites
1325 384 1403 450 lacit,
1420 388 1450 439 et
1465 385 1543 458 quod
1563 387 1645 459 juxta
1668 406 1719 462 po·

70 478 233 545 tpotestate
248 473 385 545 episcopi.
870 480 1001 530 testatem
1019 493 1036 531 a
1060 474 1174 545 populis
1191 478 1360 544 extorquere
1382 477 1504 543 poterat,
1540 492 1616 547 saepe
1631 479 1717 534 mise·

70 579 100 616 r.
117 562 252 618 xxxviii.
271 563 480 631 -Dercqibus
497 563 561 617 benc
578 562 743 630 recentibus.
871 563 1000 619 ricordiae
1034 561 1185 617 clementia
1214 562 1310 617 donat.
1341 561 1424 617 Dedit
1444 564 1519 617 Deus
1538 565 1718 638 principibus

80 650 162 705 dictis
189 651 218 706 S.
245 650 357 720 lsidor.)
383 651 455 715 Quia
482 651 560 705 intra
584 652 713 706 seculum
742 651 816 707 bene
869 652 1053 722 praesulatum
1079 667 1130 722 pro
1145 649 1285 720 regimine
1300 650 1472 721 populorum
1494 667 1502 707 ι
1522 657 1551 708 et
1586 653 1642 709 illis
1671 673 1720 711 eos

70 737 306 809 reliterimperat,
321 739 382 793 sine
397 738 495 794 linoln
509 747 681 811 perpetuum
703 746 815 811 regnat,
870 739 1105 810 praeessevoluit,
1127 755 1192 792 cum
1221 737 1325 809 quibus
1350 754 1407 792 uua
1433 745 1476 794 est
1498 740 1539 795 eis
1570 744 1719 812 nascendi,

70 827 149 897 gloria
164 827 251 882 seculi
266 827 361 898 bujus,
379 828 561 883 edaeternem
573 834 729 883 transmeat
752 830 815 900 glo·
869 828 1067 900 moriendique
1080 826 1217 882 conditio.
1234 826 1369 882 Prodesse
1383 842 1452 898 ergo
1481 829 1567 886 debet
1606 834 1720 903 populis

70 915 118 981 dui
132 932 200 970 vcro
213 932 301 988 prave
325 922 602 987 regnumexercent,
626 922 690 989 post
709 922 816 972 vestem
869 916 1056 987 principatus,
1080 931 1138 969 non
1155 930 1268 982 nocere,
1297 930 1350 970 nec
1370 914 1545 973 dominando
1575 935 1718 991 premere,

70 1011 133 1068 tem,
154 1009 183 1058 et
197 1003 307 1059 lumina
331 1003 508 1076 lapillorum,
533 1005 603 1060 nudi
627 1010 656 1060 et
673 1004 771 1060 miseri
780 1006 816 1060 ad
869 1005 917 1059 sed
932 1003 1186 1059 condescendendo
1202 1003 1364 1071 consulere;
1380 1008 1410 1058 ut
1431 1021 1496 1060 vere
1511 1006 1549 1062 sit
1569 1008 1639 1064 utile
1666 1009 1720 1066 boc

69 1093 246 1164 rtorqueudi
269 1093 445 1148 descendunt
460 1109 569 1166 regesa
596 1102 672 1151 recte
704 1094 816 1165 agendo
868 1093 1018 1163 potestatis
1033 1093 1158 1163 insigne,
1182 1094 1210 1147 et
1224 1092 1334 1148 donum
1350 1091 1400 1147 Ilei
1421 1109 1474 1164 pro
1498 1094 1620 1152 tuitione
1636 1102 1719 1154 utan-

74 1187 151 1248 sunt,
165 1181 288 1252 ideoque
303 1186 378 1236 recte
388 1181 605 1253 laciendorcgis
617 1198 724 1236 nomeu
739 1187 817 1237 teuc·
868 1185 916 1236 tur
926 1182 1122 1237 membrorum
1137 1180 1252 1238 Christi.
1272 1181 1398 1236 Membra
1412 1181 1489 1237 enim
1510 1182 1627 1255 Christi,
1647 1185 1720 1243 uue-

70 1269 182 1324 cccando
197 1270 348 1326 amittitur.
365 1271 435 1326 Num
446 1269 556 1325 etviros
567 1275 679 1325 sanctos
694 1270 816 1343 proinde
868 1270 909 1326 les
924 1276 992 1327 sunt
1005 1271 1105 1343 populi
1120 1286 1128 1327 ε
1146 1288 1218 1343 quos
1242 1270 1312 1325 dum
1332 1287 1366 1325 ea
1384 1273 1522 1342 potestate
1541 1288 1628 1344 quam
1646 1276 1719 1331 aeci-

70 1358 154 1414 rcceri
169 1358 200 1413 in
221 1358 308 1413 sacris
324 1359 456 1431 eloquiis,
481 1374 515 1413 co
532 1359 697 1431 qnodrecte
717 1363 813 1429 agant,
869 1359 964 1431 piunt,
979 1360 1086 1431 optime
1101 1365 1216 1431 regunt,
1231 1358 1338 1415 bonam
1366 1359 1466 1430 utique
1495 1360 1719 1419 vicissitudinem

70 1462 123 1520 quc
143 1447 272 1518 proprios
290 1447 364 1503 bene
378 1450 490 1519 regant,
505 1451 534 1502 et
559 1451 653 1501 motus
668 1446 713 1501 his
743 1447 815 1501 resi·
869 1448 927 1503 Deo
940 1446 1073 1520 largitori
1094 1449 1259 1503 restituunt.
1286 1447 1382 1502 Bonus
1394 1462 1443 1502 rex
1457 1446 1567 1503 facilins
1580 1450 1616 1505 ad
1633 1451 1719 1522 justi·

70 1536 141 1590 rsibi
155 1536 321 1591 rationabili
337 1537 508 1592 discretione
529 1539 712 1607 componunt.
730 1536 814 1590 Recte
869 1534 1087 1591 tiamadelicto
1104 1535 1273 1606 regreditur,
1288 1550 1375 1606 quam
1403 1534 1438 1589 de
1454 1535 1566 1606 justitia
1594 1538 1720 1595 eddeli·

70 1623 359 1695 illiregesrocantur,
376 1624 499 1697 quitum
518 1623 695 1694 semetipsos,
726 1639 813 1694 quam
869 1629 948 1679 ctum
972 1624 1165 1679 transfertur:
1198 1624 1234 1678 Ut
1253 1622 1367 1678 noveris
1393 1624 1447 1678 hoc
1470 1640 1531 1679 esse
1550 1641 1658 1695 cesum,
1685 1628 1720 1683 il·

70 1718 109 1768 tos
131 1713 204 1769 bene
229 1714 355 1784 regendo
384 1713 550 1768 modificare
566 1718 718 1767 noverunt.
741 1712 813 1777 Qui·
830 1676 850 1730 Β
868 1713 918 1768 lud
933 1712 1122 1785 propositum.
1139 1712 1172 1766 ln
1187 1711 1335 1784 proposito
1359 1711 1422 1781 ejus
1445 1728 1506 1767 esse
1530 1713 1626 1786 debet,
1645 1730 1721 1771 nun·

70 1817 138 1857 sum
155 1817 259 1857 nomeu
271 1802 429 1874 regiminis,
444 1802 480 1857 ad
494 1802 702 1856 immanitatem
722 1805 814 1856 traus-
869 1818 956 1873 quarn
971 1801 1068 1875 egredi
1083 1817 1099 1856 a
1122 1801 1242 1856 veritate
1259 1817 1266 1856 :
1284 1801 1360 1874 quod
1388 1799 1412 1855 si
1427 1817 1496 1857 casu
1516 1802 1640 1858 titubare
1652 1820 1721 1859 con·

70 1895 81 1946 t
100 1890 295 1946 crudelitatis:
322 1892 448 1962 dumque
463 1891 499 1945 ad
522 1892 636 1945 culmen
667 1889 815 1961 potcstatis
867 1889 1056 1962 tigerit,mox
1068 1905 1228 1961 resurgere.

70 1983 107 2047 ut,
128 1979 158 2033 in
186 1979 357 2050 apostasiam
382 1978 478 2034 statim
503 1979 649 2047 labuntur,
677 1982 815 2049 tantoque
1046 1979 1109 2034 Can.
1124 1978 1178 2033 XL.
1196 1978 1422 2047 -Dcputientic
1437 1992 1541 2046 regum.

70 2082 125 2122 iore
140 2067 247 2123 mentis
274 2069 423 2134 extollunt,
447 2073 478 2122 ut
493 2072 610 2121 cunctos
628 2066 757 2122 subditos
784 2065 815 2120 in
903 2070 964 2133 (Ec
992 2066 1073 2122 dc'ctr's
1089 2066 1233 2136 ejusden.)
1260 2066 1434 2136 Plerumque
1458 2067 1592 2138 princeps
1615 2068 1721 2141 justus,

70 2154 238 2226 operatione
253 2154 421 2226 despiciant,
438 2169 545 2226 eosque
560 2154 665 2226 quibus
692 2169 815 2225 praeesse
868 2157 954 2212 etiam
969 2155 1112 2210 malorum
1127 2153 1238 2210 errores
1254 2153 1435 2208 dissimulare
1457 2155 1546 2209 novit.
1563 2156 1625 2211 Nun
1643 2160 1721 2229 quod

70 2243 618 2314 it,noneguoscant.Quibuscongrue
642 2258 694 2314 per
722 2242 814 2296 uecte-
868 2244 1015 2318 iniquitati
1029 2259 1131 2298 eorum
1159 2242 1333 2310 consentiet,
1356 2242 1407 2296 sed
1430 2243 1508 2314 quod
1522 2248 1624 2314 aptum
1646 2250 1721 2300 tem·

70 2378 71 2386 ,
99 2331 225 2387 dicitur:
259 2333 363 2387 Ducem
386 2336 415 2387 te
441 2331 587 2398 constitui,
615 2330 676 2385 noli
705 2330 813 2386 extolli.
867 2350 922 2406 pus
937 2331 1121 2387 correctionis
1145 2335 1281 2403 expectet,
1310 2331 1426 2401 quando
1450 2346 1551 2385 eorum
1566 2332 1645 2401 vitiu,
1676 2334 1721 2389 vel

70 2420 162 2476 nundi
186 2435 267 2491 reges
296 2436 326 2474 se
346 2419 455 2475 crateris
470 2419 654 2475 sublimiores
676 2419 813 2487 sentiunt,
869 2419 1022 2476 emendare
1035 2419 1138 2485 valeat,
1155 2418 1195 2471 vel
1213 2417 1327 2488 punire.
1349 2416 1428 2472 llulti
1453 2418 1588 2474 adsersus
1613 2419 1721 2491 princi·

72 2525 103 2564 cs
117 2514 216 2564 temen
229 2526 259 2564 ee
281 2525 343 2564 esse
356 2513 528 2580 cognoscant
545 2523 617 2563 :uec
644 2507 727 2579 regni
750 2508 815 2580 glo·
868 2526 918 2581 pes
941 2506 1147 2579 conjurationis
1170 2505 1291 2561 crimine
1320 2504 1506 2577 deteguntur,
1532 2508 1580 2562 sed
1600 2509 1721 2580 probare

70 2597 160 2670 quiin
174 2599 269 2653 seculo
285 2597 486 2666 sublimantur,
512 2598 660 2667 aspiciant,
679 2597 727 2651 sed
743 2611 816 2667 opus
868 2597 966 2652 volens
987 2597 1059 2651 Deus
1071 2594 1252 2650 clementiam
1268 2593 1444 2666 principum,
1461 2594 1525 2649 illos
1548 2596 1622 2651 male
1642 2598 1720 2668 cogi·

70 2702 156 2742 ccum
172 2686 207 2741 ad
221 2687 330 2742 inferos
344 2687 507 2758 deportent,
530 2686 690 2741 intendant.
707 2684 814 2755 Siergo
868 2689 929 2739 tare
946 2683 1094 2755 permittit,
1120 2682 1190 2736 istos
1213 2697 1273 2736 nou
1298 2681 1411 2737 deserit.
1437 2683 1477 2738 De
1502 2684 1618 2740 illorum
1634 2686 1720 2755 malo,

70 2773 202 2846 ,nthnjus
216 2774 353 2845 temporis
366 2774 469 2846 gloria,
480 2774 529 2828 illa
558 2777 732 2844 aguntque}
750 2776 816 2843 post
869 2771 1019 2828 beneistis
1043 2770 1133 2827 lacit:
1163 2771 1233 2826 dum
1255 2771 1353 2840 culpas
1378 2787 1449 2843 ques
1472 2771 1515 2827 illi
1546 2778 1645 2846 agunt,
1674 2775 1722 2830 isti

70 2862 130 2926 sine
154 2862 211 2917 tine
230 2863 405 2933 possideant.
431 2863 505 2916 llum
532 2862 686 2932 Apostolus
716 2859 814 2916 dicat:
870 2862 943 2917 mira
955 2860 1095 2933 patientia
1109 2859 1273 2932 indulgent.
1290 2859 1420 2915 Reddere
1435 2860 1544 2916 malum
1559 2878 1613 2933 pro
1634 2862 1721 2931 malo,

70 2953 230 3021 tpotestes,
254 2948 336 3004 nisia
353 2950 422 3026 Deo.
447 2949 597 3015 Quomodo
619 2964 671 3019 per
694 2946 816 3020 prophe·
834 2955 855 3011 c
870 2949 1035 3007 vicissitudo
1057 2951 1099 3003 est
1122 2948 1253 3020 iustitiae.
1280 2948 1336 3004 Sed
1356 2947 1407 3020 qui
1430 2949 1611 3006 clementiam
1642 2951 1723 3008 addit

70 3038 259 3110 iquibusdum
279 3037 469 3109 potestatibus
490 3037 612 3092 dicitur:
633 3036 691 3108 lpsi
713 3050 813 3105 regua·
865 3037 996 3111 justitior,
1012 3052 1071 3092 uon
1094 3037 1203 3091 malum
1225 3052 1278 3107 pro
1298 3036 1374 3091 malo
1389 3037 1512 3108 culpatis
1538 3039 1642 3108 reddit,
1672 3040 1722 3097 sed

70 3127 148 3193 ,sed
173 3143 230 3182 non
258 3143 292 3180 ex
314 3126 382 3181 me?
406 3125 493 3191 Quasi
522 3124 652 3180 diceret:
677 3125 738 3178 Nou
767 3137 813 3176 me
868 3128 977 3183 honum
991 3141 1043 3198 pro
1059 3126 1135 3180 malo
1149 3124 1265 3180 eliensis
1281 3123 1419 3196 impertit.

70 3217 104 3286 lo,
132 3215 231 3280 etiam,
260 3216 307 3270 sed
335 3231 381 3270 me
409 3215 493 3269 irato.
514 3213 595 3269 Unde
621 3211 743 3268 interius
762 3227 815 3282 per
940 3215 1004 3270 Cir.
1026 3214 1090 3269 ΧΗ.
1106 3242 1141 3254 -
1156 3215 1193 3268 De
1212 3212 1319 3268 delictis
1333 3228 1427 3282 regum
1446 3227 1493 3268 scu
1510 3216 1650 3286 ecemptis.

70 3320 91 3359 n
107 3303 277 3374 Prophetam
291 3303 382 3358 dicit:
402 3302 489 3372 Dabo,
503 3301 609 3375 inquit,
632 3300 684 3356 tibi
715 3315 814 3371 regem
904 3305 959 3373 (Ec
981 3302 1064 3358 dictis
1075 3301 1217 3371 ejusdcm.)
1234 3299 1353 3355 Dillicile
1368 3307 1411 3355 est
1430 3301 1590 3373 principem
1611 3305 1724 3376 regredi

70 3407 105 3448 re
123 3408 198 3448 mco.
215 3392 277 3458 Quo
292 3391 470 3446 manifestius
484 3391 587 3460 elucet,
606 3390 722 3453 bonam,
752 3404 815 3443 ma·
869 3389 904 3445 ad
921 3388 1033 3456 melius,
1061 3388 1085 3443 si
1104 3388 1179 3443 vitiis
1204 3388 1293 3443 luerit
1312 3388 1487 3460 implicatus.
1513 3391 1617 3462 Populi
1645 3394 1724 3450 euim

70 3484 292 3553 epotestatema
308 3482 365 3535 [leo
381 3479 530 3534 ordinari:
550 3480 599 3532 sed
619 3478 727 3532 bonam
745 3492 816 3547 pro·
868 3480 1029 3548 peccantes,
1040 3476 1168 3547 judicem
1181 3480 1325 3531 metuunt.
1346 3476 1438 3547 Reges
1453 3482 1561 3545 autem,
1582 3480 1637 3535 nisi
1661 3483 1723 3538 solo

81 3570 187 3624 malum
206 3569 304 3624 iratus.
327 3568 419 3638 Reges
433 3567 549 3639 quando
562 3565 631 3621 boni
658 3566 734 3631 sunt,
755 3579 816 3617 mu·
872 3565 921 3621 Dei
936 3565 1050 3631 timore,
1081 3568 1217 3634 metuque
1246 3563 1387 3634 geheuure
1416 3572 1614 3634 coerceantur,
1640 3568 1723 3625 liberi

70 3675 120 3713 esse
136 3658 186 3712 Dei
202 3657 337 3729 :quaudo
355 3673 423 3712 vero
439 3656 518 3722 mali,
547 3653 664 3709 sceleris
684 3668 744 3707 esse
768 3668 817 3722 po
870 3655 900 3710 in
917 3668 1043 3725 praeceps
1066 3656 1220 3723 proruunt,
1237 3656 1265 3706 et
1288 3667 1341 3722 per
1355 3651 1514 3723 abruptum
1536 3654 1672 3727 licentior,
1694 3658 1725 3714 in

70 3746 217 3802 cernuum
238 3745 374 3800 meritum
390 3744 468 3799 enirn
489 3743 629 3815 plebium,
654 3739 817 3812 disponitur
870 3758 956 3798 omne
970 3740 1080 3796 lacinus
1094 3739 1229 3794 vitiorum
1255 3739 1400 3794 labuntur.
1417 3739 1530 3805 Quanto
1560 3743 1725 3817 quisqueiu

70 3841 203 3901 cetorum,
243 3838 363 3888 testante
391 3831 468 3888 lob:
498 3830 552 3895 Qui
593 3846 714 3902 regnare
750 3827 818 3883 lacit
871 3828 1014 3901 superiori
1027 3828 1199 3884 constitutus
1209 3831 1251 3883 est
1265 3828 1338 3896 loco,
1355 3833 1435 3884 tauto
1447 3829 1476 3884 iu
1488 3831 1591 3904 majori
1606 3850 1726 3890 conver·

70 3924 155 3991 item,
170 3928 288 3994 propter
299 3925 415 3994 peccate
435 3921 546 3992 populi,
568 3919 707 3974 irascente
738 3917 817 3973 enim
871 3923 952 3974 satur
965 3917 1104 3989 periculo,
1120 3922 1149 3972 et
1163 3920 1271 3989 quanto
1285 3915 1447 3987 splendoris
1466 3918 1575 3975 honore
1602 3921 1726 3996 quisque

70 4016 122 4068 lem
136 4016 278 4067 rectorem
300 4009 401 4082 populi
420 4009 590 4081 suscipiunt,
617 4008 733 4079 qualem
765 4022 817 4077 pro
872 4007 975 4062 celsior
990 4010 1043 4073 ost,
1072 4009 1165 4073 tanto,
1183 4004 1207 4060 si
1233 4003 1392 4077 delinquat,
1414 4012 1530 4077 peccato
1554 4007 1648 4080 major
1671 4016 1723 4069 eet.

70 4104 252 4156 >merentur
269 4099 482 4170 Nonnunquam
497 4114 551 4169 pro
586 4095 697 4151 malitia
715 4095 817 4166 plebis,
874 4097 1008 4150 Potentes
1036 4093 1124 4161 enim,
1155 4096 1289 4164 potenter
1314 4095 1459 4149 tormenta
1487 4094 1645 4167 patiuntur.
1675 4099 1726 4155 Cui

80 4204 164 4260 reges
193 4191 352 4252 mutantur,
377 4191 405 4240 ot
420 4186 470 4258 qni
488 4184 738 4241 antevidebantur
757 4199 817 4238 esse
874 4183 953 4238 enim
965 4182 1030 4254 plus
1044 4180 1244 4248 committitur,
1273 4180 1340 4252 plus
1363 4180 1399 4236 eb
1416 4196 1451 4237 eo
1476 4183 1610 4255 exigitur,
1638 4186 1726 4243 ctiam

70 4282 178 4348 recepto
194 4292 284 4347 regno
298 4276 372 4331 finnt
384 4275 488 4346 iniqui.
874 4288 940 4327 cum
965 4286 1099 4326 mensura
1124 4285 1286 4342 poenerum.
1317 4270 1410 4340 Reges
1431 4270 1519 4326 vitem
1545 4272 1726 4331 subditorum

160 4365 225 4419 Gne.
249 4364 401 4419 xxxix-
415 4365 453 4417 De
471 4361 564 4417 codem
583 4377 621 4416 rc.
873 4360 956 4415 facile
972 4358 1111 4429 exemplis
1131 4358 1199 4426 suis,
1215 4358 1260 4413 vel
1290 4358 1443 4426 (edificant,
1471 4360 1515 4415 vel
1545 4363 1724 4420 subvertunt.

70 4453 151 4509 dictis
164 4452 302 4523 ejusdcm.)
317 4452 371 4516 Qui
386 4457 462 4506 recte
478 4451 570 4506 utitur
587 4449 671 4520 regni
695 4450 817 4521 potesta·
874 4449 941 4503 ldeo
956 4447 1117 4519 principem
1144 4463 1202 4502 uon
1221 4451 1334 4518 oportet
1347 4446 1528 4520 delinquere,
1553 4465 1590 4506 ne
1604 4451 1725 4510 formem

70 4545 244 4612 sepraestere
266 4540 400 4596 omnibus
420 4538 514 4607 debet,
538 4542 571 4593 ut
591 4542 700 4610 quanto
729 4536 819 4607 magis
874 4535 1012 4606 peccandi
1025 4534 1110 4591 laciet
1125 4535 1234 4606 pcccati
1252 4536 1315 4606 ejus
1336 4535 1481 4607 impunita
1501 4538 1626 4594 licentia.
1655 4542 1727 4598 Nam

70 4647 86 4686 ,s
99 4629 268 4685 celsitudine
292 4629 388 4697 claret,
409 4633 492 4684 tanto
516 4627 670 4697 semetipso
694 4629 819 4680 mentem
873 4640 923 4679 rex
938 4623 1026 4696 etqui
1056 4624 1114 4678 ruit
1140 4623 1171 4679 in
1197 4623 1283 4691 vitiis,
1299 4623 1442 4679 citoviam
1467 4626 1591 4682 ostendit
1609 4630 1725 4685 erroris.

72 4721 103 4774 et
124 4733 288 4790 proponens
302 4717 356 4772 sibi
382 4717 547 4787 exemplum
568 4715 739 4771 humilitatis
768 4714 821 4768 lla·
873 4713 952 4769 Sicut
965 4711 1071 4784 legitur
1089 4711 1124 4766 de
1139 4711 1322 4778 Hieroboam,
1338 4712 1389 4783 qui
1402 4713 1541 4783 peccavit,
1566 4718 1594 4769 et
1608 4729 1727 4785 peccare

70 4806 112 4862 rid
132 4807 167 4861 de
187 4807 246 4860 suis
271 4805 382 4861 meritis
397 4821 457 4859 non
471 4804 586 4868 tumuit,
601 4803 650 4858 sed
671 4801 821 4858 humiliter
874 4800 940 4856 lecit
953 4800 1051 4855 lsrael.
1067 4800 1145 4854 lllius
1164 4805 1262 4854 autem
1277 4799 1439 4868 ascribitur,
1463 4800 1601 4873 quicquid
1630 4820 1726 4861 exem-

70 4894 202 4967 ,ejiciens
225 4894 318 4949 dixit:
346 4893 415 4948 Vilis
436 4882 582 4960 incedam,
596 4896 625 4946 et
640 4891 702 4945 vilis
735 4906 821 4961 eppa·
873 4889 922 4960 plo
938 4887 1031 4959 ejusa
1052 4887 1174 4942 subditis
1198 4891 1391 4958 perpetratur.
1421 4888 1499 4944 Sicut
1517 4891 1650 4945 nonnulli
1677 4893 1726 4947 bo·

70 4987 117 5039 ute
139 4985 242 5051 Deum,
268 4982 318 5054 qui
344 4981 431 5053 elegit
455 4996 512 5036 me.
544 4978 598 5045 Qui
627 4983 701 5035 recte
728 4978 821 5033 utitur
874 4991 979 5031 norum
990 4974 1154 5046 principum
1176 4975 1233 5028 Deo
1258 4974 1363 5045 placita
1390 4975 1464 5030 facte
1495 4981 1665 5047 sequuntur,
1686 4979 1728 5035 ita

70 5076 219 5143 potestate,
229 5070 352 5125 formam
365 5069 497 5141 justitia,
521 5067 603 5123 lectis
614 5067 716 5140 magis,
732 5083 821 5138 quem
873 5063 956 5119 facile
971 5061 1057 5118 multi
1072 5077 1161 5132 prava
1173 5077 1273 5116 eorum
1289 5063 1422 5133 exempla
1436 5067 1602 5120 sectantur:
1636 5067 1727 5137 pleri·

83 5159 223 5215 instituet.
255 5159 311 5215 lste
343 5158 423 5212 nulle
452 5156 645 5228 prosperitate
687 5154 819 5225 erigitur,
876 5167 932 5223 que
946 5155 1043 5206 autem
1056 5148 1134 5221 apud
1145 5149 1262 5220 iniquos
1277 5149 1422 5222 principes
1442 5151 1609 5206 necessitate
1634 5154 1727 5224 magis

70 5247 244 5311 sdversitate,
272 5248 415 5302 turbatur.
444 5228 517 5300 Nou*
537 5243 672 5298 innititur
697 5241 822 5315 propriis
877 5241 1045 5311 quemroto
1061 5237 1129 5293 mali
1148 5237 1282 5307 existunt,
1299 5237 1369 5293 dum
1385 5239 1514 5311 imperiis
1537 5256 1639 5296 eorum
1662 5245 1729 5300 obe·

70 5353 86 5402 i,
100 5353 153 5392 nec
166 5352 182 5391 a
196 5335 317 5390 Domino
343 5334 458 5390 recedet
469 5348 517 5388 cor
545 5332 616 5404 ejus.
634 5331 726 5402 Regni
739 5330 820 5386 lesti-
878 5327 970 5381 diunt.
993 5325 1130 5382 Nonnulli
1144 5330 1251 5391 autem,
1265 5326 1337 5380 sicut
1351 5326 1477 5398 prompti
1497 5334 1562 5384 sunt
1579 5331 1661 5402 sequi
1685 5349 1729 5389 re-

75 5424 179 5480 humili
201 5423 335 5495 presidet
349 5423 456 5478 animo.
474 5422 536 5476 Non
551 5436 617 5476 eum
628 5419 749 5475 delectat
768 5418 823 5474 ini·
877 5431 927 5487 ges
940 5415 972 5469 in
982 5414 1101 5482 malum,
1115 5412 1156 5469 sic
1169 5412 1247 5485 pigri
1257 5418 1323 5468 sunt
1336 5413 1445 5470 imitari
1465 5414 1531 5473 illos
1555 5416 1588 5473 in
1605 5417 1726 5477 bonum.

70 5529 149 5586 ,non
164 5511 326 5568 inflammat
334 5509 492 5583 cupiditas:
517 5508 579 5565 siue
605 5504 822 5566 defraudatione
878 5504 958 5574 Saepe
969 5502 1046 5557 unde
1061 5500 1130 5556 niati
1157 5516 1239 5572 reges
1253 5505 1383 5572 peccant,
1407 5501 1554 5558 ludeboni
1569 5505 1728 5575 justitiean·

152 5618 293 5685 Parnox.
317 5616 406 5683 cxl..
1529 5616 1571 5676 29
