3878 6112
86 238 124 289 ss
922 241 1020 296 acra.
1262 214 1265 219 ’
1817 249 1852 303 at

87 371 207 411 sensum
224 359 321 411 teneat
336 357 433 412 oratio·
451 363 592 413 truncata.
623 359 723 414 Sextus
748 377 842 416 annus
857 361 944 416 rolri-
960 367 983 419 A
1002 363 1074 417 verit
1092 385 1102 411 ι
1121 364 1160 418 Ile
1185 362 1304 418 brachio
1319 364 1409 419 sancti
1425 365 1579 423 Willihaldi
1594 369 1722 442 episcopi
1735 377 1763 427 et
1784 389 1852 428 con-

88 454 149 513 tur,
167 451 193 500 et
208 445 357 516 problema
381 446 510 512 solvitur,
533 463 640 502 corona
657 450 809 519 duplicata
836 452 944 522 Purga-
999 450 1123 517 sessoris,
1152 468 1184 505 ac
1202 452 1231 507 S.
1265 454 1437 525 walpurgis,
1460 456 1521 526 ipso
1556 457 1602 511 die
1632 461 1853 516 consecrationis

88 541 158 589 tura
173 533 303 588 criminis
318 538 426 601 notem,
446 535 528 605 virgo
550 535 673 607 Virginis
700 537 826 593 vindicat
853 539 945 611 pudo·
999 539 1089 611 ipsius
1105 541 1206 595 litu»
1231 542 1374 612 quando«
1400 560 1415 596 e
1438 561 1575 598 converso
1604 547 1681 602 idem
1710 548 1743 604 Ι).
1773 549 1853 603 Vitus

91 636 166 674 rem.
183 622 290 689 Purget
318 621 502 688 adulterium,
529 622 688 694 ignitorum
714 642 862 680 vomerum
887 643 946 682 non

91 711 221 764 sentiens
250 711 385 764 calorem.
410 711 440 765 ln
462 711 577 766 Cassino
606 719 703 768 monte
732 729 829 769 curam
860 716 947 769 bene-

93 799 165 853 dicti
185 802 250 870 post
273 815 436 870 pressuram
465 800 580 869 longam
605 803 690 856 sentit
716 803 832 857 calculi:
847 819 944 875 quem,

92 886 164 940 dum
188 902 331 957 nusquam
359 889 395 941 sit
419 895 583 944 contactum
611 906 725 961 corpus,
757 896 852 945 tamen
879 892 946 946 inde

91 980 218 1029 tractum
246 976 429 1030 admirantur
447 976 565 1048 singuli.
592 980 717 1050 Angelus
747 979 830 1034 furtis
842 979 946 1034 militat

91 1065 123 1118 in
138 1064 249 1130 castris,
265 1065 357 1118 victor
384 1064 519 1119 victorem
533 1067 624 1136 gloria
639 1082 788 1134 coronans,
804 1069 887 1122 hoste
901 1069 944 1122 iu·

95 1160 177 1223 gato.
192 1152 321 1208 Precibus
346 1153 455 1208 crebris
477 1154 572 1222 instat,
603 1156 705 1210 alienis
731 1155 808 1210 curis
828 1173 945 1222 vectius,

98 1244 271 1296 lleovacans
290 1243 405 1312 sapius,
434 1243 503 1297 orbe
528 1249 639 1314 pacato.
664 1245 736 1298 Dum
762 1245 945 1315 migraretex

96 1332 330 1399 haesitabimus
354 1334 395 1387 rei
419 1334 540 1388 eremita
572 1335 670 1390 didicit
688 1351 721 1388 ex
737 1335 885 1389 daemone:
903 1336 945 1390 b'il

93 1421 245 1475 inventum
275 1428 366 1476 morte
395 1424 527 1493 dignum,
559 1440 652 1495 neque
667 1424 775 1479 frenum
792 1439 886 1495 neque
911 1423 945 1477 li-

93 1524 198 1578 gnum,
224 1511 264 1564 nil
280 1510 404 1565 hominis
420 1512 451 1566 in
466 1513 592 1567 bomine.
621 1513 695 1567 Talis
724 1513 835 1568 Christo
850 1512 945 1566 deser·

93 1599 174 1664 risit,
190 1598 256 1652 talis
276 1600 387 1653 Christo
402 1601 499 1654 vivens
512 1600 581 1654 vivit
605 1601 634 1655 in
662 1606 768 1654 aeterna
784 1600 874 1671 petria
889 1616 946 1653 ser·

1001 629 1036 683 de
1059 644 1202 682 consensu
1229 629 1413 684 dominorum
1438 632 1556 702 capituli
1586 634 1640 701 sui,
1669 634 1745 690 douo
1774 637 1853 692 dedit

999 717 1094 771 sidem
1109 717 1232 773 Gabrieli
1254 718 1388 790 episcopo
1407 720 1590 793 dereliquite
1614 723 1641 777 S.
1671 724 1786 778 Hearici
1800 741 1851 796 pe·

1000 806 1081 872 tiam,
1098 828 1111 856 a
1124 823 1173 860 seu
1186 812 1319 878 partem«
1343 825 1429 862 uuarn
1443 827 1474 875 ς»
1493 817 1579 880 atque
1608 831 1621 861 u
1639 813 1708 866 item
1727 813 1761 866 de
1790 817 1853 883 gut·

1000 898 1063 948 ture
1090 895 1233 965 ejusdem:
1251 896 1318 949 item
1339 896 1374 951 de
1404 898 1431 951 S.
1460 899 1645 968 Cunegunde,
1661 900 1853 970 praesentibus

1000 981 1105 1036 ibidem
1139 983 1351 1038 venerabilibus
1376 985 1500 1057 egregiis
1528 987 1653 1041 dominis
1679 987 1781 1043 Carula
1816 989 1851 1043 de

1000 1068 1188 1124 Seclteudorii
1199 1070 1317 1136 decano,
1343 1072 1464 1143 Georgio
1480 1071 1515 1126 de
1531 1073 1730 1146 Schwinburg,
1750 1083 1779 1129 et
1794 1076 1853 1130 l'ri-

1000 1158 1096 1212 derico
1118 1159 1153 1213 de
1169 1157 1299 1222 Ouedwiz
1313 1160 1472 1214 senioribus
1498 1162 1703 1231 capitularibus
1718 1169 1747 1218 et
1764 1180 1850 1219 cano·

999 1246 1080 1313 nicis,
1103 1248 1137 1302 ad
1162 1247 1223 1302 trae
1251 1234 1447 1318 capitulariter
1462 1248 1642 1319 deputatis.»
1664 1251 1724 1306 Nou
1746 1259 1790 1306 est
1804 1251 1850 1306 in·

999 1335 1153 1390 verisimile
1167 1335 1228 1405 pias
1245 1334 1412 1404 hujusmodi
1425 1337 1666 1393 commutationes
1681 1339 1768 1393 iactas
1790 1355 1851 1394 esse

1000 1438 1065 1476 cum
1079 1422 1142 1476 aliis
1157 1422 1333 1478 Germanicis
1348 1424 1483 1490 ecclesiis,
1501 1426 1577 1479 uude
1599 1427 1634 1481 ad
1655 1426 1731 1496 ipsas
1746 1443 1848 1497 perre-

1000 1512 1097 1566 nerint
1118 1512 1145 1566 S.
1170 1511 1283 1565 ilenrici
1298 1512 1441 1582 reliquia,
1465 1513 1577 1570 tametsi
1607 1514 1642 1569 de
1659 1515 1692 1568 iis
1707 1515 1778 1571 nibil
1794 1531 1850 1587 pu-

999 1599 1079 1655 blicis
1092 1599 1197 1653 tabulis
1208 1599 1409 1670 consignatum
1424 1601 1609 1671 comperiam.

93 1703 145 1740 vus
156 1693 224 1740 tuus
239 1693 267 1741 et
286 1688 410 1756 amicus3
430 1693 489 1758 tua,
506 1689 591 1755 bens,
604 1706 655 1743 nos
672 1689 828 1755 Haiuricus,
844 1705 943 1742 conso.
1034 1691 1078 1743 tu.
1097 1687 1172 1742 Nihil
1196 1688 1313 1759 pronius
1341 1694 1414 1742 esset
1430 1704 1516 1760 quam
1543 1690 1578 1744 de
1594 1690 1851 1760 Herbipotensibus

93 1775 172 1829 tetur
186 1776 294 1844 gratia.
316 1800 326 1825 s

127 1867 175 1919 ii.
198 1863 268 1928 Oua
291 1865 338 1920 hic
352 1866 386 1921 ad
402 1866 566 1920 historicam
583 1866 732 1920 veritatem
756 1865 823 1920 satis
848 1869 946 1919 exacta

93 1961 247 2018 nonsunt,
274 1955 333 2008 suis
361 1954 430 2008 locis
457 1954 583 2009 discussa
600 1954 741 2010 invenies.
761 1954 945 2024 Evangelium

94 2042 266 2113 ponitur3·
296 2045 385 2099 Homo
413 2044 531 2116 quidam
559 2045 674 2099 nobilis.
705 2066 717 2092 ι
742 2043 943 2099 Otiertorium:

96 2152 108 2179 ι
125 2130 261 2196 Posuisti,
279 2131 409 2186 bomine.
427 2151 441 2182 r
457 2131 584 2186 Secreta:
601 2154 611 2180 a
636 2131 792 2185 Praesentia
815 2146 945 2196 munera,

95 2234 264 2289 quaesumus
288 2219 418 2287 bomine,
447 2220 487 2274 ita
511 2236 611 2274 serena
634 2220 741 2289 pietate
769 2219 892 2282 intuere,
914 2224 947 2273 ut

96 2307 188 2360 sancti
214 2306 338 2377 Spiritus
368 2307 578 2378 perfundantur
613 2306 824 2373 benedictione,
861 2305 944 2360 etin

96 2394 205 2449 nostris
219 2397 351 2449 cordibus
364 2412 427 2450 eam
440 2395 623 2450 dilectionem
648 2395 770 2448 validam
792 2394 946 2448 iulundant

97 2498 252 2554 perquam
275 2483 303 2538 S.
319 2484 476 2550 lleinricus,
503 2484 648 2538 confessor
679 2487 756 2547 tuus,
780 2482 947 2537 omniacer·

96 2570 175 2641 poris
192 2572 399 2642 impedimenta
426 2572 564 2628 devicit.»
594 2572 765 2626 Communia
788 2571 887 2625 eadem
904 2575 946 2625 est

94 2675 161 2714 com
189 2660 351 2727 Oliertorio,
389 2659 559 2724 «Posuisti,
596 2658 726 2713 bomine.
755 2682 768 2705 a
799 2659 946 2728 completa

95 2765 145 2801 seu
161 2748 437 2803 Postcornmunion
455 2749 539 2803 Plebs
559 2753 620 2816 tua,
647 2747 778 2814 bomine,
800 2748 827 2803 S.
859 2747 946 2801 llein·

94 2837 147 2890 rici
167 2837 338 2892 contessoris
361 2837 403 2892 tui
430 2854 460 2892 se
482 2837 690 2909 glorificatione
707 2836 878 2907 magnificet,
906 2841 945 2902 et,

1000 1777 1028 1832 id
1040 1777 1187 1848 suspicari,
1215 1776 1270 1830 nisi
1285 1776 1400 1833 aliunde
1428 1784 1571 1832 constaret
1593 1778 1620 1834 S.
1643 1779 1747 1834 Killani
1772 1796 1851 1834 sacra

1000 1865 1111 1936 lipsana
1126 1865 1291 1935 Bambergae
1318 1866 1469 1934 exstitisse,
1486 1867 1555 1938 quin
1571 1873 1599 1920 et
1613 1868 1748 1923 Sanctum
1761 1869 1849 1924 istum

1000 1953 1114 2024 patroni
1142 1954 1204 2008 loco
1220 1953 1352 2008 habitum
1380 1958 1445 2007 ante
1471 1955 1498 2010 S.
1525 1955 1639 2009 lleurici
1655 1960 1796 2027 tempora,
1821 1963 1851 2010 ut

1000 2041 1085 2096 tidem
1102 2040 1210 2095 iaciunt
1226 2040 1393 2112 diplomata,
1410 2042 1557 2114 inquibus
1580 2043 1608 2097 S.
1624 2043 1851 2115 liilianus,ipsa-

1000 2134 1060 2183 met
1071 2128 1098 2183 S.
1128 2128 1242 2183 ilenrici
1256 2134 1351 2195 oetate,
1375 2146 1441 2184 cnm
1466 2131 1493 2185 S.
1511 2131 1632 2201 Georgia
1656 2132 1849 2202 conjungitur.

1001 2218 1140 2272 Caeterum
1160 2216 1301 2288 predictis
1314 2219 1587 2273 commutationibus
1604 2219 1689 2290 longe
1705 2220 1851 2290 antiquio·

1000 2320 1061 2360 rem
1076 2321 1137 2359 esse
1147 2310 1260 2375 oportet
1285 2306 1417 2360 notabilis
1444 2306 1619 2361 hauddubie
1642 2308 1715 2362 sacri
1725 2310 1852 2380 corporis

1000 2394 1089 2467 partis
1108 2394 1326 2448 translationem
1343 2394 1371 2448 in
1397 2393 1570 2466 Merseburg,
1597 2396 1633 2450 de
1661 2412 1718 2467 qua
1732 2401 1790 2452 tam
1807 2397 1850 2452 di-

1000 2488 1075 2536 serte
1088 2482 1148 2551 agit
1163 2486 1332 2553 Anonymus
1345 2482 1421 2552 apud
1432 2483 1606 2543 Gretserum
1622 2499 1684 2554 cap.
1713 2483 1758 2551 41,
1775 2485 1851 2555 apud

1000 2587 1053 2625 nes
1065 2571 1141 2624 inter
1161 2570 1300 2625 miracula
1317 2585 1396 2624 num.
1414 2575 1458 2639 ll,
1475 2587 1562 2640 qnam
1576 2587 1634 2626 non
1658 2571 1706 2627 diu
1732 2577 1797 2643 post
1808 2589 1852 2627 ce·

1001 2660 1140 2714 lebratam
1162 2659 1255 2714 Sancti
1279 2659 1523 2713 canonizationem
1545 2660 1680 2715 accidisse
1695 2662 1746 2732 qui
1772 2661 1849 2715 dire-

1001 2748 1047 2814 rit,
1063 2747 1139 2802 haud
1171 2749 1293 2803 multum
1312 2764 1328 2801 a
1349 2764 1416 2803 vero
1428 2748 1610 2818 aberraverit,
1626 2765 1691 2804 cum
1712 2766 1746 2804 eo
1761 2748 1851 2805 ferme

1000 2837 1132 2891 ordines
1157 2837 1232 2891 dicto
1260 2836 1398 2908 scriptore
1423 2838 1612 2891 reseratum
1638 2839 1778 2908 Tempore
1800 2836 1851 2892 illo

94 2925 197 2979 eodem
212 2942 327 2996 semper
349 2931 494 2998 precante,
513 2933 540 2980 te
569 2925 834 2980 mereatarhebere
853 2930 946 2980 recto·
963 2928 984 2983 C
1003 2925 1243 2997 quovenerabilis
1258 2926 1346 2980 abbas
1375 2926 1616 2997 lderseburgensis
1643 2925 1768 2980 ecclesiae
1784 2925 1852 2980 Vol-

93 3030 170 3069 rem.
208 3015 263 3069 Per
279 3015 441 3070 [lominum.
459 3038 473 3065 »
494 3014 556 3070 Alia
571 3014 606 3070 de
620 3015 721 3070 Sancto
737 3015 841 3069 oratio:
858 3037 868 3064 ι
884 3015 945 3070 Ad-

93 3108 139 3156 sto
169 3102 423 3174 supplicationibus
450 3104 557 3159 nostris
583 3104 767 3174 omnipotens
793 3104 879 3167 bens,
905 3108 943 3172 et,

93 3191 202 3262 quibos
218 3191 352 3247 liduciam
363 3193 511 3264 sperandae
522 3193 645 3264 pietatis,
663 3215 676 3242 o
691 3197 746 3248 etc.
762 3193 798 3247 tir
814 3192 943 3262 praedicti

94 3280 217 3334 liissalis
235 3280 314 3347 iulio,
331 3281 364 3336 ad
378 3297 424 3336 me
438 3282 555 3347 directo,
573 3287 660 3353 patet,
690 3281 850 3352 majoribus
877 3281 946 3334 Teu·

93 3367 200 3422 tunicis
228 3368 331 3423 litteris
346 3369 414 3423 satis
442 3369 623 3441 elegantibus
637 3386 774 3424 excusum
790 3385 859 3430 esse,
880 3384 945 3423 cum

95 3457 184 3510 variis
198 3457 320 3511 rubricis
342 3464 407 3529 apte
422 3458 605 3525 intermixtis,
629 3459 664 3513 ad
679 3460 760 3528 cuijus
772 3456 894 3529 Jcalcem,
912 3473 946 3511 ex

93 3546 237 3618 temporis
260 3547 341 3601 istius
369 3563 458 3613 mere,
486 3547 653 3617 hujusmodi
668 3547 825 3618 epigraphe
844 3547 945 3616 adjun-

94 3635 194 3705 gitur:
225 3638 337 3689 «Anuo
366 3636 573 3691 incarnationis
606 3636 762 3691 llorninicae
792 3650 945 3699 ucccoxcrr,

96 3728 201 3794 quarto
217 3723 278 3777 ital.
305 3723 393 3789 lunii,
420 3724 494 3778 liber
514 3723 643 3789 ldissalis,
660 3723 690 3777 in
702 3723 817 3778 latidum
834 3728 862 3777 et
882 3726 945 3793 glo·

96 3813 171 3866 riam
184 3817 289 3866 sanctae
306 3828 337 3866 ac
352 3812 506 3867 individuae
520 3812 675 3878 Trinitatis,
697 3812 874 3867 intemerata
891 3814 948 3865 Vir·

98 3900 231 3971 ginisque
245 3900 351 3968 ituria,
372 3901 400 3962 iu
426 3901 539 3955 civitate
558 3900 797 3971 babenbergensi,
814 3917 866 3973 per
887 3917 946 3954 ma·

999 3031 1113 3071 cmarus
1136 3014 1271 3085 reliquias
1302 3016 1332 3068 B.
1362 3015 1475 3069 ilenrici
1508 3014 1679 3069 confessoris
1707 3015 1852 3070 saxonicae

999 3109 1084 3160 terrae
1100 3104 1215 3157 invexit.
1228 3124 1242 3151 o
1258 3104 1288 3157 ln
1319 3102 1467 3158 Potentem
1490 3119 1583 3174 usque
1599 3102 1746 3158 transiisse
1771 3103 1853 3158 intel·

999 3193 1069 3264 liges
1084 3209 1117 3247 ex
1137 3191 1281 3246 miraculis
1294 3191 1378 3257 inira,
1396 3209 1476 3248 num.
1503 3195 1545 3247 te.
1571 3195 1614 3247 An
1630 3197 1658 3247 et
1675 3209 1732 3264 quo
1751 3199 1851 3263 pacto-

999 3280 1140 3353 perierint
1162 3281 1221 3351 jam
1249 3280 1332 3335 diotre
1356 3280 1488 3352 reliquiee
1502 3280 1758 3353 Merseburgenses,
1774 3280 1852 3336 haud

1001 3368 1135 3442 equidem
1149 3368 1220 3436 scio,
1248 3384 1358 3435 verum,
1375 3385 1408 3422 ex
1423 3370 1617 3424 instrumento
1633 3370 1710 3441 quod
1739 3371 1776 3425 ad
1806 3385 1851 3424 me

1001 3457 1224 3514 misitlaudatus
1247 3473 1335 3527 snpra
1350 3457 1424 3512 Clar.
1452 3459 1631 3529 Eppeuauar,
1647 3457 1759 3529 liquido
1774 3462 1852 3531 pate·

1000 3548 1044 3602 bit
1063 3547 1200 3618 reliquias
1222 3546 1292 3600 alias
1321 3546 1423 3601 eodem
1447 3546 1602 3601 destinatas
1633 3546 1730 3615 luisse,
1752 3546 1851 3618 procul

1001 3636 1088 3692 dubio
1105 3641 1136 3690 ut
1150 3635 1262 3690 amissis
1277 3635 1422 3706 prioribus
1437 3634 1689 3690 substituerentur.

1038 3726 1083 3779 lt.
1110 3724 1223 3779 Litterae
1246 3723 1421 3778 suutAdolli
1447 3723 1687 3793 llereeburgensis
1710 3723 1849 3794 episcopi,

1001 3812 1150 3868 hubaldiae
1161 3810 1307 3882 principis,
1333 3810 1367 3864 ad
1381 3810 1536 3880 Georgium
1562 3827 1578 3864 a
1595 3810 1732 3882 limburg
1746 3811 1852 3881 episco-

1002 3918 1070 3972 pum
1087 3900 1337 3968 bambergensem,
1354 3898 1427 3952 datae
1443 3920 1456 3947 o
1467 3898 1513 3952 die
1528 3899 1639 3952 veneris
1660 3899 1733 3953 intra
1747 3898 1853 3953 festum

101 3989 218 4057 gistrum
244 3989 383 4042 loannem
414 3988 642 4060 Pieyl,prtelalae
669 3989 789 4044 civitatis
812 3989 946 4054 incolam,
1001 3991 1029 4045 S.
1046 3988 1309 4058 blertinisnempe
1324 4003 1370 4040 nu
1397 3985 1571 4041 Novembris·
1584 4002 1660 4040 anno
1693 3989 1852 4057 l5l7,ane

104 4092 185 4147 quam
199 4077 421 4148 diligentissime
437 4078 604 4150 impressus,
620 4079 684 4133 linit
705 4078 838 4133 feliciter.
856 4097 870 4130 r
885 4079 948 4132 llaec
1001 4078 1090 4132 latine
1109 4092 1197 4131 versae
1224 4075 1264 4130 sic
1279 4080 1401 4130 sonant:
1420 4094 1434 4124 c
1465 4075 1566 4129 Nostra
1580 4074 1742 4129 amicabilia
1757 4075 1852 4130 cilicia

100 4165 135 4219 de
149 4169 354 4234 monumentis,
381 4167 499 4231 Oitlciis,
534 4168 681 4241 veterique
697 4167 780 4223 ldissa
812 4168 947 4224 bamber-
1004 4166 1126 4236 praevia,
1143 4162 1316 4218 Venerabilis
1332 4163 1361 4216 in
1377 4163 1434 4216 beo
1459 4163 1553 4230 Pater,
1579 4159 1724 4231 imprimis
1748 4160 1852 4216 dilecte

98 4255 324 4324 gensibusdicta
347 4256 599 4326 sufficient;nunc
622 4273 716 4311 sacras
730 4256 877 4328 reliquias,
893 4255 949 4310 alio
1006 4253 1119 4308 domine
1137 4257 1165 4306 et
1190 4250 1290 4306 amice.
1318 4252 1388 4307 Cum
1405 4249 1519 4305 dilectio
1544 4254 1648 4317 vestra,
1676 4248 1710 4302 ad
1734 4254 1852 4319 rogato-

97 4345 261 4411 transletas,
284 4345 497 4416 investigemus.
1004 4343 1077 4397 riam
1095 4347 1222 4396 nostram
1246 4339 1425 4411 petitionem,
1452 4337 1591 4408 quasdam
1603 4336 1629 4392 S.
1653 4335 1778 4391 Heinrici
1793 4337 1852 4391 lm·

99 4450 162 4519 gv,
188 4452 317 4520 fletiqm'ae
345 4453 400 4507 (ιιι-ο
416 4453 565 4520 pompm,
590 4454 742 4522 mserum
769 4455 891 4518 pomam,
913 4451 951 4506 ag
1004 4431 1144 4504 peratoris
1185 4446 1278 4484 sacras
1319 4427 1456 4499 reliquias
1494 4427 1673 4525 concesserit,
1704 4426 1851 4480 easdema

208 4532 441 4600 templumdomus
460 4535 591 4600 Prosessae
610 4533 750 4587 Societatis
763 4533 842 4586 Jeep,
1004 4520 1156 4575 dilectione
1166 4525 1260 4573 restra
1273 4517 1438 4580 submissas,
1462 4531 1528 4571 cum
1547 4519 1741 4581 veneratione,
1769 4517 1851 4585 grato

137 4621 181 4672 ts.
199 4619 305 4690 Exjam
318 4620 446 4674 deductis
461 4622 527 4675 satis
542 4620 726 4675 manifestum
739 4619 950 4691 estpraecipoas
1003 4608 1200 4678 b0¹¹0V0¹⁰q¹¹⁰
1229 4606 1326 4660 ³¹¹l¹¹¹⁰
1355 4603 1527 4674 ⁸⁰00Piffl03·
1545 4603 1579 4657 Ei
1607 4617 1850 4673 quamqussmi'ffl

101 4723 198 4760 sacras
212 4708 327 4762 exuvias
358 4708 508 4780 utriusque
536 4708 710 4763 sanctissimi
729 4706 860 4777 conjugis
879 4707 951 4761 llen·
1003 4703 1062 4752 iiim
1088 4695 1250 4750 &Slimabffl
1273 4695 1360 4760 d⁰¹1⁰2
1378 4693 1455 4764 (1⁰⁰⁶
1478 4691 1634 4763 iembfflli
1663 4691 1736 4745 nuni
1759 4690 1853 4760 PiflfiP

100 4795 152 4848 rici
180 4800 209 4848 et
237 4794 419 4866 cunegundis
441 4796 470 4851 in
490 4797 553 4868 ipso
570 4794 772 4865 Bambergensi
802 4795 950 4849 mausoleo
1004 4791 1241 4865 tequiparandum
1269 4795 1321 4856 est,
1350 4790 1434 4844 nobis
1458 4792 1486 4844 et
1514 4787 1640 4843 ecclesiae
1666 4790 1854 4840 nostrarun-

98 4882 257 4938 hodiedum
291 4885 430 4939 asservari
462 4901 638 4958 quamquam
672 4887 767 4954 partes
800 4884 949 4938 nonnullos
1003 4897 1092 4950 cesso,
1117 4878 1264 4936 dilectioni
1287 4884 1388 4934 vestrae
1413 4877 1564 4933 obstrictos
1580 4872 1852 4943 nosesseprolitea·

100 4972 157 5026 alio
182 4973 216 5027 ad
253 4975 466 5028 venerationem
489 4976 634 5029 translatas
670 4972 737 5037 sint,
774 4987 845 5042 quas
877 4971 948 5026 mihi
1003 4984 1077 5032 mur,
1093 4969 1253 5022 euitamen
1281 4964 1451 5037 obligationi
1467 4963 1629 5018 satisfacere
1645 4959 1854 5032 innostrapo·

100 5067 269 5132 promptum
293 5078 350 5116 non
379 5061 416 5117 sit
444 5063 592 5134 sigillatim
620 5075 799 5116 enumerare.
817 5058 950 5130 suggerii
1002 5062 1103 5112 testate
1130 5056 1295 5111 nullatenus
1319 5059 1376 5122 est;
1394 5050 1583 5107 nihilominus
1610 5047 1640 5101 in
1663 5048 1852 5103 ecclesiano-

101 5149 198 5204 charta
222 5150 421 5218 Gamansiana,
450 5152 582 5222 superius
605 5150 699 5215 citata,
729 5165 805 5203 anno
835 5147 949 5202 bomini
1003 5151 1068 5201 slrae
1082 5144 1184 5199 sanctis
1200 5142 1328 5215 patronis
1342 5147 1370 5198 et
1393 5140 1537 5213 praecipue
1552 5137 1655 5192 dilecto
1673 5137 1702 5192 S.
1720 5136 1852 5192 lleinrico

104 5237 436 5309 l50l,lndict.r(voluit
464 5239 558 5294 dicere
583 5240 621 5306 u)
652 5237 698 5292 die
723 5253 788 5291 xrru
813 5236 882 5290 tulii
911 5236 948 5290 la·
1003 5232 1372 5306 imperatorecontidimus,
1397 5245 1454 5294 eos,
1477 5230 1605 5297 optatam
1625 5226 1654 5281 in
1674 5225 1853 5298 hectempo·

100 5332 175 5381 ciam
204 5327 279 5381 inter
305 5328 465 5384 Gabrielem
490 5330 696 5399 Eystettensem
730 5326 896 5397 episcopum
921 5329 949 5379 et
1002 5323 1066 5389 reli,
1084 5327 1112 5378 et
1126 5323 1202 5394 apud
1217 5323 1306 5377 betam
1318 5316 1462 5389 imprimis
1476 5316 1506 5371 in
1528 5316 1585 5371 vita
1607 5322 1716 5370 reterns
1737 5314 1854 5370 lelicita·

101 5416 196 5471 Vitam
238 5416 477 5487 bambergensem
504 5418 581 5488 piam
609 5431 756 5471 sacrorum
793 5413 948 5486 pignorum
1002 5420 1059 5469 tem
1076 5411 1230 5474 exorando,
1256 5409 1382 5478 idipsum
1407 5404 1554 5460 dilectioni
1568 5409 1670 5459 vestra
1684 5404 1852 5476 centuplum

100 5505 366 5574 commutationem,
382 5507 421 5562 sic
450 5511 481 5563 ut
504 5507 551 5562 ille
577 5501 834 5575 bambergensibus
858 5501 947 5559 dona·
1003 5506 1246 5574 compensaturus.
1267 5519 1276 5545 ι
1304 5493 1691 5561 Quamdiutheseurusista,
1708 5492 1853 5565 asignato
