3894 6120
35 279 79 335 tlt

676 274 873 333 llll’lssffld
892 274 1176 335 scamnorum.

31 403 108 459 inter
133 406 245 458 cetera
275 399 352 455 douo
370 398 560 465 contulimus,
588 401 618 453 et
649 413 700 468 per
724 399 779 455 boc
808 397 898 469 regius
912 397 941 454 Α
996 399 1067 454 Date
1084 415 1130 456 xrs
1151 399 1293 457 Kalendas
1318 399 1493 470 Decembris,
1513 417 1590 458 euno
1604 402 1809 461 incarnationis

32 490 197 564 miestatis
226 487 339 562 insigne
366 485 603 543 confirmavimus
631 486 777 557 quandam
805 485 902 542 nostri

30 581 103 653 juris
116 580 236 647 sillam,
255 578 375 634 nosnlne
401 574 561 647 Duenioga
584 574 615 630 in
636 576 801 647 ilelesguwe
820 579 850 630 et
869 575 902 630 in

32 668 178 727 omitetn
190 668 326 739 ligeum
338 665 436 731 sitem,
450 680 517 720 cum
533 662 668 719 eruamus
683 663 812 735 ejusdcm
826 662 902 719 vittae

33 758 178 831 legalibus
207 753 405 828 pernoamiis,
441 752 599 808 mobilibus
626 756 655 808 et
689 751 901 817 immobilibus,

34 846 123 905 serris
146 850 179 901 et
204 844 331 910 ancillis,
358 841 445 910 areis,
482 840 624 909 edificiis,
652 840 736 896 terris
763 839 847 896 cultis
874 844 904 895 et

32 934 164 999 incultis,
197 933 302 1006 pratis,
334 930 448 1004 pascuis
486 928 547 984 sive
584 928 772 1000 compascuis,
811 928 902 994 silvis,

31 1021 253 1087 muetiouibns,
278 1019 362 1092 aquis
385 1032 589 1090 aquarumque
615 1016 791 1081 decursibus,
808 1016 903 1089 pisca·
952 1012 958 1023 '

957 486 1113 543 [laminiana
1153 490 1232 556 loon,
1259 487 1417 544 indictione
1445 506 1467 556 r,
1495 505 1574 546 anuo
1611 507 1679 547 vero
1708 492 1808 551 domni

959 574 1082 632 lleinrici
1095 576 1388 648 regnantis1.Actum
1415 577 1445 632 in
1466 577 1535 634 urbe
1551 579 1734 652 lladespone.

1162 666 1233 721 Cum
1247 666 1339 735 sigillo
1349 667 1486 735 maiestat.
1501 669 1615 738 integro.

957 840 1183 897 Muudiburdinm
1200 843 1274 910 repis
1304 843 1416 898 ilenrici
1438 843 1466 898 ll
1488 847 1654 901 monasterio
1680 846 1811 913 interiori

1307 944 1471 985 scammum.

1239 1017 1333 1084 (Anno
1347 1020 1428 1082 loon,
1449 1020 1484 1074 20
1501 1020 1585 1088 Nor.)

1753 287 1807 341 sss
1905 260 1911 272 “

32 1110 178 1177 tionibus,
211 1105 400 1174 molendinis,
419 1104 474 1160 viis
503 1108 532 1160 et
556 1104 653 1170 inviis,
681 1104 803 1160 exitibus
815 1109 845 1158 et
857 1120 902 1159 re·
1203 1104 1297 1177 filled,
1313 1106 1361 1161 ubi
1384 1108 1596 1182 inproprie]

32 1197 156 1264 ditibus,
180 1193 318 1268 quaesitis
348 1197 378 1250 et
416 1191 611 1264 inquirendis,
642 1207 674 1246 ac
697 1191 808 1247 ceteris
838 1206 903 1263 quac
992 1195 1023 1249 ln
1038 1194 1156 1250 nomine
1171 1199 1277 1249 sanctu
1296 1199 1325 1249 et
1350 1192 1506 1250 individuas
1523 1196 1680 1264 trinitatis,
1697 1199 1810 1256 narsu-

32 1285 165 1360 quolibet
191 1282 281 1337 modo
309 1281 365 1338 rita
395 1279 493 1335 vocari
524 1285 657 1349 possunt.
684 1279 855 1334 utensilibus
875 1284 904 1335 ct
956 1298 1004 1338 cns
1023 1282 1244 1338 dixinaiavente
1259 1283 1411 1337 clementia
1426 1299 1484 1338 rer.

32 1372 231 1447 appendiciis,
255 1388 292 1427 eo
325 1376 426 1426 tenore
455 1367 595 1440 quatinus
622 1367 735 1439 praelati
761 1367 903 1424 lonicon-
990 1372 1070 1427 insta
1086 1386 1188 1442 regum
1216 1375 1244 1425 et
1272 1370 1408 1441 religiosa
1424 1371 1560 1442 cogitatio
1574 1373 1660 1430 debet
1683 1374 1811 1431 ecclesiis

36 1461 167 1536 gragetio
181 1460 309 1516 liberam
324 1459 359 1513 de
383 1457 484 1512 eodem
510 1455 619 1526 predio
645 1454 781 1527 deinceps
800 1456 904 1512 babeat
957 1459 1018 1527 liei,
1036 1459 1211 1531 ubicumque
1226 1458 1346 1514 facultas
1361 1460 1498 1531 suppetit,
1523 1460 1633 1532 aliquid
1653 1479 1812 1519 acconuno·

36 1553 217 1623 potestatem
228 1544 374 1619 quidquid
392 1542 448 1598 sibi
469 1542 584 1598 decreto
603 1542 753 1598 communi
778 1545 904 1614 proauis
958 1549 1037 1603 dere.
1063 1553 1094 1602 ut
1121 1547 1190 1603 iude
1219 1547 1377 1618 proclivius
1401 1548 1541 1605 mercedis
1556 1555 1672 1605 aeternae
1691 1551 1814 1620 prumia

37 1636 211 1709 optenta
234 1632 335 1689 matris
362 1631 487 1687 ecclesiae
508 1631 724 1686 necessitatibus
749 1630 837 1687 libeat
864 1632 905 1686 la·
957 1641 1181 1707 consequentur.
1208 1635 1332 1692 Proinde
1352 1642 1453 1692 notum
1474 1636 1659 1693 sitomnibns
1676 1637 1813 1695 fldelilrns

38 1724 190 1784 ciendi-Et
203 1729 240 1779 nt
253 1723 318 1779 bec
338 1726 437 1776 nostra
464 1707 581 1775 traditio
609 1719 722 1775 stabilis
755 1726 786 1775 et
799 1677 939 1776 incon·B
959 1723 1074 1790 uostris,
1103 1723 1294 1794 presentibus
1313 1723 1422 1780 scilicet
1447 1730 1477 1780 et
1492 1724 1605 1793 lotarie,
1622 1727 1749 1799 qualiter
1764 1743 1812 1783 re·

38 1816 115 1873 runa
134 1814 324 1886 permaneat,
367 1810 440 1865 banc
476 1807 569 1863 nostri
603 1808 744 1881 pracepit
766 1809 904 1882 peginam
958 1810 1094 1867 uerabilis
1108 1810 1252 1867 abbatissa
1282 1811 1374 1879 nuda,
1403 1828 1455 1884 per
1480 1813 1675 1870 interventum
1700 1815 1813 1872 dilecta

40 1918 123 1959 nanu
150 1898 279 1974 propria
300 1898 478 1967 roborantes,
506 1896 602 1970 sigillo
636 1902 739 1953 nostro
772 1897 905 1970 imprimi
959 1898 1092 1972 conjugis
1120 1904 1236 1964 nostrae,
1265 1900 1445 1972 Cunigundas
1464 1901 1596 1958 videlicet
1622 1903 1743 1975 regine,
1758 1921 1812 1961 no-

95 2005 189 2046 imus,

38 2005 190 2149 lmsipirum
226 2075 322 2132 domm
349 2074 459 2130 Hernici
492 2074 565 2141 repis
580 2075 767 2130 invictissimi.
799 2075 904 2146 (Mono-

42 2182 239 2328 Ἢήω
273 2248 460 2306 cancellarius
497 2249 559 2305 sice
603 2249 737 2324 Willigisi
771 2252 904 2308 archica-

44 2342 145 2417 pellani
161 2338 331 2412 recognovi.
386 2400 390 2407 ,

72 2434 144 2489 bata
157 2446 206 2486 xrs
232 2428 295 2484 llal.
319 2427 465 2482 llecembr.
486 2441 562 2482 anno
583 2426 796 2484 incarnationis
817 2431 901 2485 nom.

47 2523 119 2592 tour,
147 2517 254 2575 indict.
277 2534 297 2584 r,
324 2531 399 2571 anno
422 2531 489 2570 sero
513 2514 625 2570 domini
645 2516 773 2573 Heinrici
796 2533 858 2589 reg.
881 2532 901 2572 r.

11 2602 18 2651 Ι
74 2605 301 2677 municipes
319 2605 390 2660 urbe
406 2603 589 2674 lladespona.

11 2676 20 2743 θ’
74 2698 205 2768 stpithm
219 2696 295 2749 intus
310 2695 616 2764 impressumintegrnm
627 2697 729 2748 matut.

45 2876 96 2931 lec
107 2873 252 2930 flemme
266 2871 294 2927 n
311 2870 395 2926 dosmt
417 2870 542 2939 epncopo
560 2869 721 2926 brinimnsi
736 2885 831 2926 aream
843 2870 900 2924 itu·

377 2956 491 3012 lisbona
505 2958 595 3010 eitum.

307 3047 405 3116 (anno
427 3045 508 3109 loon,
542 3044 667 3115 lilios.)

89 3136 188 3212 luteo,
210 3136 259 3191 ubi
273 3150 371 3205 snpra,
395 3149 430 3188 ex
452 3130 568 3189 ltsscbii
591 3134 746 3190 Annalibus
774 3133 906 3190 Ecclesia

340 3223 454 3280 Sobion.
469 3221 522 3289 ltt,
536 3220 610 3292 lot]

89 3316 124 3373 C.
156 3315 191 3369 ln
218 3311 338 3368 nomine
366 3316 475 3365 sauctae
511 3312 539 3362 et
564 3306 720 3364 individue
744 3308 906 3376 Trinitatis,

49 3405 194 3461 {tussiens
203 3401 301 3458 divina
314 3401 429 3456 terente
442 3395 536 3468 gratia
548 3412 608 3452 rer.

79 3493 185 3549 Notum
201 3506 264 3545 esse
278 3490 412 3545 volumus
426 3483 907 3556 omnibusnostristidelibus,prae·

50 3581 176 3637 sentibus
190 3585 222 3634 et
233 3577 348 3644 tuturis,
362 3573 491 3647 qualiter
502 3588 564 3638 nos,
574 3573 611 3628 ob
619 3573 907 3630 intereantumdero·

50 3665 347 3741 tumqueobsequinm
353 3661 451 3720 tidelis
467 3659 556 3715 nostri
562 3659 745 3716 sabionensis
757 3661 906 3716 vonerabi-

959 1992 1048 2043 stram
1086 1985 1159 2041 adiit
1189 1987 1379 2058 majestatem,
1415 1988 1584 2061 suppliciter
1620 1992 1751 2062 rogitans
1782 1996 1814 2047 ut

961 2073 1169 2130 monasterinm
1192 2074 1467 2141 sanctimonialium,
1493 2077 1539 2132 cni
1566 2077 1631 2150 ipsa
1648 2085 1717 2135 tnnc
1735 2084 1814 2136 tem-

958 2163 1040 2236 poris
1073 2163 1150 2217 intra
1184 2162 1436 2235 lladespouensem
1471 2164 1616 2221 civitatem
1657 2168 1813 2238 presidere

958 2252 1083 2314 ridetur,
1113 2250 1191 2322 qnod
1215 2251 1288 2307 diva
1319 2252 1545 2309 memoriaaavia
1572 2258 1670 2309 nostra
1691 2255 1813 2311 loditha

959 2340 1071 2396 olimin
1089 2337 1198 2395 bonore
1222 2345 1327 2396 sanctu
1350 2341 1400 2396 Dei
1419 2339 1566 2413 genitricis
1593 2341 1690 2398 itariae
1718 2343 1813 2397 atun-

958 2427 1104 2483 damentis
1125 2427 1155 2482 in
1183 2428 1326 2484 abbatiam
1341 2429 1439 2497 erexit,
1467 2434 1496 2484 et
1525 2429 1609 2484 donis
1636 2430 1813 2500 praediorum

957 2515 1103 2573 interalia
1127 2531 1181 2586 pro
1197 2516 1259 2572 loco
1288 2516 1399 2584 ditarit,
1426 2516 1458 2571 in
1484 2523 1615 2572 nostrum
1641 2517 1813 2574 mundibur-

957 2605 1042 2659 dium
1062 2604 1189 2676 etregioe
1212 2604 1403 2660 immunitatis
1431 2605 1586 2660 tuitionem
1614 2606 1813 2676 reciperemus

955 2709 1026 2748 cnm
1038 2694 1173 2748 omnibns
1188 2692 1371 2765 pertinentiis
1384 2693 1457 2764 ejus.
1475 2694 1532 2749 llos
1542 2709 1622 2764 ergo,
1632 2694 1669 2750 ob
1679 2693 1812 2750 divinum

954 2797 1088 2839 amorem
1119 2781 1175 2853 pise
1215 2783 1277 2854 ejus
1317 2786 1478 2837 annuentes
1516 2783 1662 2853 petitioni,
1686 2798 1740 2855 per
1758 2783 1813 2838 boc

956 2877 1066 2928 nostrae
1090 2871 1248 2943 majestatis
1272 2870 1393 2943 insigne,
1425 2870 1578 2942 praelatum
1604 2869 1812 2928 monesterium

893 3025 895 3029 7
921 2956 1068 3015 Gnostrae
1093 2966 1315 3031 nostrorumque
1342 2962 1408 3029 post
1430 2974 1482 3013 nos
1503 2974 1700 3015 successorum
1724 2959 1813 3031 regiae

959 3051 989 3102 et
1003 3046 1149 3121 imperiali
1163 3051 1303 3120 perpetuo
1319 3045 1479 3102 defensioni
1495 3047 1673 3118 subjicimus,
1690 3054 1718 3104 et
1736 3047 1814 3103 insn-

959 3151 1014 3207 per
1027 3136 1138 3209 optima
1150 3153 1184 3192 ea
1195 3137 1327 3193 libertate
1356 3135 1508 3203 donamus,
1539 3152 1597 3209 qua
1627 3144 1731 3192 caetera
1748 3151 1811 3191 mo·

960 3226 1089 3282 nasteria
1117 3225 1226 3297 regalia
1253 3224 1416 3297 ubicunque
1439 3229 1582 3282 terrerum
1609 3225 1701 3281 nostri
1730 3222 1813 3296 regni

959 3313 1069 3382 perfrui
1082 3313 1266 3380 videbuntur,
1287 3313 1423 3385 quatinus
1435 3313 1476 3368 ibi
1504 3313 1739 3368 sanctimoniales
1752 3327 1813 3367 mo·

961 3403 1079 3457 nesticae
1093 3402 1157 3458 vitre
1169 3403 1335 3474 subregulo
1349 3401 1440 3457 sancti
1464 3402 1613 3459 Benedicti
1631 3401 1811 3473 mancipate,

961 3487 1081 3544 liberius
1093 3498 1122 3546 et
1135 3491 1265 3546 devotius
1279 3490 1371 3559 illam,
1387 3506 1624 3564 quamaggressae
1634 3497 1712 3558 seint,
1722 3490 1811 3544 vitam

960 3577 1069 3649 absque
1092 3578 1295 3650 inquietudine
1325 3578 1465 3650 regalium
1481 3585 1648 3635 exactorum
1661 3583 1691 3634 et
1715 3577 1812 3633 subin·

961 3667 1139 3721 troauntinm
1156 3683 1344 3738 personarum
1361 3666 1466 3722 dehinc
1491 3682 1659 3723 conservare
1686 3667 1809 3722 valeant.

51 3757 81 3813 lis
93 3753 227 3829 episcopi
241 3751 374 3818 Albwini,
389 3749 426 3806 ad
451 3748 598 3803 eeclesiam
621 3749 711 3804 suncti
729 3749 906 3821 ingenuwini
962 3755 1053 3825 Regio
1068 3754 1156 3824 igitur
1173 3755 1257 3810 serbo
1279 3760 1308 3809 et
1337 3760 1481 3826 praecepto
1500 3754 1635 3827 jobemus
1648 3758 1677 3808 et
1690 3752 1811 3809 tirmiter

49 3845 219 3902 curtilerum
233 3857 324 3896 onum
335 3840 364 3895 in
375 3835 525 3912 provincia
539 3836 735 3907 bajoariorum
749 3837 778 3892 in
793 3837 908 3893 civitate
961 3840 1162 3896 interdicimus
1187 3846 1220 3895 nt
1246 3841 1344 3896 nullus
1361 3841 1428 3904 dux,
1452 3841 1589 3910 marchio,
1618 3856 1715 3895 comes
1742 3841 1811 3895 rice·

51 3929 275 4003 ltadespona,in
286 3924 587 3996 comitatnliuotperti
598 3925 696 3992 sitnm,
717 3941 909 3996 possessuma
962 3945 1077 3998 eomes,
1104 3928 1264 4000 episcopus,
1288 3930 1331 3984 vel
1348 3928 1453 4000 aliquis
1467 3930 1520 3984 sub
1544 3928 1690 3999 episcopo,
1707 3928 1813 3999 nntjn·

50 4018 221 4077 bibnsriris
235 4016 414 4073 insocitatis
433 4018 503 4081 Aeo,
519 4013 623 4081 Leuso,
642 4013 729 4080 Gotti,
754 4013 863 4070 habens
877 4014 908 4069 in
962 4017 1018 4074 dex
1036 4017 1166 4089 publicus
1183 4018 1242 4072 sive
1261 4018 1358 4088 regius
1374 4022 1497 4084 exactor,
1522 4032 1572 4071 sau
1590 4015 1726 4087 qualibet
1737 4015 1812 4087 jndi-

52 4105 365 4180 longitndineperticas
378 4106 446 4159 xrct
457 4101 624 4169 demidiam,
632 4100 696 4156 etin
710 4102 908 4170 latitudinem,
963 4107 1050 4161 ciarin
1063 4122 1186 4176 persona
1203 4105 1296 4177 major
1308 4110 1358 4160 ant
1372 4105 1469 4160 minor
1483 4105 1618 4176 deinceps
1632 4104 1663 4160 in
1675 4104 1812 4176 proedicto

50 4196 78 4252 in
93 4193 248 4269 proprium
263 4193 409 4259 dedimus,
418 4206 485 4245 cnm
501 4189 628 4246 exitibus
645 4194 673 4244 et
693 4189 833 4246 reditibus
846 4206 908 4245 orn·
965 4194 1137 4250 monasterio
1151 4194 1228 4249 intus
1242 4195 1286 4249 vel
1297 4193 1374 4256 loris.
1391 4200 1421 4248 et
1443 4193 1474 4248 in
1491 4195 1558 4249 locis
1571 4197 1620 4248 ant
1635 4192 1811 4259 bominibus,

51 4284 198 4354 cibusque
213 4280 298 4337 rebus
308 4281 375 4350 jure
397 4277 583 4350 legitimeque
598 4278 634 4333 ad
648 4276 723 4332 idem
738 4277 907 4333 curtiferum
964 4283 1008 4338 vel
1022 4282 1158 4338 omnibus
1168 4281 1208 4336 ibi
1233 4281 1445 4352 pertinentibus
1473 4281 1600 4353 aliquam
1621 4281 1726 4352 publici
1738 4280 1813 4352 juris

51 4368 277 4443 pertinentibus,
303 4384 338 4424 eo
363 4365 470 4423 scilicet
489 4372 588 4422 tenore
602 4370 635 4419 ut
657 4365 734 4421 idem
749 4365 908 4437 praetitula·
963 4376 1094 4426 exerceat
1110 4373 1293 4440 potestatem,
1313 4370 1530 4442 autqnicqnam
1544 4370 1579 4424 de
1600 4369 1687 4425 rebus
1710 4384 1813 4438 mona,-

51 4464 98 4515 tus
124 4457 248 4514 antistes
279 4470 438 4529 omnesque
464 4454 508 4510 sui
541 4469 717 4511 successores
746 4470 781 4510 ex
809 4455 912 4511 eodem
963 4457 1082 4513 eborum
1098 4456 1221 4529 sibiipsi
1237 4457 1281 4512 val
1297 4455 1379 4511 nobis
1402 4463 1453 4512 ant
1471 4457 1681 4513 successoribus
1709 4457 1813 4513 nostris

52 4546 192 4603 mrtitero
215 4544 252 4601 ad
278 4560 363 4602 usam
388 4543 546 4616 prelibatae
580 4541 707 4598 ecclesio
740 4547 911 4614 potestatem
965 4559 1103 4615 usurpare
1137 4548 1295 4615 prasumat
1320 4543 1382 4599 sine
1405 4544 1553 4611 minoto,
1577 4562 1664 4616 quero
1687 4561 1813 4617 presens

53 4635 184 4693 tabum
204 4633 267 4689 sine
281 4633 361 4688 omui
384 4631 585 4689 malivolorum
608 4629 834 4686 contradictione
858 4631 909 4685 laa-
963 4631 1117 4701 abbatissa,
1131 4638 1159 4687 et
1173 4648 1239 4704 qnos
1253 4632 1280 4687 ai
1296 4632 1460 4699 succedant,
1485 4632 1517 4687 in
1544 4633 1623 4689 hrrnc
1646 4650 1730 4689 usum
1753 4632 1813 4687 ele·

54 4722 155 4790 bandi,
165 4720 374 4787 commutandi,
385 4726 414 4775 et
434 4718 575 4792 quidquid
597 4717 653 4775 sibi
667 4718 793 4787 libuerit,
809 4718 912 4774 exinde
963 4719 1058 4791 garint
1072 4724 1101 4774 et
1113 4718 1325 4785 constituerint,
1341 4717 1393 4788 qui
1403 4719 1491 4774 etlam
1513 4719 1622 4791 inipso
1638 4719 1813 4776 monasterio

53 4809 190 4868 laciendi.
217 4809 253 4864 Et
280 4814 313 4864 ut
344 4809 407 4865 berc
438 4807 553 4865 traditio
589 4812 696 4862 nostras
722 4807 911 4874 auctoritatis,
964 4807 1035 4863 etin
1067 4807 1137 4863 locis
1157 4808 1218 4878 ejus
1233 4805 1310 4861 aliud
1339 4806 1393 4860 sibi
1422 4822 1482 4862 non
1510 4806 1643 4878 imponat
1664 4805 1814 4879 potestatis

56 4899 170 4975 quein
184 4897 239 4954 Ilei
251 4898 401 4954 voluntate
413 4901 443 4953 et
460 4897 498 4952 ob
515 4895 678 4952 remedium
687 4895 792 4950 anime
807 4898 912 4950 nostre
964 4895 1092 4952 officium
1114 4899 1164 4950 ant
1191 4893 1288 4965 exigat
1310 4893 1470 4962 seruitium,
1492 4894 1549 4950 nisi
1574 4894 1651 4966 quod
1671 4892 1814 4950 abbatissa

56 4990 130 5046 lecta
143 4991 200 5054 est,
221 4985 341 5054 tirmior,
367 4985 496 5041 stabilior
518 4983 739 5055 diuturniorque
763 4984 825 5051 liet,
839 4983 913 5039 benc
964 4999 1030 5039 cnm
1044 4982 1132 5038 sacris
1146 4981 1293 5036 sororibus
1305 4980 1349 5035 illi
1367 4981 1582 5054 praescripserit.

56 5077 195 5151 peginam
219 5079 318 5131 nostra
341 5089 430 5130 manu
455 5072 574 5146 propria
596 5072 813 5128 corroborantes
836 5071 914 5143 sigil·
1001 5071 1212 5128 Contlrmamus
1237 5069 1324 5123 etiam
1353 5070 1448 5126 cidens
1482 5069 1657 5125 monasterio
1671 5067 1812 5140 quidquid

58 5163 276 5234 larijussimus.
966 5159 1006 5214 ibi
1022 5172 1150 5229 nuquam
1170 5173 1222 5228 per
1244 5172 1328 5228 reges
1350 5164 1378 5213 et
1409 5157 1598 5228 imperatores
1628 5156 1815 5227 praeceptoria

90 5254 209 5322 &muas
236 5251 329 5307 domni
346 5251 480 5307 Bootes·
509 5252 583 5318 sepis
608 5249 791 5304 invictissimi.
816 5250 916 5316 (Mono-
966 5248 1040 5318 iege,
1061 5245 1119 5301 sive
1131 5262 1184 5317 per
1204 5245 1292 5301 duces
1306 5245 1351 5299 vel
1364 5244 1434 5298 alios
1458 5243 1563 5300 Christi
1584 5243 1677 5301 tidelis
1690 5244 1722 5300 in
1745 5261 1814 5316 qno·

59 5344 209 5410 pumma.)
966 5350 1080 5406 cunque
1092 5349 1168 5406 pago
1187 5335 1231 5389 sel
1259 5332 1396 5388 comitatu
1417 5332 1512 5403 eliqua
1539 5333 1677 5389 traditum
1692 5334 1735 5389 vel
1750 5349 1816 5390 con·

94 5429 261 5501 Egitbertus
279 5428 466 5484 cancellarius
479 5425 537 5482 sice
557 5423 691 5497 willigisi
713 5424 915 5496 archicapella-
967 5438 1079 5479 mesum
1114 5424 1156 5478 est
1183 5421 1341 5488 oblatione,
1355 5436 1420 5475 curn
1445 5419 1572 5476 curtibus
1603 5425 1633 5478 et
1654 5421 1813 5487 curtililsne.

62 5517 89 5571 ni
103 5516 269 5587 recognovi.
970 5509 1111 5577 edificiis,
1126 5508 1287 5579 mancipiis,
1313 5508 1495 5576 molendinis,
1511 5509 1665 5583 aquimolis
1692 5509 1725 5567 iu
1737 5514 1815 5566 utra·
