3878 6112
61 291 116 345 845
554 285 788 345 uacuatouuu
811 289 903 345 hllllll
922 289 977 346 xx.
993 319 1029 332 -
1048 290 1151 347 LIBER
1170 289 1333 348 bucinus.
1765 299 1817 354 utu

10 426 12 433 ·
61 416 205 484 qnantum
234 411 324 483 possit
346 410 377 465 in
411 410 495 464 aeriis
524 410 692 481 corporibus
720 426 820 464 sensus
853 428 914 466 esse
934 417 1035 468 Arum
1061 413 1214 466 malefacta
1241 413 1436 470 suadere:de
1459 430 1582 487 quorum
1602 416 1730 472 moribus
1748 420 1818 474 certi

60 502 167 569 aerim,
195 516 248 554 nee
273 499 338 554 idco
366 503 463 553 tamen
493 498 647 563 demones,
676 498 726 568 qui
753 515 787 552 eo
801 499 915 569 praediti
972 507 1048 569 ιιιιιι,
1081 500 1156 571 quod
1177 502 1234 555 sint
1258 502 1299 555 eis
1328 502 1396 556 talia
1424 504 1609 559 suadentibus
1641 507 1816 563 consensuri.

59 593 139 655 sunt,
158 588 241 643 bonis
254 586 420 641 hominibus
433 585 646 656 praeponendos
656 586 782 657 prudens
793 586 916 657 quisque
970 587 1096 643 Suadent
1111 593 1207 642 eutem
1223 589 1304 642 miris
1318 594 1346 643 et
1360 589 1552 646 invisibilibus
1567 592 1660 646 modis
1674 593 1818 664 perillam

60 677 220 732 censuerit.
245 676 304 730 Hoc
325 679 354 728 et
376 675 411 729 de
435 689 588 745 corporum
612 674 757 728 celeritate
783 674 914 728 dicimus.
970 675 1155 729 subtilitatem
1184 691 1337 747 corporum
1361 693 1492 745 suornm,
1520 695 1640 749 corpora
1667 680 1818 736 hominum

63 766 98 820 lit
122 765 177 819 hac
207 764 285 818 enim
315 762 481 834 prestantia
510 777 570 815 non
600 762 692 816 solnm
717 778 733 815 a
755 761 916 815 volucribus
971 779 1029 817 non
1054 763 1240 817 sentientium
1267 765 1456 835 penetrando,
1481 771 1510 821 et
1537 783 1566 821 se
1595 767 1818 838 cogitationibus

60 853 210 920 homines,
232 867 334 906 verum
348 867 365 905 a
380 851 480 905 multis
507 851 594 904 etiam
617 850 852 921 quadrupedibus
875 850 916 904 ita
970 867 1070 905 eorum
1090 866 1142 921 per
1157 851 1290 922 quedam
1314 852 1487 923 imaginaria
1500 854 1560 909 visa
1573 855 1732 920 miscendo,
1758 857 1817 915 sive

59 947 249 1014 superamur,
264 946 297 995 ut
311 941 341 995 in
356 955 458 995 eorum
482 942 698 1010 comparatione
718 939 847 1009 plumbei
863 939 916 993 de·
969 939 1162 1010 vigilantium,
1176 940 1234 993 sive
1249 939 1465 997 dormientium.
1478 941 1640 1013 Aliquando
1650 949 1747 999 autem
1759 961 1818 1001 non

58 1030 187 1102 putandi
198 1031 265 1097 sint,
288 1044 342 1084 nec
355 1034 453 1082 tamen
477 1028 543 1082 ideo
559 1028 613 1082 sibi
638 1028 698 1081 base
725 1027 914 1081 animantium
970 1044 1035 1099 que
1055 1027 1111 1100 ipsi
1131 1027 1250 1093 iaciunt,
1264 1029 1314 1084 sed
1338 1045 1404 1101 quae
1420 1032 1599 1086 naturalibus
1616 1032 1705 1103 signis
1720 1033 1819 1091 lutura

60 1131 171 1189 &nera
186 1117 352 1172 existimant
371 1115 577 1187 preponenda,
601 1117 707 1187 quibus
721 1115 866 1186 capiendis
887 1120 916 1169 et
969 1123 1163 1188 praenoscunt,
1182 1133 1247 1188 quoe
1271 1117 1353 1189 signa
1371 1119 1402 1173 in
1425 1119 1576 1176 hominum
1602 1136 1702 1176 sensus
1721 1124 1818 1179 venire

59 1205 336 1271 mansuefaciendis,
365 1211 451 1275 atque
478 1207 508 1258 in
542 1219 602 1258 suae
630 1204 784 1258 voluntatis
818 1219 914 1270 usum,
969 1222 1027 1260 non
1043 1211 1173 1277 possunt,
1189 1211 1256 1261 ante
1271 1207 1442 1276 predicunt.
1457 1209 1553 1279 Neque
1569 1210 1647 1264 enini
1662 1209 1731 1281 quia
1745 1227 1818 1283 prse-

59 1294 307 1365 commodumque
330 1291 505 1362 redigendis,
527 1308 588 1347 non
607 1292 787 1362 ricorporis,
803 1292 852 1345 sed
869 1307 914 1346 ra·
969 1295 1048 1348 videt
1073 1295 1202 1350 medicus
1231 1295 1308 1367 quod
1335 1297 1494 1366 previdere
1523 1298 1615 1353 nescit
1638 1299 1723 1370 hujus
1747 1300 1818 1355 artis

59 1382 153 1437 tionis
171 1376 350 1453 imperitant.
368 1382 448 1435 lllam
471 1396 539 1435 reru
553 1380 666 1434 tertiam
682 1379 847 1434 demonum
861 1395 915 1450 po·
968 1381 1097 1452 ignarus,
1121 1382 1187 1437 ideo
1198 1384 1258 1453 jam
1281 1383 1395 1438 divinus
1421 1384 1570 1440 habendus
1592 1391 1644 1441 est.
1665 1386 1742 1452 Quid
1765 1404 1817 1442 aa·

59 1470 198 1533 tentiam,
223 1469 301 1542 quod
326 1470 462 1524 diuturna
484 1484 580 1523 rerum
605 1469 791 1539 experientia,
816 1482 916 1538 quem·
969 1474 1027 1524 tem
1040 1470 1157 1532 mirum,
1172 1471 1196 1524 si
1211 1472 1456 1542 quemadmodum
1472 1473 1520 1527 ille
1533 1473 1563 1528 in
1574 1474 1703 1546 corporis
1717 1475 1818 1532 huma·

59 1558 222 1613 admodum
251 1563 448 1629 praenoscant,
475 1564 561 1628 atque
587 1557 796 1628 praenuncient,
825 1556 915 1609 multa
969 1558 1262 1630 ni,relperturbuta,
1279 1560 1322 1614 vel
1339 1560 1503 1615 modificata
1526 1562 1676 1633 temperie,
1693 1579 1744 1618 seu
1763 1564 1817 1619 bo·

58 1647 237 1713 didicerunt,
262 1647 303 1701 ita
326 1651 525 1714 contemnunt,
542 1646 592 1717 qui
618 1647 678 1700 hee
692 1645 844 1716 vigilanter
866 1659 913 1697 cu·
930 1683 950 1737 B
969 1664 1031 1713 nas,
1047 1662 1098 1701 seu
1114 1649 1204 1702 malas
1218 1648 1328 1702 suturas
1344 1648 1483 1719 praevidet
1496 1649 1686 1717 valetudines,
1701 1651 1741 1705 sic
1755 1650 1818 1707 de·

58 1740 163 1791 rante
187 1735 343 1790 verissimus
360 1734 432 1788 lueis
460 1735 577 1789 veritate
604 1735 776 1800 discernere,
807 1738 839 1786 ut
863 1748 916 1787 nec
970 1736 1081 1789 monin
1097 1735 1170 1790 aeris
1193 1735 1355 1804 affectione,
1370 1741 1458 1808 atquc
1472 1736 1654 1794 ordinatione
1668 1738 1724 1792 sibi
1738 1743 1816 1807 nota,

59 1824 159 1879 malos
173 1839 256 1879 senes
277 1825 361 1895 plura
377 1828 511 1894 expertos
531 1829 560 1878 et
575 1823 611 1877 ob
628 1824 681 1877 boc
696 1823 779 1893 quasi
803 1823 915 1877 doetio·
969 1824 1052 1879 nobis
1065 1825 1174 1895 ignota,
1189 1824 1299 1879 futuras
1313 1824 1453 1895 praevidet
1462 1827 1819 1899 tempestatestaliqnan-

59 1912 193 1968 resideo
213 1912 299 1982 probi
323 1912 519 1966 adolescentes
542 1911 597 1965 sibi
623 1911 792 1965 antecellere
817 1910 914 1964 existi·
970 1912 1006 1966 do
1021 1917 1049 1967 et
1070 1911 1221 1967 hominum
1236 1912 1449 1983 dispositiones,
1471 1929 1529 1967 non
1544 1913 1637 1968 solum
1662 1930 1731 1970 voce
1745 1931 1817 1986 pro·

58 2006 155 2066 nant,
184 2005 216 2055 ιιι
240 2015 293 2055 nee
322 2000 458 2066 medicos,
485 2015 537 2054 nec
561 2004 673 2067 nautas,
698 2014 751 2053 nee
775 2000 915 2069 agricolas
969 2001 1049 2068 latas,
1069 2016 1168 2055 verum
1188 2000 1275 2055 etiarn
1291 2001 1467 2072 cogitatione
1477 2007 1639 2072 conceptas,
1650 2018 1716 2058 cum
1735 2005 1817 2075 signa

62 2104 142 2161 qnos
161 2103 259 2159 pravae
281 2088 437 2143 voluntatis
460 2091 489 2143 et
503 2087 611 2158 iniquis
634 2087 764 2141 moribus
779 2086 913 2153 viderint,
968 2088 1102 2160 quedam
1118 2104 1152 2142 ex
1168 2089 1265 2143 animo
1286 2089 1489 2160 exprimuntur
1502 2089 1534 2143 iu
1548 2104 1678 2161 corpore,
1694 2096 1753 2147 tota
1774 2092 1816 2147 la·

62 2175 133 2232 ideo
155 2176 328 2249 putentsibi
347 2192 408 2230 esse
429 2175 635 2246 preterendos,
659 2172 735 2245 quod
751 2173 793 2227 illi
807 2172 843 2226 de
865 2187 913 2225 va·
968 2176 1075 2231 cilitate
1101 2176 1277 2247 perdiscunt,
1298 2181 1384 2248 atque
1408 2176 1475 2231 hinc
1490 2177 1576 2231 etiam
1601 2179 1692 2233 multa
1720 2179 1817 2235 futura

62 2264 257 2331 latudinibus,
271 2265 313 2319 illi
328 2263 363 2318 de
380 2263 611 2335 tempestatibus,
627 2262 668 2316 illi
685 2263 720 2317 de
732 2262 913 2315 arbustorum
968 2265 1181 2335 praenuueiaut,
1203 2264 1267 2318 aliis
1289 2264 1424 2319 videlicet
1437 2264 1521 2333 mira,
1536 2263 1587 2335 qui
1607 2264 1662 2319 ista
1676 2263 1817 2332 disposita

60 2352 271 2424 fluctuumque
294 2352 449 2421 generibus
474 2351 565 2404 multa
588 2350 628 2403 ita
647 2348 857 2420 pronunciant,
882 2351 915 2402 ut
969 2368 1028 2406 non
1044 2358 1193 2407 noverunt.
1209 2353 1287 2407 Sient
1310 2353 1386 2407 enim
1406 2357 1526 2423 apparet
1542 2352 1713 2407 concitatior
1726 2352 1817 2408 animi

62 2441 172 2495 harum
194 2455 291 2495 renim
312 2440 461 2509 inexperto
484 2438 613 2493 divinare
641 2436 801 2491 rideantur.
831 2435 913 2500 Quod
968 2445 1065 2495 motus
1078 2441 1109 2494 in
1133 2442 1224 2506 vultu,
1241 2447 1274 2495 ut
1288 2440 1323 2494 ab
1336 2439 1503 2495 hominibus
1517 2456 1632 2511 quoque
1650 2440 1757 2512 aliquid
1772 2441 1834 2495 lo·¹

59 2544 134 2585 vero
145 2545 206 2584 non
220 2530 311 2584 solum
327 2528 460 2600 quedam
474 2528 619 2582 demones
633 2525 731 2580 futura
741 2523 913 2595 predicunt,
968 2528 1097 2583 rinseeus
1111 2532 1282 2600 agnoscatur
1296 2527 1372 2600 quod
1394 2527 1566 2584 intrinsecus
1581 2529 1686 2600 agitur,
1702 2528 1742 2583 ita
1756 2544 1817 2585 non

58 2617 263 2673 verumetiam
277 2617 409 2688 quaedam
420 2616 537 2683 iaciunt,
548 2631 601 2686 pro
613 2614 676 2685 ipsa
689 2613 787 2684 utique
798 2613 843 2668 sui
854 2629 915 2667 cor·
968 2616 1053 2672 debet
1076 2633 1136 2672 esse
1164 2617 1332 2672 incredibile
1356 2616 1380 2670 si
1405 2616 1492 2671 ctiam
1515 2617 1640 2672 leniores
1664 2616 1815 2688 cogitatio·

60 2707 147 2778 poris
155 2706 332 2773 excellentia,
344 2721 396 2760 eur
405 2720 463 2760 non
472 2707 673 2759 contemnatur
687 2719 704 2756 a
713 2702 912 2774 prudentibus,
969 2720 1020 2758 nes
1036 2705 1104 2760 dant
1122 2705 1219 2777 aliqua
1233 2706 1381 2776 signaper
1394 2721 1507 2776 corpus,
1532 2720 1596 2776 quae
1612 2705 1715 2760 obtuso
1731 2721 1817 2761 sensu

62 2810 133 2850 curn
150 2795 282 2867 plerique
296 2794 390 2864 iniqui
402 2809 435 2849 ac
448 2793 556 2864 perditi
572 2792 705 2846 homines
715 2791 755 2845 ita
764 2794 914 2846 exerceant
968 2792 1119 2848 hominum
1132 2795 1266 2863 cognosci
1280 2809 1340 2847 non
1356 2799 1484 2864 possunt,
1501 2799 1584 2848 acuto
1599 2798 1695 2848 autem
1711 2794 1817 2849 demo-

60 2898 188 2956 corpora
201 2900 263 2950 sua,
277 2889 445 2953 tantamque
455 2879 692 2956 divorsisartibus
704 2879 826 2949 possint,
840 2884 871 2933 ut
880 2894 914 2933 ea
967 2897 1038 2936 num
1054 2885 1183 2952 possunt.
1208 2882 1266 2937 Hac
1280 2885 1366 2952 atque
1381 2881 1549 2951 hujusmodi
1562 2882 1707 2949 facultate,
1726 2883 1817 2938 multa

61 2973 115 3046 qni
130 2973 196 3028 hec
208 2973 349 3039 ιιιιιιιιιιι,
363 2985 417 3026 nec
426 2969 582 3041 aliquando
597 2968 740 3034 viderunt,
753 2969 839 3022 etiam
852 2984 915 3022 nar·
929 2960 950 3016 C
968 2970 1113 3024 daemonas
1125 2969 1223 3023 tritura
1236 2969 1446 3039 praenunciant,
1462 2986 1528 3024 curn
1541 2974 1639 3024 tamen
1654 2970 1690 3025 eb
1701 2971 1742 3024 eis
1757 2970 1817 3025 lon·

63 3060 191 3116 cauria
212 3060 339 3116 credant.
356 3060 447 3124 Quam
463 3059 553 3113 multa
568 3055 741 3122 funambuli,
760 3057 913 3127 celerique
969 3074 1005 3129 ge
1018 3058 1054 3112 sit
1068 3057 1189 3112 altitudo
1212 3057 1290 3113 illius
1304 3058 1464 3129 prophetie
1480 3074 1567 3129 quani
1592 3058 1816 3129 beuspersan·

63 3149 176 3206 theatri
199 3149 321 3204 artilices
336 3165 343 3204 :
361 3163 448 3219 quam
464 3147 554 3201 multa
578 3145 704 3215 opifices,
733 3145 914 3217 maximeque
968 3151 1027 3201 ctos
1045 3146 1163 3217 angelos
1186 3145 1545 3217 etprophetasoperatur.
1564 3147 1636 3201 Nam
1657 3147 1764 3219 siquid
1780 3147 1816 3203 da

66 3237 229 3293 mechanici
251 3235 383 3292 mutanda
409 3234 561 3290 lecerunt?
590 3234 664 3288 Num
688 3233 753 3288 ideo
781 3235 914 3288 meliores
968 3234 1018 3288 illa
1040 3235 1090 3289 liei
1114 3234 1300 3305 dispositione
1320 3234 1528 3304 praenunciant,
1556 3235 1677 3289 andiunt
1697 3241 1815 3308 utprae·
1919 3257 1923 3261 ·

64 3331 134 3382 sunt
158 3326 252 3391 bonis,
270 3332 299 3381 et
322 3329 418 3380 sancta
441 3323 549 3395 pietate
574 3321 701 3392 praeditis
723 3321 915 3376 hominibus?
969 3322 1118 3391 nuncient,
1141 3329 1170 3377 et
1191 3338 1255 3376 cum
1272 3338 1305 3376 ea
1328 3321 1490 3393 praedicunt
1510 3339 1575 3394 quas
1591 3323 1658 3378 inde
1684 3325 1815 3392 audiunt,

64 3414 136 3481 Quae
153 3415 220 3470 ideo
236 3413 536 3480 commemoravimus,
552 3415 584 3464 at
602 3409 725 3481 qaihaec
746 3410 808 3464 sine
822 3409 914 3480 pervi-
968 3426 1029 3465 non
1056 3410 1160 3465 fallunt
1184 3427 1192 3465 ι
1217 3411 1398 3465 veracissima
1424 3412 1503 3465 enim
1528 3416 1597 3466 sunt
1624 3414 1762 3483 angelica,
1787 3417 1817 3469 et

63 3504 155 3570 cacia,
171 3508 201 3558 et
213 3503 275 3558 sine
291 3518 365 3556 vana
379 3499 529 3556 resistendi
545 3498 727 3554 animositate
742 3497 913 3562 considerat,
969 3498 1136 3569 prophetica
1165 3498 1291 3552 oracula.
1314 3497 1359 3552 Sic
1383 3504 1479 3553 ιιιιιιιι
1503 3498 1689 3569 indignanter
1711 3501 1816 3573 accipi-

64 3592 153 3648 simul
168 3592 285 3663 cogitet,
302 3591 326 3645 si
340 3590 375 3645 de
391 3588 550 3660 subjacenti
572 3586 710 3642 crassiore
725 3584 855 3649 rnateria,
869 3583 913 3637 vel
969 3592 1026 3652 tur,
1043 3585 1120 3655 quod
1130 3585 1228 3656 aliqua
1239 3584 1326 3639 otiam
1336 3585 1406 3639 talia
1418 3585 1564 3640 daemones
1577 3586 1696 3641 audiant
1708 3594 1735 3642 ct
1745 3604 1817 3660 pne·

64 3681 110 3736 ini
133 3678 259 3752 quisque
280 3678 419 3750 eorporis,
441 3677 594 3742 velterrae,
614 3679 642 3729 et
656 3689 749 3745 aquae,
773 3672 913 3743 lepidum,
968 3672 1075 3740 dicant,
1100 3672 1184 3743 quasi
1207 3671 1317 3744 aliquid
1344 3672 1499 3744 indignum
1522 3674 1568 3740 sit,
1594 3679 1626 3728 ut
1650 3676 1729 3746 quod
1750 3676 1817 3732 ideo

64 3773 153 3841 atque
167 3768 324 3838 lignorum,
341 3765 583 3837 metallorumque
597 3762 742 3818 variorum
758 3765 838 3815 tanta
853 3760 916 3832 qni·
969 3759 1075 3815 dicitur
1108 3763 1138 3814 ut
1156 3760 1324 3815 hominibus
1356 3760 1527 3828 innotescat,
1556 3761 1697 3846 hocknon
1723 3763 1818 3819 solum

66 3856 133 3913 dem
146 3855 282 3911 homines
304 3859 435 3927 possunt,
450 3858 484 3907 ut
499 3869 547 3908 cos
568 3853 612 3907 illi
631 3851 681 3922 qui
695 3851 755 3905 haec
773 3865 832 3904 non
847 3864 914 3920 pos·
968 3849 1050 3915 boni,
1072 3865 1173 3904 rerum
1197 3848 1283 3904 etiam
1302 3848 1371 3903 mali
1385 3864 1445 3903 non
1458 3854 1581 3916 taceant,
1610 3866 1676 3905 cum
1701 3851 1731 3905 in
1746 3851 1817 3923 ipsis

68 3950 147 4011 runt,
160 3943 335 4016 plerumque
350 3943 489 4014 stupendo
510 3943 539 3996 in
554 3941 597 3995 sui
612 3938 825 4010 comparatione
843 3937 914 3992 divi·
969 3937 1135 3993 hominibus
1150 3938 1236 3993 eliam
1258 3938 1323 3991 vite
1338 3937 1422 3992 bonae
1437 3943 1580 4009 precepta
1599 3938 1748 3995 rideamus
1763 3957 1817 4012 pa-

67 4049 119 4090 nos
140 4036 253 4098 vocent,
268 4048 332 4086 cum
347 4031 464 4103 quidam
480 4031 596 4085 illorum
611 4029 670 4083 sint
688 4027 797 4081 artibus
811 4030 914 4097 poten·
969 4027 1039 4080 riter
1063 4043 1078 4081 e
1103 4025 1189 4096 justis
1212 4025 1409 4097 perversisque
1428 4026 1547 4095 cantari,
1573 4028 1737 4082 necobesse
1763 4029 1817 4084 ali·

67 4122 166 4189 tiores,
190 4121 308 4192 quidam
332 4119 454 4174 istorum
476 4118 605 4173 moribus
631 4116 764 4171 meliores
785 4122 915 4185 :quanto
970 4114 1051 4185 quid,
1067 4114 1125 4168 imo
1145 4114 1232 4168 ιιιιιιι
1247 4114 1382 4185 prodesse
1397 4115 1433 4169 ιιι
1449 4115 1588 4189 majorem
1610 4114 1757 4181 noticiam,
1773 4116 1817 4172 la-

68 4209 190 4266 mcliora
203 4215 232 4264 ιι
245 4207 356 4279 majora
374 4224 427 4278 pro
441 4206 621 4261 subtilissimi
642 4204 778 4276 eorporis,
793 4203 846 4257 hoc
861 4208 912 4270 est,
928 4229 951 4284 D
971 4218 1106 4274 mamque
1131 4201 1267 4267 veritatis,
1296 4217 1361 4257 cum
1383 4203 1418 4257 de
1443 4203 1493 4256 illa
1511 4203 1598 4259 etiam
1619 4204 1649 4258 hi
1674 4204 1817 4276 quidquid

69 4297 139 4353 aerii
160 4297 307 4359 facultate,
329 4311 362 4351 ac
384 4294 518 4351 facilitate
535 4293 681 4348 demones
704 4291 825 4363 possint,
849 4307 915 4345 cum
973 4295 1123 4356 noverunt,
1150 4289 1258 4355 dieunt,
1275 4288 1327 4360 qui
1348 4289 1375 4344 si
1388 4290 1529 4361 perversis
1552 4290 1680 4346 moribus
1700 4298 1817 4347 contra·

69 4390 164 4442 ιιιιιιιι
180 4385 238 4440 sint
259 4399 355 4457 pravae
378 4381 544 4449 voluntatis,
571 4382 753 4451 maximeque
774 4379 915 4450 snperbia
969 4376 1078 4431 dicunt.
1103 4377 1134 4431 ln
1147 4376 1257 4430 caeteris
1272 4381 1368 4431 avitum
1384 4377 1443 4431 suis
1457 4378 1692 4448 praedictionibus
1706 4380 1817 4436 demo·

10 4492 26 4537 μ
71 4474 154 4542 hsta,
180 4479 210 4528 et
230 4471 355 4541 evidenti
375 4471 485 4527 malitia
510 4470 628 4540 spiritus
652 4467 805 4536 immundi,
830 4474 915 4539 atque
969 4482 1019 4520 nes
1034 4465 1205 4536 plerumque
1225 4469 1254 4519 ιι
1268 4464 1372 4519 fallunt
1387 4470 1417 4520 ct
1431 4465 1571 4520 falluntur
1594 4466 1708 4538 quidem
1727 4467 1817 4540 :quia

72 4561 205 4633 μηρηί.
221 4561 366 4627 Quantum
390 4565 489 4615 antem
513 4557 607 4612 valeat
631 4557 706 4611 aeris
728 4556 913 4622 elementum,
969 4568 1032 4607 cum
1056 4568 1121 4606 suas
1146 4553 1348 4624 dispositioncs
1370 4554 1579 4624 praenunciant,
1602 4571 1636 4609 ex
1661 4556 1816 4626 improviso

10 4652 21 4695 -'.
73 4665 124 4722 qno
142 4666 245 4706 coram
260 4665 380 4722 corpora
392 4648 552 4721 praevalent
565 4646 600 4701 ad
617 4646 707 4700 multa
726 4643 851 4698 visibilia
870 4644 913 4697 vi·
968 4642 1094 4711 desuper
1117 4641 1224 4712 aliquid
1248 4640 1375 4712 jubetur,
1396 4642 1471 4711 quod
1489 4642 1724 4697 eorumconsilia
1745 4658 1816 4697 cun·

10 4720 20 4739 ³
73 4740 189 4795 ribilitcr
206 4738 363 4807 molienda,
390 4737 542 4802 movenda,
566 4734 714 4799 mutanda,
739 4737 825 4804 atque
853 4748 914 4786 ver·
968 4735 1014 4783 cta
1040 4729 1212 4801 perturbat:
1236 4729 1314 4783 relat
1338 4727 1363 4781 si
1386 4729 1495 4799 aliquid
1511 4729 1666 4801 disponant
1694 4730 1817 4799 quilibet
1873 4751 1878 4760 ’

73 4829 165 4897 unda,
190 4828 309 4898 longam
325 4831 368 4880 est
391 4840 468 4879 nunc
496 4825 704 4888 demonstrare,
729 4826 758 4876 et
778 4825 913 4891 putamus
969 4818 1100 4872 homines
1121 4817 1283 4888 quibusque
1304 4816 1496 4887 potestatibus
1512 4816 1630 4883 subditi,
1655 4818 1730 4888 quud
1755 4833 1816 4873 non

71 4916 143 4989 quod
156 4916 203 4971 rel
218 4913 401 4970 mediocriter
415 4911 609 4967 consideranti
623 4909 705 4965 facile
719 4912 858 4963 occurrat.
968 4906 1165 4977 prohibituros
1188 4920 1254 4958 suos
1269 4903 1439 4974 prepositos
1459 4904 1645 4972 arbitrentur,
1669 4905 1756 4977 idque
1770 4906 1816 4961 la-

171 5003 238 5060 Car.
253 5003 343 5058 llLVl.
357 5030 391 5041 -
405 5004 443 5056 De
457 5000 627 5055 dialecticae
647 4997 807 5053 damonum.
968 4999 1064 5049 cturos
1086 5008 1116 5047 sc
1144 5008 1205 5046 esse
1219 4991 1377 5062 promittat,
1402 4997 1431 5047 at
1455 4991 1496 5046 illi
1517 5007 1604 5063 penes
1628 5008 1700 5064 quos
1723 4993 1816 5064 major

101 5092 160 5163 (Ru
169 5086 744 5162 duticejusdem.)igiturnuneprimum
766 5083 915 5139 sciendum
968 5084 1093 5152 potestas
1116 5082 1168 5145 est,
1195 5078 1299 5132 exalio
1325 5076 1472 5148 superiore
1502 5077 1621 5133 consilio
1648 5078 1703 5133 boc
1722 5082 1815 5136 totuin

71 5184 117 5246 ast,
130 5179 272 5253 qnoniam
288 5179 323 5234 do
338 5177 515 5232 divinatione
536 5177 701 5231 demonum
725 5172 847 5244 quaestio
861 5176 913 5235 est,
969 5167 1140 5238 dispositum
1164 5171 1250 5237 etque
1275 5171 1469 5236 praeparatum
1491 5169 1610 5236 repente
1633 5165 1814 5237 prohibeant.

71 5265 129 5324 illoc
141 5284 177 5324 aa
191 5268 352 5340 plerunque
366 5264 565 5337 praenunciare
576 5279 641 5334 quae
652 5262 707 5332 ipsi
721 5259 822 5315 facturi
837 5264 912 5315 sunt.
969 5258 1119 5314 Fallunlur
1133 5254 1220 5309 ctiam
1235 5270 1300 5309 cum
1314 5254 1407 5308 causis
1420 5254 1611 5324 naturalibus,
1627 5256 1701 5311 sicut
1722 5257 1815 5312 medi-

71 5355 220 5427 lccipiunt
241 5354 320 5409 euim
341 5369 416 5424 sepe
431 5356 603 5423 potestatem
618 5354 647 5404 et
661 5348 780 5402 morbos
801 5346 914 5401 immit·
968 5343 1003 5412 ci,
1020 5348 1049 5398 ιι
1071 5349 1193 5412 naturae,
1216 5349 1246 5397 et
1265 5343 1410 5414 agricole,
1427 5341 1477 5397 sed
1502 5343 1587 5413 longe
1601 5344 1725 5415 acubus,
1749 5345 1816 5402 lon·

71 5445 137 5514 lere,
151 5448 182 5500 et
196 5443 293 5514 ipsum
309 5438 547 5497 aeremritiando
562 5436 727 5493 morbidum
741 5434 871 5498 reddere,
886 5437 915 5488 et
968 5448 1061 5504 geque
1089 5430 1271 5504 prestantius
1299 5446 1351 5503 pro
1375 5429 1434 5485 aeri
1462 5430 1591 5504 corporis
1615 5448 1701 5490 sensu
1724 5434 1815 5490 soler·

70 5532 208 5603 ιιπιιιιι
234 5536 321 5603 atque
344 5528 521 5587 amatoribus
543 5533 725 5583 terrenorum
747 5522 913 5579 commodo·
968 5521 1042 5578 tiore
1076 5526 1105 5577 et
1136 5518 1309 5576 excitatione
1341 5525 1526 5592 prenoscens
1554 5536 1561 5576 ι
1592 5522 1662 5594 quia
1692 5526 1722 5578 et
1753 5521 1815 5578 haee
