3878 6112
453 304 695 366 DECRETORU!
714 305 808 365 Llliltl
826 307 879 365 Alb
902 335 937 348 -·
956 306 1061 364 tinnit
1081 305 1219 363 rutilus.
1659 311 1712 368 bii

70 444 119 503 epe
133 426 254 501 questio
268 427 303 484 de
317 428 392 482 male
407 434 524 500 accepto
542 429 651 486 honore
665 434 808 497 nascetur,
823 432 846 484 A
935 428 1000 484 Cer.
1013 428 1096 486 xvn.
1110 458 1145 469 -
1160 428 1202 484 De
1216 429 1293 484 laicis
1308 443 1360 485 noa
1375 434 1472 486 temere
1483 431 1641 499 laciendum

70 516 169 589 abigat
193 531 377 588 nequaquam
402 523 432 571 et
451 516 488 572 ab
511 517 572 572 istis
598 534 660 574 esse
679 518 812 574 tribuen·
1215 501 1360 570 θΡῑΜθΡθῑ·

70 605 128 663 uod
144 620 201 661 non
216 598 354 659 doceatur
369 603 456 658 tuine
475 605 611 661 collatum
624 606 639 662 t
652 606 681 662 si
695 606 746 679 qui
760 622 812 661 au·
901 607 958 672 (liu
977 606 1072 662 wecil.
1098 603 1267 673 sardicensi,
1292 621 1353 677 cap.
1377 606 1434 674 13.)
1459 607 1541 663 Osius
1564 608 1714 683 episcopus

71 693 140 749 erici
166 692 283 748 abistis
308 692 543 765 pseudepiscopis
563 693 594 748 in
615 693 657 749 eis
681 694 813 749 Ecclesiis
865 694 960 749 dixit:
988 695 1022 750 Et
1040 694 1095 749 hoc
1115 695 1310 750 necessarium
1335 695 1470 764 arbitror,
1497 700 1529 752 ut
1549 697 1714 768 diligentis-

70 782 177 851 tisunt,
189 797 253 853 qua
263 781 298 836 ad
312 781 445 852 proprios
460 782 607 854 episcopos
616 783 810 854 pertinebant,
865 782 935 837 sime
951 782 1088 850 tractetis,
1108 783 1132 836 si
1145 782 1218 838 torte
1236 787 1285 839 aut
1310 783 1398 852 dives,
1422 790 1473 839 aut
1493 785 1656 842 scolasticus
1678 788 1713 843 de

70 870 149 926 natio
164 884 264 925 eorum
287 884 352 924 cum
368 885 509 924 consensu
528 876 558 924 et
576 870 697 925 consilio
711 871 812 942 prasi·
864 871 937 940 toro,
961 879 1013 927 aut
1033 887 1069 925 ex
1087 870 1321 927 administratore
1347 872 1497 944 episcopus
1513 873 1599 928 luerit
1619 880 1736 946 postu·-

70 973 94 1013 m
112 958 185 1013 iacta
200 960 253 1023 est,
266 960 359 1028 potest
373 961 434 1011 rata
451 956 561 1025 haberi,
586 959 625 1013 ita
647 962 679 1012 ut
697 959 727 1014 in
742 959 812 1030 ipsis
864 960 950 1026 latus,
966 961 1000 1014 ut
1016 974 1076 1014 non
1100 960 1180 1030 prius
1204 959 1365 1027 ordinetur,
1381 959 1437 1015 nisi
1460 966 1528 1016 ante
1551 966 1580 1017 et
1599 962 1714 1018 lecturis

70 1064 89 1103 ts
99 1051 293 1120 perseverent.
310 1046 402 1102 Aliter
416 1052 510 1101 eutem
524 1063 597 1102 rana
621 1046 753 1102 habenda
768 1053 812 1102 est
863 1062 997 1117 munere,
1013 1051 1043 1101 et
1056 1038 1152 1102 officio
1166 1047 1279 1104 diaconi
1293 1053 1344 1103 aut
1358 1048 1518 1120 presbyteri
1530 1050 1627 1118 luerit,
1650 1068 1714 1123 per·

70 1136 147 1205 ratio,
163 1135 233 1208 qnia
247 1150 301 1189 nec
323 1136 385 1191 loco
407 1135 524 1190 tundata
540 1140 592 1203 est,
620 1151 672 1191 nec
686 1136 810 1191 aucuri-
861 1136 978 1191 lunctus
995 1151 1002 1191 ε
1018 1136 1100 1190 etita
1114 1152 1166 1208 per
1180 1135 1438 1208 singulosgradus,
1454 1137 1477 1192 si
1496 1137 1600 1209 dignus
1615 1139 1711 1205 tuerit,

70 1225 154 1281 nnita.
863 1223 999 1279 ascendat
1017 1223 1054 1278 ad
1080 1223 1195 1278 culmen
1217 1223 1408 1296 episcopatus.
1434 1226 1531 1280 Potest
1553 1226 1631 1282 enim
1661 1243 1714 1299 per

70 1332 155 1388 11¹„
176 1330 256 1398 Quod
279 1330 371 1386 „uuus
393 1330 519 1386 mim„-
539 1333 681 1404 ⁶1³me
704 1331 808 1400 debeat,
863 1311 915 1367 has
942 1311 1149 1382 promotiones,
1180 1328 1246 1384 quae
1269 1312 1418 1368 habebunt
1444 1313 1545 1385 utique
1567 1314 1713 1385 prolixum

236 1404 294 1457 nisi
306 1417 340 1457 aa
354 1403 535 1457 conuentione.
862 1404 987 1472 tempus,
1003 1399 1120 1472 probari
1142 1415 1199 1471 que
1213 1400 1269 1455 tide
1284 1399 1331 1468 sit,
1347 1416 1404 1472 qua
1418 1401 1568 1470 modestia,
1584 1419 1641 1474 que
1650 1419 1713 1475 gra·

70 1506 138 1547 reno.
154 1489 311 1558 Aurelian,
322 1506 382 1560 cap.
403 1493 442 1557 2.)
458 1490 561 1545 Nullus
575 1494 618 1546 est
632 1489 810 1546 ordinandus
862 1487 949 1543 ritate
965 1491 994 1543 et
1011 1487 1203 1553 verecundia;
1225 1492 1254 1542 et
1274 1487 1298 1541 si
1323 1487 1429 1559 dignus
1454 1488 1541 1544 inerit
1563 1490 1712 1561 probatus,

70 1595 124 1648 rus,
140 1579 197 1634 nisi
221 1579 381 1634 convocatis
396 1579 507 1635 clericis
520 1584 550 1634 et
571 1579 764 1651 parochianis,
781 1585 810 1635 et
862 1576 960 1632 divino
985 1576 1146 1632 sacerdotio
1168 1575 1351 1632 illustretur:
1374 1576 1443 1648 quia
1461 1577 1633 1634 conveniens
1654 1595 1713 1635 non

70 1684 99 1724 m
113 1666 369 1724 consentientibus.
824 1670 915 1760 Best,
946 1680 999 1721 nec
1024 1665 1097 1720 ratio
1118 1666 1163 1720 rel
1178 1663 1331 1735 disciplina
1353 1665 1473 1736 patitur,
1498 1670 1531 1720 nt
1553 1669 1661 1722 temere
1685 1671 1715 1721 et

70 1775 115 1830 [Η.
129 1803 166 1817 ,
180 1777 217 1829 D,
230 1775 287 1829 iffi,
311 1776 360 1844 qui
374 1776 512 1843 accipiunt
533 1776 668 1840 ,eqimfna
681 1774 809 1830 ecclesia,
864 1752 963 1808 leviter
982 1752 1131 1809 ordinetur
1151 1755 1202 1808 aut
1224 1751 1386 1826 episcopus,
1411 1757 1463 1807 aut
1484 1753 1645 1826 presbyter,
1663 1759 1714 1809 aut

70 1861 101 1901 un
115 1851 141 1901 et
159 1849 266 1900 mactus
280 1846 357 1911 tastu
371 1845 503 1915 superbiae
515 1845 728 1915 paruipeuduat.
863 1840 1011 1908 diaconus,
1031 1840 1082 1912 qni
1096 1839 1257 1912 neophytus
1272 1845 1316 1895 est
1330 1855 1339 1911 ;
1355 1839 1480 1895 maxime
1494 1856 1560 1896 cum
1574 1845 1603 1895 et
1624 1843 1715 1913 magi-

70 1949 145 2004 pertea
168 1933 237 1988 dicit
252 1936 281 2002 z)
309 1933 430 1999 Quidam
458 1938 604 2004 assumpte
629 1933 753 1989 Ecclesia
781 1938 811 1989 et
863 1932 922 1982 ster
936 1927 1068 1999 gentium
1083 1928 1185 1983 beatus
1201 1929 1349 1999 apostolus
1368 1929 1484 1994 Patrius,
1505 1945 1541 1984 ne
1564 1929 1618 1984 hoc
1633 1929 1714 1986 lieret

71 2022 176 2078 divinis
200 2022 357 2089 elevantur,
382 2025 410 2076 et
433 2026 551 2077 cunctos
570 2021 645 2077 tastu
666 2021 809 2094 superbiae
864 2016 1048 2072 denuntiasse
1073 2020 1102 2071 et
1115 2015 1296 2088 prohibuisse
1311 2015 1453 2087 videatur,
1476 2017 1525 2073 sed
1541 2017 1571 2072 hi
1589 2033 1713 2089 quornm
1829 2061 1833 2071 .

70 2110 197 2168 endunt:
223 2110 253 2165 bi
276 2126 360 2165 canes
375 2111 467 2182 magis
483 2125 570 2182 quam
588 2110 732 2182 principes
753 2127 810 2166 no·
862 2118 916 2174 per
943 2104 1063 2176 longum
1086 2107 1201 2174 tempus
1222 2103 1385 2158 examinata
1406 2103 1443 2159 sit
1464 2103 1532 2172 rita,
1556 2109 1586 2160 et
1612 2105 1713 2160 merita

70 2215 120 2255 tur.
863 2191 973 2247 tuerint
986 2191 1184 2263 comprobata.

70 2299 108 2356 ll.
127 2329 161 2339 -
176 2299 217 2353 De
230 2299 286 2353 ittie
300 2299 493 2369 episeopispui
507 2297 646 2368 superbire
660 2299 808 2369 incipiunt.
883 2299 948 2355 Cer.
964 2298 1059 2354 llVlll.
1082 2328 1118 2338 -
1141 2296 1221 2364 Quod
1241 2312 1292 2367 per
1320 2296 1424 2364 aradus
1447 2298 1638 2354 ecclesiasticos
1658 2299 1696 2354 ad

70 2369 150 2426 dictis
171 2370 300 2437 Gregorii
311 2384 391 2439 papa
413 2373 439 2424 et
459 2369 575 2439 apostoli
593 2368 696 2440 Pauli.)
710 2370 809 2424 llnmi·
997 2371 1168 2439 cpiscopatus
1182 2368 1278 2424 debeat
1295 2370 1417 2438 officium
1427 2371 1576 2439 perueniri.

70 2460 96 2512 et
117 2470 178 2512 esse
202 2455 358 2529 episcopus.
375 2456 500 2513 Gradum
516 2457 593 2512 enim
609 2458 810 2513 mensuetudi·
898 2456 956 2525 (lia
979 2456 1051 2513 decr.
1067 2458 1169 2515 Goehst.
1193 2472 1276 2528 pope
1290 2456 1444 2513 Galliarum
1456 2459 1590 2528 episeopis
1609 2459 1711 2524 musis,

70 2543 132 2616 ipit,
156 2559 216 2599 non
240 2544 393 2615 superbia.
418 2546 524 2600 Paulus
539 2546 629 2601 dicit:
658 2546 742 2601 Decet
754 2547 809 2602 hn-
863 2560 924 2602 cau.
941 2544 1161 2618 inluminatos
1175 2560 1242 2599 vero
1257 2545 1406 2617 quosdam,
1422 2544 1524 2600 iratres
1540 2545 1713 2614 charissimi,

70 2632 245 2689 libominem
257 2638 439 2689 mansuetum
455 2650 526 2702 esse,
547 2651 604 2689 non
623 2634 742 2703 elatum,
758 2651 811 2690 nee
864 2633 1022 2705 episcopos,
1037 2633 1088 2705 qui
1103 2632 1190 2689 nullis
1209 2633 1403 2688 ecclesiasticis
1416 2633 1566 2688 ordinibus
1580 2634 1614 2690 ad
1627 2639 1713 2689 tentae

70 2736 129 2776 um.
864 2720 1012 2792 dignitatis
1026 2721 1173 2793 fastigium
1189 2720 1296 2776 tuerint
1322 2720 1458 2790 instituti,
1476 2727 1576 2777 contra
1594 2724 1711 2778 Petrum

72 2827 104 2884 v·
128 2858 163 2867 ..
185 2827 267 2894 Quod
290 2828 474 2884 ordinationes
496 2831 682 2899 episcoporum
705 2835 811 2900 apost,
864 2809 988 2875 decreta,
1007 2809 1094 2881 hujus
1105 2809 1292 2881 usurpatione
1305 2808 1355 2881 qui
1365 2825 1395 2865 se
1407 2810 1462 2865 hoc
1478 2810 1656 2882 recognoscit
1670 2813 1712 2867 ie-

72 2901 234 2954 auctoritate
263 2902 405 2954 numetis
427 2899 647 2971 prouincialibus
674 2902 736 2970 iteri
762 2901 810 2957 de·
863 2897 935 2953 cisse
945 2896 1188 2966 didicimus;cum
1199 2897 1235 2953 ad
1244 2897 1441 2970 episcopatum
1451 2898 1497 2953 his
1506 2899 1642 2971 madibus
1651 2900 1714 2972 qui-

70 2975 88 3023 ⁸·
825 2978 917 3041 Cbus
932 2985 1165 3058 frequentissime
1188 2991 1304 3042 cautum
1324 2989 1368 3041 est
1381 2986 1486 3042 debeat
1504 2987 1659 3059 perveniri,
1680 2993 1713 3043 ut

70 3077 180 3147 paura
192 3077 317 3133 Anactet.
336 3092 418 3147 papa
431 3079 534 3147 scripta
555 3079 689 3149 episcopis
709 3080 807 3148 itntiae,
862 3073 1141 3131 minoribnsinitiati
1155 3073 1265 3141 officiis,
1280 3075 1315 3131 ad
1327 3075 1609 3146 maj0ratlrmentnr.
1625 3077 1713 3134 Debet

70 3165 141 3236 aaa.)
171 3164 373 3221 Ordinationes
403 3165 606 3238 episcoporum
641 3168 808 3224 auctoritate
863 3163 941 3219 enim
954 3165 1039 3219 antea
1054 3179 1115 3218 osse
1130 3162 1288 3235 discipulus
1303 3163 1436 3236 quisquis
1450 3164 1550 3221 doctor
1565 3181 1626 3222 ease
1641 3167 1713 3222 desi·

70 3252 116 3308 ‚ica
138 3252 174 3308 ab
197 3253 330 3308 omnibus
354 3253 404 3326 qui
430 3254 460 3308 in
483 3253 583 3309 eadem
606 3255 714 3311 inerint
742 3273 809 3328 pro-
863 3249 952 3317 derat,
965 3256 997 3306 ut
1006 3249 1096 3323 possit
1105 3249 1205 3306 docere
1224 3250 1300 3323 quod
1316 3251 1427 3306 didicit.
1442 3251 1542 3309 Omnis
1552 3253 1620 3309 ritae
1629 3253 1712 3310 insti·

78 3344 147 3401 sunt
172 3340 360 3408 celebranda,
401 3341 451 3413 qui
480 3341 566 3397 simul
595 3342 807 3415 convenientes,
862 3338 936 3395 tutio
950 3338 1005 3394 bac
1019 3339 1055 3396 ad
1074 3338 1103 3394 id
1126 3355 1185 3411 qno
1199 3338 1293 3395 tendit
1308 3355 1338 3394 se
1353 3340 1465 3396 ratione
1481 3341 1641 3397 confirmat.
1658 3343 1713 3409 Qui

70 3427 132 3483 ium
146 3428 301 3499 diligenter
319 3433 415 3500 egent,
431 3428 636 3501 jejuniumque
657 3447 722 3486 cum
736 3448 807 3487 eon·
863 3426 983 3483 minime
998 3426 1101 3482 litteris
1116 3443 1234 3498 operam
1245 3427 1367 3498 dederit,
1380 3434 1542 3500 preceptor
1551 3446 1608 3485 non
1619 3436 1714 3503 potest

70 3515 284 3588 ibusprecihus
300 3517 455 3584 celebrent,
480 3522 509 3573 et
531 3534 635 3574 manns
657 3535 723 3575 cnm
746 3536 809 3575 sen·
862 3515 1105 3570 esselitterarum.
1121 3514 1176 3580 Qui
1198 3530 1259 3569 non
1273 3530 1326 3586 per
1354 3515 1467 3587 singula
1486 3517 1627 3588 stipendia
1651 3534 1712 3574 cre·

70 3605 198 3677 *angeliis
220 3621 284 3677 qna
312 3606 497 3677 pradicatari
523 3611 590 3662 sunt
613 3607 805 3679 imponentes,
862 3603 945 3673 verit,
977 3601 1013 3658 ad
1039 3603 1174 3658 meritum
1205 3602 1341 3675 stipendii
1369 3603 1500 3659 ordinem
1532 3620 1593 3660 non
1618 3612 1713 3678 potest

70 3693 110 3749 ica
130 3694 175 3750 die
197 3695 269 3751 hora
282 3695 366 3750 tertia
380 3701 505 3765 orantes,
521 3711 658 3767 sacraque
673 3696 808 3752 unctione
861 3690 1022 3764 pervenire.
1038 3689 1137 3746 Solum
1151 3689 1340 3746 sacerdotium
1363 3690 1440 3747 inter
1453 3692 1517 3761 ista,
1540 3707 1611 3765 rogo
1626 3693 1711 3751 vilius

70 3782 313 3854 lopropbetarum
332 3788 484 3854 stregum,
503 3783 597 3855 capita
612 3799 712 3839 eorum
728 3799 807 3840 more
862 3785 929 3850 est,
955 3779 1033 3852 quod
1061 3778 1174 3835 facibus
1201 3778 1360 3847 tribuitur,
1389 3796 1456 3835 cnm
1483 3780 1628 3837 difficilius
1656 3782 1712 3838 im-

72 3884 156 3924 orum
170 3874 199 3925 et
213 3869 283 3926 llosi
298 3879 437 3942 ungentes
453 3886 460 3927 :
478 3871 545 3942 quia
568 3871 662 3927 omnis
683 3871 807 3927 sanctiti-
861 3866 999 3941 plentur?

70 3960 160 4013 unstat
185 3957 215 4013 in
238 3958 345 4030 Spiritu
368 3964 476 4027 sancto,
502 3959 583 4029 cujus
603 3960 694 4014 rhtus
709 3959 805 4014 inrisi-
863 3975 927 4031 eff,
942 3974 1008 4030 χιχ,
1032 4002 1067 4015 ..
1094 3974 1129 4029 Ue
1147 3973 1246 4028 laicam
1268 3975 1478 4029 mmmmm
1504 3990 1558 4030 Μ
1582 3979 1710 4049 Μαρία),

70 4048 150 4101 uncto
166 4049 207 4101 est
230 4045 383 4101 chrismate
399 4046 590 4118 promulgata,
604 4047 660 4103 boc
685 4047 743 4102 ritu
763 4065 807 4103 so
970 4047 1019 4115 qui
1027 4059 1077 4114 per
1091 4044 1264 4099 ambitionem
1272 4047 1457 4114 episcopatum
1466 4049 1608 4116 acceperit.

70 4127 480 4225 ncelehreplordinationem.
505 4132 626 4198 Quodsi
651 4149 750 4188 omnes
768 4134 806 4188 si·
897 4132 952 4204 (Eu
976 4133 1070 4188 concil.
1100 4132 1266 4200 sardicensi,
1292 4147 1352 4206 cap.
1376 4131 1422 4205 2.)
1451 4132 1534 4188 Osiris
1561 4135 1712 4205 episcopus

70 4223 200 4280 cnvenire
225 4221 512 4294 minimepotuerint,
541 4237 690 4276 assensum
709 4227 843 4320 tamenn
862 4221 954 4277 dixit:
980 4220 1074 4276 Etiam
1093 4221 1117 4275 si
1137 4221 1203 4275 talis
1218 4220 1323 4292 aliquis
1339 4220 1464 4277 extiterit
1484 4224 1665 4292 temerarius,
1681 4230 1713 4281 ut

70 4311 165 4368 esibus
189 4316 218 4366 et
241 4310 353 4381 scriptis
373 4310 530 4381 praebeant,
547 4313 579 4363 ut
592 4309 629 4364 ab
644 4309 706 4382 ipsa
729 4310 805 4365 ordi·
862 4309 990 4365 todassis
1026 4310 1115 4365 talem
1155 4309 1368 4365 erciuationem
1412 4310 1534 4367 afferens
1571 4321 1714 4369 assereret

70 4400 189 4457 ranimo
214 4415 272 4455 non
296 4398 399 4454 desint.
413 4400 502 4454 Porro
527 4402 554 4454 et
577 4397 807 4470 hierosolymita·
860 4398 938 4470 quod
954 4397 1063 4453 litteras
1078 4398 1179 4470 populi
1204 4399 1356 4471 acceperit,
1381 4415 1446 4455 cum
1471 4400 1655 4458 manifestum
1675 4404 1713 4458 sit

70 4487 169 4543 trimus
194 4485 428 4558 archiepiscopus
454 4485 556 4541 beatus
580 4486 727 4549 lacobus,
755 4484 807 4557 qui
860 4485 988 4558 potuisse
999 4486 1098 4558 plnres
1112 4486 1233 4557 proemio
1246 4492 1275 4542 et
1296 4487 1427 4543 mercede
1447 4490 1596 4561 corrumpi
1610 4507 1709 4547 eorum

70 4575 227 4643 dicebatur,
247 4575 445 4631 etsecundum
460 4589 576 4629 carnem
592 4572 707 4628 Domini
730 4588 807 4628 nun·
860 4575 911 4646 qui
935 4574 1076 4629 sinceram
1101 4573 1188 4630 fidem
1214 4591 1275 4629 non
1298 4575 1416 4641 habent,
1443 4580 1476 4631 ut
1501 4578 1657 4634 clamarent
1680 4579 1712 4633 in

70 4664 247 4730 sastlrater,
264 4679 280 4717 a
297 4661 509 4729 Petro,Jacobo
529 4663 807 4733 ettounneaposto·
862 4661 989 4728 ecclesia,
1024 4667 1054 4717 et
1081 4661 1177 4734 ipsum
1205 4667 1303 4734 petere
1331 4662 1499 4718 viderentur
1531 4666 1709 4738 episcopum,

71 4750 233 4818 ordinatus,
247 4750 459 4806 suecessoribus
473 4749 608 4805 videlicet
623 4750 723 4804 dantes
745 4749 806 4804 ior·
861 4749 980 4805 omnino
993 4748 1045 4804 bas
1069 4749 1183 4804 fraudes
1198 4749 1375 4804 damnandas
1390 4766 1451 4805 esse
1467 4751 1602 4820 arbitror,
1619 4753 1658 4806 ite
1679 4759 1712 4827 nt

72 4853 168 4904 orum,
183 4843 215 4892 ut
230 4837 326 4892 minus
344 4853 433 4909 quam
450 4853 467 4891 a
485 4836 579 4893 tribus
600 4835 742 4909 episcopis
760 4852 806 4891 re·
861 4855 914 4894 nec
936 4837 1036 4893 laicam
1050 4837 1081 4893 in
1105 4837 1162 4892 line
1186 4837 1421 4893 communionem
1441 4838 1506 4893 talis
1529 4839 1657 4911 accipiat.
1682 4841 1711 4896 Si

70 4943 102 4983 ne
118 4925 253 4982 omnibus
269 4941 416 4982 assensum
431 4925 628 4998 prebentibus
642 4926 807 4981 nullatenus
861 4927 942 4982 robis
966 4926 1101 4983 omnihus
1124 4926 1228 4999 placet,
1250 4926 1378 4983 statuite.
1394 4927 1524 4999 Synodus
1538 4928 1712 5000 respondit:

70 5030 117 5085 nr,
145 5020 174 5070 et
202 5031 268 5070 cum
296 5014 444 5071 communi
471 5017 536 5071 voto
564 5014 706 5070 ordinatio
733 5014 806 5069 cele·
861 5016 965 5071 Placet

861 5122 925 5179 Cer.
939 5121 992 5178 illl.
1013 5150 1044 5161 -
1067 5121 1145 5192 Quod
1159 5122 1300 5192 episcopua
1319 5136 1375 5177 esse
1395 5136 1449 5177 uon
1465 5123 1553 5193 possit
1580 5124 1639 5194 qui,
1663 5140 1711 5180 ne·

70 5210 111 5266 pp,
128 5237 163 5251 ..
177 5210 217 5267 N,
231 5209 318 5264 rara„
334 5211 384 5278 Μ)
404 5209 546 5279 episcopm
566 5212 630 5265 ,mre
647 5225 702 5264 m
721 5222 806 5264 (mm,
979 5193 1078 5247 sciente
1090 5193 1295 5262 metropolitano
1309 5198 1478 5248 succentus
1492 5194 1587 5259 suerit.
1681 5247 1684 5251 .

167 5284 267 5335 ciente
280 5283 348 5334 aaut
361 5281 599 5335 convasationem.
896 5281 956 5351 (En
979 5281 1073 5336 coca.
1097 5281 1262 5347 Arelatensi,
1286 5296 1347 5350 cap.
1364 5283 1403 5349 6.)
1426 5279 1501 5336 lllad
1523 5286 1621 5338 entem
1643 5290 1711 5340 ante

74 5370 170 5428 aaut.
197 5369 361 5435 Arelatensi,
388 5383 448 5423 eoa.
477 5369 518 5440 l.)
539 5367 724 5440 Episcopatus
739 5382 806 5423 raro
839 5367 960 5424 ‚omnia
977 5366 1076 5435 claret,
1093 5367 1170 5438 quod
1193 5384 1259 5423 enm
1281 5367 1332 5439 qui
1349 5367 1410 5423 sine
1426 5370 1589 5425 conscentia
1602 5378 1712 5446 metro-

70 5456 339 5531 sbyteriihonorem
354 5457 451 5512 nullus
466 5454 554 5511 laicas
568 5459 635 5511 ante
649 5455 719 5510 anni
737 5471 806 5513 con·
860 5454 983 5530 politani
1001 5455 1172 5512 constitutus
1195 5455 1282 5512 inerit
1296 5455 1458 5528 episcopus,
1479 5457 1561 5530 juxta
1575 5475 1710 5532 magnam

70 5561 160 5617 enam,
175 5547 221 5603 rel
235 5549 303 5602 ante
316 5543 437 5616 triginta
450 5559 541 5600 annos
555 5543 687 5617 accipiat.
861 5542 1006 5618 synodum
1020 5558 1084 5602 esec
1097 5543 1264 5618 episcopum
1279 5561 1338 5601 non
1353 5545 1467 5602 dehere.

137 5651 278 5720 Parnon.
305 5651 394 5719 CXL.
727 5718 732 5723 ,
1514 5658 1556 5718 18
