3878 6112
89 266 141 319 667
627 265 830 324 nunculiam
851 265 1117 325 wouuacruasls
1136 265 1303 324 urlscorl.

1792 277 1845 333 668

91 387 121 442 X.
136 386 176 441 Ile
199 385 326 441 ecclesiis
340 392 367 441 et
387 387 534 453 altaribus,
555 387 606 443 ubi
619 388 716 461 ulique
739 389 881 446 dubitatio
897 392 976 447 eslA
994 390 1079 446 XLVI.
1105 391 1141 446 Ut
1164 389 1362 464 unusquisqne
1388 392 1536 466 presbyter
1558 410 1617 450 unu
1635 397 1757 454 ecclesie
1778 415 1844 456 con·

126 474 161 529 de
177 474 403 535 consecratione.
420 480 453 530 nt
467 481 681 532 consecrentur.

91 563 135 617 XI.
160 561 190 618 Si
209 563 299 618 altare
323 567 435 618 motnm
461 563 557 631 luerit,
583 565 677 620 denuo
700 565 818 620 ecclesie
841 581 939 623 conse·

127 656 230 707 cretur.
808 648 812 655 ⁴

91 740 148 795 XII.
164 740 193 795 Si
205 740 323 795 ecclesIe
338 740 441 795 violata
453 740 549 808 fuerit,
564 743 670 798 iterum
685 748 877 799 consecretur.

91 829 163 883 XIII.
188 830 223 884 Ut
251 829 400 884 ecclesiam
425 829 473 884 nbi
497 845 628 901 paganus
652 833 780 903 sepultus
804 836 855 900 est,
882 848 941 887 non

129 917 212 971 licent
223 917 359 972 dedicari.

92 1006 159 1061 XIV.
183 1006 270 1061 Utin
296 1005 415 1060 ecclesia
439 1006 469 1061 in
485 1022 542 1077 que
565 1007 703 1063 cadavera
727 1009 840 1080 sepulta
863 1013 939 1076 sunt,

128 1093 216 1147 altare
230 1110 395 1149 consecrare
410 1111 468 1148 non
484 1096 576 1150 liceat.

91 1181 145 1235 XV.
176 1182 212 1236 Ut
235 1183 297 1237 loca
325 1183 414 1237 semel
449 1183 552 1250 dicate,
584 1190 724 1256 perpetuo
753 1186 793 1240 sio
826 1202 940 1258 perme-

128 1275 224 1324 neant.

92 1357 158 1413 XVI.
176 1360 215 1414 Ile
231 1359 300 1413 locis
319 1359 430 1414 dudum
453 1360 581 1428 sacratis,
603 1366 632 1416 et
645 1376 723 1417 nunc
743 1363 893 1434 neglectis,
910 1367 941 1418 nt

126 1437 231 1502 iterum
245 1447 447 1503 reformentur.

92 1534 172 1589 XVIl.
191 1537 227 1590 Ut
241 1537 337 1590 nullus
361 1536 438 1592 eliud
461 1538 550 1592 altere
574 1538 684 1606 erigere
702 1544 868 1609 presumat,
884 1539 940 1595 nisi

129 1624 205 1693 qnod
224 1623 259 1678 ab
275 1624 410 1696 episcopo
425 1631 622 1681 consecratum
638 1631 690 1683 est.

1031 484 1127 535 tentus
1142 479 1188 534 sit.

994 568 1095 624 XLVII.
1113 570 1153 624 lte
1166 567 1266 624 eadem
1280 583 1321 624 re.

994 658 1110 713 xlv111.
1125 658 1164 712 ue
1179 657 1281 712 eadem
1295 671 1338 712 re.

994 744 1081 800 XLIX.
1100 745 1139 799 lie
1155 745 1255 800 eadem
1269 760 1310 800 re.

995 833 1024 888 L.
1042 835 1082 889 De
1096 833 1246 889 ordinibus
1262 833 1359 889 sacris.

995 921 1038 976 LI.
1055 922 1095 976 De
1110 920 1236 976 ecclesiis
1251 936 1300 976 seu
1316 921 1420 976 sanclis
1432 921 1545 976 noviter
1558 922 1695 981 Inventis.

995 1010 1050 1065 LII.
1067 1010 1103 1064 Ut
1118 1025 1299 1081 unaqueque
1325 1009 1444 1065 ecclesia
1464 1026 1597 1067 mausum
1623 1012 1772 1085 integrum
1793 1017 1842 1072 ha·

1029 1098 1096 1153 beet
1110 1098 1171 1152 siue
1188 1098 1315 1153 serviIIo.

996 1188 1063 1243 LIII.
1086 1188 1120 1242 Ut
1133 1187 1230 1242 nullus
1252 1187 1287 1241 de
1310 1186 1376 1242 dote
1390 1186 1528 1253 eoeleste,
1544 1188 1586 1242 rel
1609 1188 1645 1245 de
1662 1207 1764 1247 menso
1779 1209 1839 1264 prs·

1030 1276 1211 1346 sbyterorum
1225 1289 1343 1329 censum
1360 1275 1522 1345 persolvere
1535 1281 1629 1347 coget.

996 1363 1061 1418 LIV.
1079 1364 1118 1418 lle
1132 1362 1270 1417 altaribus
1284 1379 1350 1433 que
1364 1363 1470 1434 passim
1485 1364 1561 1419 fiunt
1574 1382 1625 1437 per
1639 1382 1736 1437 agros.

994 1452 1047 1506 LV.
1074 1453 1109 1507 Ut
1132 1455 1292 1523 mertyrnm
1316 1450 1485 1522 dIgnitetem
1513 1452 1609 1507 nullus
1633 1456 1775 1526 profanus
1803 1458 1839 1512 iu·

1029 1540 1127 1595 lamet.

955 1666 975 1721 Β
995 1630 1062 1686 LVI.
1079 1631 1113 1685 Ut
1127 1627 1282 1684 missorum
1307 1628 1448 1684 solemnia
1472 1645 1530 1684 non
1544 1630 1664 1703 ubique,
1691 1632 1744 1689 sed
1758 1633 1788 1688 in
1802 1635 1838 1690 lo

92 1712 185 1767 XVIII.
212 1713 247 1767 Ut
267 1714 456 1784 energumeni
478 1715 662 1772 ecclesiarum
688 1717 852 1789 pavimenta
875 1734 940 1774 uer·
1030 1717 1117 1773 cisab
1130 1717 1264 1789 episcopo
1278 1716 1539 1773 consecratisllant.

127 1804 202 1854 rant.

92 1888 155 1943 XIX.
172 1890 212 1944 uo
226 1890 408 1946 monasteriis
422 1892 511 1948 semel
526 1893 706 1950 consecretis.

91 1976 143 2032 XX.
161 1978 200 2032 De
216 1977 273 2032 illis
296 1979 345 2050 qui
362 1980 459 2035 dotem
473 1980 600 2036 ecclesie
624 1981 679 2037 sibi
695 1981 838 2038 vindicare
860 1999 934 2054 pre-

127 2066 312 2136 sumpserint.

90 2152 154 2208 XXI.
170 2153 211 2208 De
229 2154 356 2209 ecclesiis
372 2155 533 2228 destructis,
557 2158 703 2229 quomodo
719 2159 950 2219 restaurande,

125 2241 222 2298 beant.

90 2331 168 2386 XXII.
183 2331 263 2396 Quod
284 2331 315 2386 in
330 2347 388 2388 una
411 2334 614 2390 termInatioue
639 2336 737 2406 plures
755 2335 938 2409 baptismales

126 2420 251 2475 ecclesie
266 2437 326 2476 esse
341 2437 400 2477 non
413 2423 533 2494 possInt.

90 2508 183 2563 XXIII.
200 2509 235 2564 Ut
254 2510 397 2580 regularia
420 2512 594 2567 monasteria
614 2527 668 2567 nec
687 2513 772 2568 rendi
794 2527 847 2568 nec
861 2529 938 2569 com·

126 2596 232 2651 mutari
243 2598 355 2668 possint
369 2598 425 2654 nisi
438 2615 504 2654 cum
518 2600 574 2654 alio
589 2602 775 2657 monasterIo.

90 2684 179 2740 XXIV.
197 2684 232 2741 Ut
258 2700 318 2740 uon
346 2685 430 2741 liceat
449 2687 534 2741 alicui
559 2687 645 2743 unius
673 2688 804 2744 Ecclesie
819 2692 934 2756 terrem,

126 2773 181 2827 nisi
195 2774 365 2842 cambiatur,
380 2779 489 2831 vertere
504 2776 540 2830 ed
554 2776 650 2833 aliam.

994 1803 1073 1857 LVII.
1106 1803 1147 1857 De
1176 1802 1263 1857 mIsse
1290 1817 1350 1856 non
1377 1802 1561 1873 celebrande,
1587 1804 1645 1860 uisi
1673 1805 1706 1861 in
1735 1812 1837 1863 sacrato

1028 1892 1099 1946 loco.
1171 1911 1176 1917 ·

994 1980 1084 2035 LVIII.
1102 1980 1142 2034 De
1157 1978 1258 2034 eedem
1272 1993 1315 2033 re.
1375 1964 1377 1969 ’

993 2069 1056 2124 LlX.
1072 2068 1155 2133 Quod
1179 2082 1240 2122 non
1258 2066 1343 2122 liceat
1364 2065 1465 2122 missas
1489 2067 1644 2139 celebrere,
1670 2070 1729 2126 nisi
1752 2071 1834 2128 inlo-

1027 2156 1067 2212 cis
1083 2157 1119 2211 ab
1133 2155 1268 2227 episcopo
1281 2155 1403 2210 civitatis
1416 2157 1598 2214 consecratis.

993 2246 1043 2301 LX.
1059 2246 1100 2300 De
1112 2245 1213 2300 eedem
1229 2260 1269 2298 re.

994 2332 1056 2387 LXI.
1071 2334 1110 2389 Ite
1124 2331 1225 2387 eadem
1240 2347 1283 2386 re.

992 2419 1070 2475 LXII.
1086 2421 1127 2475 De
1141 2418 1323 2490 reparatione
1339 2419 1479 2475 Ecclesie.

992 2508 1082 2564 LXIII.
1100 2508 1216 2563 Utente
1235 2507 1337 2563 horam
1368 2508 1426 2563 diei
1456 2495 1570 2564 tertium
1601 2525 1661 2566 uon
1684 2511 1744 2567 sint
1773 2513 1834 2567 cele

1027 2595 1144 2649 brandae
1156 2595 1262 2650 misse.

992 2685 1079 2739 LXlV.
1106 2684 1142 2739 Ut
1168 2699 1221 2755 pro
1253 2683 1386 2739 fidelibus
1418 2684 1560 2741 defunctis
1592 2686 1714 2758 siugulis
1741 2688 1833 2744 diebus

1027 2772 1127 2826 misses
1142 2771 1286 2828 celebrare
1302 2771 1395 2829 liceat.

90 2862 168 2917 XXV.
193 2864 228 2918 Ut
250 2862 361 2932 altaria,
386 2863 443 2918 nisi
474 2864 532 2920 siut
551 2865 674 2937 lapidea,
704 2866 856 2921 chrismate
877 2883 936 2922 uon
990 2862 1063 2916 LXV·
1081 2861 1116 2915 Ut
1129 2860 1217 2915 missa
1240 2865 1421 2917 mortuorum
1435 2877 1488 2934 pro
1512 2862 1647 2918 omnibus
1670 2863 1833 2920 Christianis

126 2956 338 3006 consecrentur.

88 3039 179 3095 XXVI.
205 3040 242 3094 Ut
266 3040 473 3095 monasterium
498 3041 535 3097 ad
557 3041 770 3098 meliorandum
791 3042 823 3097 in
847 3041 936 3099 alium

125 3127 210 3182 liceat
223 3144 331 3199 ponere
346 3127 452 3184 locum.

88 3215 191 3270 XXVII.
208 3216 244 3270 Ut
255 3215 316 3270 sine
331 3216 419 3272 missa
432 3217 552 3273 ecclesio
563 3233 621 3272 non
636 3217 740 3273 debeat
753 3217 888 3273 dedicari.

89 3303 201 3358 XXVIII.
220 3304 256 3359 Ut
271 3304 423 3376 episcopus
445 3307 592 3361 neminem
613 3306 765 3378 prohibeat
788 3306 936 3362 ecclesiam

125 3390 249 3462 ingredi,
262 3397 291 3446 et
305 3393 405 3448 audire
418 3395 539 3450 rerbum
554 3394 616 3450 Dei.

75 3480 177 3536 ⁰XXIX.
202 3481 236 3536 Ut
249 3482 374 3554 populus
398 3481 449 3554 qni
462 3483 626 3538 convenerit
650 3483 686 3539 ad
708 3483 841 3553 IIissum,
857 3493 937 3540 ente·

125 3584 212 3640 quarn
228 3569 348 3624 finiatur
362 3586 421 3625 non
436 3569 570 3626 discedet.

89 3658 163 3713 XXX.
181 3658 221 3713 De
234 3657 291 3713 illis
306 3659 357 3730 qni
374 3659 563 3716 ecclesiastica
577 3661 685 3717 hebent
698 3661 846 3718 beneficia.

88 3746 175 3802 XXXI.
193 3747 232 3801 De
247 3747 373 3803 ecclesiIs
386 3750 463 3819 apud
477 3748 616 3806 barbaros
628 3751 802 3808 constitutis.

88 3836 186 3890 XXXll.
205 3837 245 3891 De
258 3836 384 3892 ecclesiis
396 3838 581 3895 Arianorum.

88 3924 201 3980 XXXIII.
218 3926 257 3980 lie
273 3925 441 3981 dioecesanis
456 3927 583 3982 ecclesiis
596 3925 751 3982 destitutis.

88 4013 197 4068 XXXIV.
227 4013 356 4079 Qualiter
388 4015 555 4070 destitutam
581 4014 730 4069 ecclesiam
768 4014 852 4070 elteri
890 4030 934 4070 ec·

124 4101 219 4157 olesie
235 4107 310 4157 recte
324 4102 499 4174 conjungere
513 4103 605 4157 valeat
617 4102 776 4173 episcopus.

88 4190 183 4244 XXXV.
199 4191 235 4245 Ut
248 4190 368 4259 picture
382 4190 413 4244 in
429 4190 549 4245 ecclesia
563 4189 625 4245 lieri
638 4207 697 4246 non
712 4190 846 4247 debeant.

88 4277 196 4331 XXXVI.
213 4278 285 4332 Item
300 4277 335 4332 de
349 4277 469 4349 pictura.

89 4365 210 4420 XXXVII.
234 4366 269 4420 Ut
282 4381 341 4420 non
355 4381 407 4437 pro
421 4365 516 4421 debito
532 4366 681 4438 episeopus
695 4367 731 4423 de
745 4367 937 4423 consecranda

125 4453 244 4508 ecclesia
258 4469 365 4509 munus
379 4454 496 4526 aliquod
511 4455 647 4527 requirat.

89 4542 224 4598 XXXVIII.
254 4543 288 4598 Ut
306 4543 454 4599 ecclesiam
477 4544 509 4598 in
532 4560 590 4617 qua
618 4544 755 4600 osdarere
775 4544 937 4607 infidelium

123 4632 235 4702 sepulta
249 4636 317 4687 sunt
330 4633 506 4688 sanctificare
521 4649 580 4688 non
592 4632 687 4690 licent.

89 4721 195 4776 XXXIX.
218 4721 365 4793 [tetigeris
388 4722 525 4778 dedicate
547 4722 682 4792 ecclesie,
709 4721 744 4777 ad
763 4720 841 4793 quod
867 4737 937 4777 usus

123 4809 196 4864 verti
209 4809 340 4865 debeant.

88 4900 139 4955 XL.
160 4899 234 4965 Quid
258 4899 393 4970 episcopo
418 4900 560 4970 agendum
581 4900 629 4970 sit,
652 4899 676 4954 si
691 4901 790 4972 plures
809 4899 937 4956 heredes

123 4989 158 5043 de
173 5004 232 5043 nna
246 4988 448 5044 contenderint
463 4988 590 5044 ecclesie.

88 5076 154 5130 XLI.
173 5078 211 5131 De
226 5077 326 5132 cadem
339 5093 379 5132 re.

88 5165 165 5219 XLII.
185 5166 223 5220 Ile
237 5166 361 5220 ecclesiis
375 5165 451 5220 inter
464 5165 594 5221 heredes
610 5165 716 5221 divisis.

88 5252 181 5308 XLIII.
198 5254 234 5308 Ut
253 5254 360 5325 singuli
380 5253 541 5326 presbyteri
556 5253 684 5326 siugulas
707 5254 833 5311 habeant
851 5255 937 5310 eccle·

124 5355 189 5395 sras.

88 5428 177 5484 XLIV.
195 5429 235 5482 lle
247 5427 348 5483 eadem
362 5446 402 5484 re.

88 5517 163 5573 XLV.
179 5517 220 5572 lle
233 5517 334 5572 eedem
348 5532 389 5571 re.

952 2940 973 2997 C
1026 2949 1064 3003 sit
1075 2949 1226 3004 cantanda.

991 3037 1080 3094 LXVI.
1098 3039 1133 3093 Ut
1154 3036 1349 3093 institutiones
1369 3037 1522 3094 missarum
1537 3039 1611 3094 elcut
1632 3040 1666 3095 in
1687 3039 1833 3112 metropoli

1025 3125 1108 3191 liunt,
1122 3125 1162 3180 sic
1177 3131 1205 3181 et
1219 3125 1336 3198 reliquis
1350 3127 1637 3199 comprovincialibus
1653 3129 1795 3185 Ecclesiis.

991 3214 1092 3272 LXVII.
1121 3216 1156 3269 Ut
1177 3231 1276 3286 preces
1299 3219 1329 3270 et
1354 3214 1548 3286 prefationes,
1573 3233 1639 3289 que
1665 3218 1695 3272 in
1720 3218 1831 3274 concilio

1027 3303 1153 3375 probate
1168 3319 1228 3358 nen
1243 3303 1360 3372 luerint,
1376 3320 1434 3359 non
1450 3305 1641 3361 celebrentur.

991 3393 1105 3448 LXVIII.
1124 3393 1159 3447 Ut
1179 3392 1276 3448 nullus
1306 3392 1455 3465 presbyter
1484 3395 1562 3448 solus
1585 3394 1705 3450 missam
1725 3402 1829 3452 mutere

1026 3485 1191 3551 presumat.

991 3570 1075 3625 LXIX.
1103 3570 1142 3625 Ile
1163 3568 1382 3625 Prelutionibus
1406 3585 1470 3641 que
1490 3574 1588 3625 sancta
1608 3571 1741 3627 Romana
1762 3575 1829 3628 tenet

1027 3657 1158 3712 Ecclesia.
1317 3641 1322 3651 ’

992 3747 1063 3802 LXX.
1085 3747 1125 3800 De
1148 3745 1354 3814 sacerdotibus,
1376 3746 1530 3801 missarum
1554 3750 1687 3818 tempore
1710 3749 1735 3803 si
1756 3747 1826 3820 egri·

1026 3834 1136 3889 tudinis
1148 3833 1252 3905 ailquis
1262 3838 1366 3889 eventu
1381 3835 1424 3890 eis
1437 3835 1594 3889 accesserit.

992 3922 1073 3977 LXXI.
1091 3923 1131 3977 Ile
1144 3922 1244 3977 eadem
1260 3937 1300 3977 re.

992 4012 1090 4067 LXXII.
1107 4013 1145 4067 De
1159 4010 1333 4083 presbyteris
1346 3997 1397 4082 qni
1421 4009 1601 4066 demonibus
1614 4014 1762 4085 variisque
1774 4028 1824 4085 prs·

1026 4099 1154 4155 sionibus
1175 4103 1325 4167 vexantur,
1356 4100 1434 4172 quod
1455 4098 1512 4154 illis
1536 4114 1615 4153 sacra
1639 4104 1825 4157 tractarenon

1027 4188 1121 4243 liceat.

951 4236 973 4290 D
992 4277 1102 4333 LXXIII.
1117 4277 1156 4331 De
1172 4276 1273 4332 eadem
1287 4292 1328 4331 re.

991 4365 1098 4420 LXXIV.
1126 4366 1165 4419 lle
1190 4363 1363 4436 presbyteris
1378 4363 1429 4436 qui
1451 4364 1507 4419 soli
1526 4363 1627 4418 misses
1648 4363 1743 4420 solent
1766 4363 1825 4419 rele-

1026 4452 1120 4507 brure.

991 4541 1086 4596 LXXV.
1109 4541 1149 4595 De
1165 4539 1289 4611 illisqui
1318 4539 1465 4612 conjugati
1485 4538 1648 4611 presbyteri
1680 4540 1824 4596 oblationes

1026 4629 1194 4700 spreverint.
1757 4660 1761 4667 ·

991 4718 1097 4774 LXXVI.
1129 4720 1164 4774 Ut
1189 4717 1348 4790 presbyteri
1374 4715 1588 4773 communicent
1610 4716 1823 4787 qnotIeseunque

1026 4808 1127 4862 missas
1140 4807 1358 4863 celebraverInt.

991 4897 1109 4952 LXXVII.
1127 4898 1167 4951 ue
1182 4895 1282 4952 eedem
1293 4912 1335 4950 re.

991 4985 1124 5040 LXXVIII.
1143 4986 1182 5040 lie
1197 4985 1298 5040 eadem
1314 4998 1355 5039 re.

990 5074 1098 5130 LXXIX.
1117 5075 1154 5127 Ile
1169 5073 1270 5128 endem
1283 5088 1325 5128 re.

992 5162 1084 5218 LXXX.
1108 5163 1143 5217 Ut
1171 5161 1203 5216 In
1233 5160 1354 5217 ecclesia
1372 5159 1445 5216 nihil
1475 5159 1553 5216 eliud
1577 5165 1689 5233 agatur,
1722 5156 1773 5215 nisi
1795 5150 1816 5205 id

1026 5251 1062 5306 ad
1076 5251 1154 5322 quod
1170 5251 1243 5306 lacte
1257 5255 1308 5306 est

991 5341 1097 5397 LXXXI.
1113 5341 1152 5395 De
1169 5339 1269 5395 eadem
1286 5355 1327 5394 re.

992 5429 1111 5485 LXXXII.
1129 5431 1168 5485 De
1185 5429 1284 5485 eudem
1300 5445 1341 5484 re.

992 5517 1121 5574 LXXXIII.
1136 5518 1171 5573 L't
1184 5517 1281 5573 nullus
1292 5517 1324 5573 ln
1337 5516 1456 5573 ecclesie
1469 5515 1645 5572 convivetur.
