3878 6112
102 292 131 346 dl
756 292 784 347 S.
805 287 949 348 llElllilCl
968 288 1206 346 inventionis
1822 295 1853 346 nr

101 423 179 464 mam
194 412 303 464 sertam
318 406 423 463 lineam
442 407 659 480 propagationis
682 409 805 464 tenebat.
830 410 952 481 Insuper
969 409 1242 480 strenuumque
1264 413 1347 464 erant
1368 409 1399 464 in
1415 425 1516 482 regno,
1533 409 1630 467 Benno
1649 413 1709 468 llun
1729 412 1855 470 inSexo-

101 491 278 553 tertiusOtto
290 496 328 566 (5)
342 500 407 567 post
421 496 532 552 obitum
552 499 583 552 in
599 497 705 569 Regem
727 497 895 569 eligebatur,
924 502 953 552 et
1008 496 1066 563 nie,
1079 497 1269 552 llerimannus
1289 498 1350 552 ltux
1370 497 1399 552 in
1414 498 1596 565 Alemannis,
1620 499 1817 557 Theudoricus
1828 502 1857 557 in

100 585 156 658 ipsi
183 585 301 640 tertium
338 583 516 639 adinvicem
541 585 796 657 consanguinitatis
831 586 952 657 gradum
1007 583 1185 640 lothariensi
1199 600 1299 656 regno,
1321 585 1488 641 Elsebardns
1517 587 1643 643 marchio
1666 588 1697 645 in
1711 589 1855 662 Toringie

101 672 248 730 tenebant.
278 672 367 728 llater
394 677 491 727 antem
519 689 571 728 sna
596 673 718 728 Conradi
737 672 812 745 regis
836 673 874 744 (d)
898 674 953 729 init
1008 674 1116 740 benno,
1145 677 1177 728 ut
1195 675 1321 745 sapiens,
1346 689 1406 728 non
1441 675 1624 732 animabatur
1655 678 1691 733 ad
1724 693 1856 749 reguum,

101 762 171 818 lilia.
1006 760 1099 816 sciens
1127 760 1292 816 tleinricnm
1321 761 1418 833 rigere
1447 778 1507 833 prre
1532 764 1634 819 esteris
1661 766 1697 821 ad
1726 766 1858 822 obtinen-

138 853 163 906 6.
193 849 242 906 llis
267 848 493 904 antecessoribus
527 855 640 903 exortus
663 865 808 904 successor
829 849 952 920 ingenus
1007 848 1086 903 dum.
1102 849 1244 921 Sapientis
1269 849 1346 905 enim
1373 854 1417 904 est
1440 867 1574 922 spernere
1590 851 1620 907 in
1651 853 1860 925 bisappetilio·

103 937 230 1009 eligitur,
250 942 279 992 et
292 943 323 990 ut
339 936 395 992 linx
412 936 471 999 lint,
487 936 523 990 ab
538 937 672 993 omnihus
693 936 881 993 desideretur.
897 937 951 993 Sed
1007 952 1074 992 nem
1088 936 1119 992 in
1133 938 1239 1009 quibus
1268 938 1320 992 scil
1346 938 1409 993 lieri
1435 955 1496 994 non
1523 956 1605 1010 posse
1624 942 1857 998 consecutionem

102 1026 227 1097 qualiter
243 1026 278 1079 ad
300 1040 419 1094 regnum
446 1025 482 1079 ab
501 1024 556 1092 his,
574 1025 624 1097 qni
638 1041 714 1080 saure
743 1025 951 1093 mentiseranl,
1007 1024 1198 1080 Theudoricus
1209 1041 1325 1097 qnoque
1339 1025 1503 1082 lleinricum
1520 1029 1625 1083 [lucem
1652 1029 1858 1101 inregnoesse

101 1113 339 1169 inritatnsluerit
356 1129 362 1178 ;
382 1113 506 1184 qualiter
523 1113 611 1168 etiam
631 1113 881 1168 inridierirornnr
899 1112 952 1168 bo·
1006 1113 1098 1167 sciens
1122 1113 1268 1180 heredem,
1296 1114 1386 1169 nolnit
1414 1114 1541 1186 incipere
1570 1118 1648 1186 qnod
1675 1133 1734 1172 non
1763 1125 1859 1189 posset

101 1217 207 1258 norum
235 1201 396 1257 comitatrix
412 1217 462 1270 per
482 1217 548 1255 suos
572 1201 707 1256 satellites
738 1201 789 1273 [id]
811 1200 951 1272 impedire
1006 1202 1099 1256 linire.
1116 1202 1307 1257 llerimennus
1332 1218 1397 1256 reru
1421 1203 1507 1258 homo
1533 1208 1645 1274 potens,
1666 1205 1739 1260 etin
1756 1206 1857 1260 ceteris

100 1287 263 1354 tentaverit,
297 1303 349 1342 neo
381 1287 453 1342 milri
487 1286 666 1341 fastidiosum
693 1292 736 1342 est
762 1287 865 1354 dicere,
899 1304 952 1342 nec
1006 1288 1152 1357 prudens;
1186 1287 1215 1342 in
1243 1289 1299 1344 hoc
1335 1293 1431 1344 temen
1458 1287 1571 1359 sapiens
1595 1306 1604 1355 ς
1630 1305 1660 1344 se
1688 1306 1772 1362 posse
1801 1305 1857 1344 cre·

99 1374 520 1446 ceterissuperllnnmeudire.
546 1374 684 1430 luridiarn
700 1375 840 1429 bonorum
862 1374 950 1429 corni·
1006 1374 1078 1431 didit
1110 1375 1188 1448 quod
1230 1376 1481 1449 melundense
1518 1392 1578 1431 non
1606 1393 1690 1448 posse
1725 1377 1858 1449 probarit

100 1464 231 1519 tutricem
247 1479 292 1518 me
306 1462 409 1517 dixisse
424 1479 460 1517 ne
487 1461 620 1517 mireris:
640 1464 709 1535 quia
738 1463 787 1518 nbi
802 1464 952 1518 abundent
1008 1462 1172 1518 Ekehardns
1190 1469 1287 1519 autern
1315 1465 1410 1520 nescio
1436 1480 1472 1519 en
1498 1463 1529 1518 in
1556 1465 1738 1535 adipiscendo
1768 1482 1856 1538 regno

101 1557 217 1606 strenue
244 1556 333 1622 gesta,
374 1550 501 1605 abundat
529 1554 557 1604 et
583 1551 698 1606 invidia.
730 1552 809 1607 Unde
834 1551 950 1623 quidum
1006 1568 1087 1623 spern
1127 1557 1236 1620 tenens,
1266 1569 1302 1607 an
1335 1553 1522 1608 rebellionem
1547 1553 1698 1625 meditans,
1727 1553 1759 1608 in
1782 1553 1860 1626 regia

102 1639 293 1711 Philosophus
321 1637 512 1708 interrogatus
538 1656 554 1693 e
575 1638 714 1710 discipulo
742 1656 794 1695 sno
827 1640 952 1711 qualiter
1007 1646 1097 1708 enus,
1118 1657 1181 1713 quae
1198 1641 1472 1710 Poleda(ll)dicilnr,
1487 1657 1539 1708 per
1555 1646 1668 1696 noctem
1684 1641 1721 1698 ab
1734 1641 1861 1697 inimicis

53 1739 58 1746 '
101 1727 196 1782 nivere
221 1731 328 1798 posset,
354 1731 387 1782 ut
414 1727 587 1783 invidiorum
615 1727 792 1784 corrosiones
827 1727 954 1784 devitare
1007 1730 1066 1785 snis
1081 1730 1238 1802 egreditur.
1259 1728 1523 1802 viriliterpugnans
1537 1728 1718 1785 interficitur.
1734 1729 1860 1786 Reman·

100 1815 219 1882 voleret,
235 1814 407 1886 respondit:
436 1815 481 1870 Nil
495 1815 579 1883 bene,
596 1816 636 1871 nil
663 1822 788 1884 strenue,
818 1816 859 1871 nil
882 1832 954 1887 prn-
1007 1820 1043 1874 sit
1053 1818 1200 1875 contentio
1213 1818 1289 1873 inter
1304 1818 1468 1874 Heinricnm
1485 1819 1590 1873 Ducem
1618 1818 1859 1890 gloriosissimum

102 1903 386 1974 deuterogas,etita
411 1907 439 1958 te
460 1920 543 1974 posse
573 1904 761 1960 detractiones
789 1904 953 1960 invidorum
1008 1907 1254 1962 etllerimannum
1270 1906 1363 1961 rirnm
1392 1905 1635 1978 potentissimum,
1660 1906 1709 1961 sed
1724 1906 1820 1962 brevis
1834 1913 1862 1962 et

102 1990 342 2048 declinereseias.
358 1994 416 2047 Aut
437 1990 644 2063 igitnrstnltus
670 1998 740 2060 esto,
772 1997 802 2047 et
813 1992 952 2048 invidiam
1007 1995 1064 2050 cito
1080 1995 1167 2050 linem
1183 1994 1326 2050 habiture.
1351 1994 1417 2048 Erat
1439 2010 1565 2065 namque
1594 1993 1861 2050 alteralteridissi·

103 2078 268 2146 declinato;
299 2085 349 2135 ant
373 2080 531 2150 prudenter
557 2082 635 2153 agilo
664 2087 692 2136 et
715 2079 953 2136 invidiamsnsti·
1009 2082 1086 2139 milis
1101 2081 1251 2138 nobilitate
1279 2085 1308 2136 et
1335 2080 1486 2152 sapientia,
1514 2082 1649 2137 facultate
1675 2086 1704 2136 et
1732 2081 1863 2154 corporis

102 2174 181 2225 neto.
1007 2170 1158 2241 elegantia.

138 2261 165 2311 7.
181 2256 284 2312 ottone
299 2271 367 2327 ergo
382 2255 591 2326 gloriosissimo
617 2256 793 2325 Imperatore
809 2256 952 2325 defuncto,
1046 2261 1088 2314 lll.
1108 2259 1235 2313 latrante
1251 2256 1436 2329 igiturluuio
1453 2257 1515 2311 nux
1544 2257 1702 2326 Halmium,
1731 2258 1792 2313 ilex
1807 2258 1862 2313 cito

102 2343 249 2415 Cisalpini,
272 2343 323 2415 qui
350 2360 417 2400 enm
446 2361 480 2399 eo
508 2349 601 2411 erant,
620 2343 852 2416 archiepiscopus
876 2345 955 2400 Colo·
1007 2346 1132 2414 iuturus,
1161 2345 1197 2400 de
1225 2344 1342 2400 bavaria
1376 2348 1405 2400 et
1427 2344 1572 2400 Orientale
1600 2345 1719 2401 Eraucia
1742 2347 1862 2401 collecta

2 2494 10 2509 .
102 2431 221 2500 niensis,
245 2431 371 2503 episcopi
401 2432 591 2499 leodicensis,
615 2430 805 2503 Angustensis
831 2436 859 2488 et
879 2432 953 2488 Con·
1009 2434 1265 2526 multitpdinenon
1285 2432 1409 2501 modice,
1436 2448 1523 2503 snper
1549 2433 1683 2489 Rhenum
1698 2435 1863 2490 Wormaties

6 2560 10 2566 ·
102 2520 278 2586 stanlicnsis,
294 2521 359 2577 Otto
378 2521 455 2576 lilius
474 2520 577 2589 Caroli,
592 2519 730 2575 ilenricns
756 2522 955 2576 etlunc'man·
1007 2521 1095 2588 venit,
1124 2520 1243 2594 cupiens
1270 2520 1311 2576 ibi
1338 2519 1471 2587 transire,
1486 2521 1701 2593 etilognutianr
1729 2521 1765 2578 ad
1780 2539 1861 2595 rega·

103 2624 157 2664 uns
183 2609 319 2678 Comites,
339 2608 469 2664 etceteri
483 2609 668 2680 quamplures
683 2608 807 2664 lideliter
826 2612 952 2681 agentes,
1007 2611 1065 2667 lem
1094 2608 1322 2666 benedictionem
1346 2608 1562 2681 percipiendum
1596 2609 1703 2666 venne.
1731 2609 1786 2667 Sed
1803 2611 1862 2666 [lna

102 2698 307 2754 cummaxime
335 2696 503 2753 difficultate
529 2701 558 2752 et
584 2697 719 2768 periculis
749 2697 881 2768 pluribus
902 2713 954 2768 per
1009 2699 1211 2763 llerimenuns,
1244 2696 1377 2752 adunatis
1419 2696 1586 2753 Alemannis
1622 2702 1652 2753 et
1686 2698 1861 2769 quibusdam

102 2788 253 2847 Veronam.
282 2801 334 2857 per
367 2787 523 2852 Bovarium,
553 2784 673 2840 cadaver
699 2785 789 2857 ipsius
815 2784 952 2858 lrepoda·
1009 2786 1134 2852 Francis,
1150 2789 1179 2839 et
1205 2783 1421 2850 Alsaticutibns,
1450 2784 1636 2840 wormatiam
1651 2784 1687 2840 ad
1713 2785 1863 2840 contradi·

102 2873 305 2939 baetonibus
335 2874 395 2928 llnx
421 2873 616 2928 nobilissimus
638 2889 705 2928 cnm
733 2873 874 2928 bavaricis
888 2874 953 2947 Epi·
1008 2874 1132 2929 cendum
1157 2871 1309 2927 transitum
1344 2870 1499 2938 festinavit,
1525 2871 1624 2944 ibique
1655 2871 1780 2928 transire
1809 2889 1862 2928 nee

102 2958 194 3032 scopis
206 2965 235 3016 et
248 2960 408 3016 comitibus
424 2960 538 3015 obviam
554 2961 642 3027 veuit,
657 2975 761 3032 corpus
781 2961 901 3015 senioris
915 2959 951 3032 (7)
967 2962 988 3018 C
1008 2977 1098 3017 unum
1111 2959 1252 3032 permisit.
1269 2961 1303 3015 Et
1325 2959 1408 3015 facile
1421 2958 1554 3014 resistcre
1576 2962 1698 3031 poterat,
1725 2959 1777 3032 qni
1790 2959 1863 3016 lihe-

103 3051 132 3102 et
146 3045 351 3118 consanguinei
374 3047 429 3113 sni,
449 3063 507 3119 qua
533 3047 638 3113 decuit,
666 3047 848 3104 veneratione
862 3064 954 3102 susce-
1008 3065 1077 3104 nnm
1107 3048 1270 3120 adjutorem
1298 3047 1432 3104 habebat.
1464 3048 1551 3103 Erunt
1579 3053 1676 3103 antem
1696 3064 1762 3104 curu
1788 3048 1862 3104 Duce

103 3135 156 3207 pit,
173 3140 265 3191 totum
290 3133 459 3201 exercitum,
479 3150 537 3206 qua
558 3134 657 3190 debuit
682 3135 854 3192 liberalitate
875 3151 954 3191 rece·
1010 3135 1143 3193 lieinrico
1158 3135 1211 3191 riri
1225 3136 1349 3192 illustres
1364 3146 1393 3191 et
1420 3135 1640 3207 sapientissimi;
1666 3136 1862 3209 Arehiepiseo-

103 3223 147 3296 pit
156 3225 192 3294 (8)
206 3242 214 3291 3
229 3238 281 3294 per
296 3227 402 3278 terram
417 3239 508 3291 snam,
526 3239 583 3295 qua
597 3222 724 3294 oportuit
751 3223 954 3279 commoditate
1007 3239 1062 3294 pus
1084 3223 1277 3293 blegnntinus,
1300 3223 1532 3296 archiepiscopus
1550 3222 1778 3296 salzburgensis,
1795 3222 1860 3295 Epi·

103 3310 250 3368 conduxit.
265 3311 392 3366 'laudern
420 3311 577 3385 iluneborg
604 3311 785 3384 perreniens,
809 3311 871 3384 ipse
895 3312 955 3367 suis
1008 3327 1110 3383 scopus
1140 3311 1303 3378 brixiensis,
1334 3309 1488 3385 Episcopus
1515 3308 1771 3382 Wirzebnrgensis,
1795 3311 1859 3382 Epi·

102 3399 348 3470 humeriscorpus
377 3399 561 3470 lmperatoris
588 3398 619 3454 in
643 3398 786 3454 civitatem
813 3400 953 3468 subrexit,
1008 3416 1109 3471 scopus
1142 3397 1434 3472 liegenesburgensis,
1461 3397 1616 3469 Episcopus
1655 3397 1859 3471 strasburgen-

91 3487 392 3561 ‚pietatisexemptum
408 3486 636 3542 athamanitatis
664 3486 802 3542 exhibens
816 3485 953 3554 debitum,
1008 3489 1057 3556 sis,
1091 3487 1248 3560 Episcopus
1278 3487 1462 3552 bataviensis,
1506 3486 1660 3558 Episcopus
1699 3486 1858 3550 Erisiensis,

101 3575 260 3631 exercitum
273 3575 408 3631 diurnare
432 3574 509 3640 iecit,
524 3577 555 3628 nt
582 3573 683 3644 stipsi
708 3573 743 3629 de
768 3573 902 3641 ulilitate,
927 3578 957 3628 et
1007 3577 1102 3632 Ahhas
1140 3576 1297 3644 Fnldensis,
1334 3574 1421 3630 ceteri
1447 3574 1569 3631 abbates
1595 3579 1624 3629 et
1648 3575 1774 3630 Comites
1800 3575 1862 3646 pln-

104 3663 298 3719 oonsolstione
321 3663 404 3736 regni
429 3664 672 3736 colloquerentur,
689 3670 719 3719 et
746 3662 816 3736 equi
843 3662 956 3718 itineris
1009 3664 1086 3719 rimi.

103 3750 282 3823 longitudine
301 3750 368 3807 lessi
382 3756 589 3807 recrearentur.
606 3751 648 3808 lbi
677 3751 839 3823 quibusque
855 3750 956 3807 melio·
1046 3756 1089 3809 lt.
1120 3752 1192 3808 Cum
1212 3751 1256 3806 his
1285 3753 1358 3821 linx,
1385 3749 1484 3806 habito
1521 3749 1654 3819 consilio,
1679 3749 1805 3806 reditum
1833 3750 1861 3805 in

103 3839 183 3895 ribus
199 3839 366 3912 regiadonu
391 3840 508 3908 iaciens,
530 3840 627 3912 junxit
650 3839 706 3895 sibi
734 3855 785 3911 per
800 3836 956 3894 amicitiam
1011 3838 1159 3896 bovariam
1176 3837 1330 3901 simulavit,
1359 3843 1387 3893 et
1416 3836 1497 3908 qnasi
1523 3837 1677 3892 transitum
1696 3838 1861 3910 desperans,

103 3944 177 4000 quos
191 3929 568 3999 postmodumsuscepturns
583 3934 644 3984 erat
658 3928 688 3983 in
702 3926 847 3982 militiam.
1012 3925 1175 3983 loresheim
1196 3925 1282 3981 venit.
1317 3925 1386 3980 lude
1424 3925 1599 3997 hloguntiam
1626 3923 1776 3991 festinans,
1801 3926 1862 3978 sine

139 4020 166 4072 8.
184 4016 290 4071 Deinde
309 4032 374 4070 cum
403 4032 522 4087 corpore
545 4032 634 4088 usqne
655 4020 814 4085 Augustam
838 4013 956 4068 veniens
1010 4013 1217 4085 impedimento
1229 4012 1369 4068 transisit.
1391 4013 1431 4068 lbi
1452 4018 1548 4067 octava
1564 4012 1629 4068 ldus
1656 4007 1734 4067 lunii
1761 4011 1793 4068 in
1808 4012 1862 4068 lie·

104 4103 135 4158 in
166 4103 283 4159 hesilica
314 4104 341 4160 S.
369 4104 452 4171 ltlroe,
481 4106 558 4174 juxta
592 4105 755 4174 sepulcrum
780 4102 808 4157 S.
833 4100 956 4156 Udalriei
1009 4117 1075 4174 gern
1104 4101 1229 4172 eligitur,
1269 4100 1451 4167 acclamatur,
1481 4099 1668 4164 benedicitur,
1695 4106 1860 4155 coronatur.

104 4191 304 4247 decentissime
330 4191 445 4262 sepeliri
468 4191 652 4262 Imperatoris
679 4189 816 4245 interiora
835 4188 910 4253 iecit,
927 4194 956 4244 et
1011 4189 1053 4245 lbi
1071 4189 1169 4246 Franci
1184 4193 1213 4243 et
1226 4188 1408 4245 ilnsellenses
1421 4187 1478 4258 (tn)
1501 4188 1684 4253 conveniunt,
1700 4186 1788 4259 Regis
1800 4188 1861 4242 eiti-

104 4295 157 4351 pro
172 4279 344 4349 animaejus
369 4279 462 4335 eidem
491 4279 618 4335 ecclesiae
639 4283 754 4334 centurn
782 4292 898 4333 mansos
920 4293 954 4332 ex
1009 4277 1133 4345 ciuntur,
1150 4280 1180 4332 et
1204 4276 1381 4347 majestatem
1404 4277 1467 4347 ejus
1491 4292 1524 4331 ex
1550 4275 1646 4332 debito
1676 4280 1860 4330 venerantur.

104 4367 222 4440 propria
234 4366 391 4422 hereditate
413 4367 561 4423 concessit,
591 4367 632 4422 lbi
658 4366 819 4421 valedicens
842 4363 953 4430 ceteris,
1009 4364 1164 4423 Celebratis
1177 4364 1377 4435 igitnrdiebns
1394 4364 1585 4419 ordinationis
1599 4379 1669 4429 sure,
1694 4367 1723 4418 et
1745 4364 1862 4433 quibus·

104 4455 215 4527 lpsead
231 4455 511 4528 propriaremeavit.
536 4456 646 4526 Corpus
678 4453 954 4525 verolmperatoris,
1009 4453 1451 4527 querenientibnsinmilitium
1475 4451 1623 4523 susceptis,
1640 4451 1698 4507 Rex
1727 4451 1862 4507 Rhenum

105 4543 277 4616 aquisgrani
300 4549 491 4599 transvectum
512 4544 680 4612 honorilice,
698 4545 729 4607 ut
753 4541 846 4597 adhnc
864 4541 956 4597 rideri
1009 4541 1114 4597 iterum
1130 4541 1255 4606 transiit,
1270 4557 1336 4597 cum
1361 4540 1485 4596 maxima
1498 4539 1683 4596 multitudine
1698 4539 1862 4611 per0rien-

104 4640 207 4705 potest,
224 4634 254 4689 iu
278 4634 374 4690 medio
401 4635 537 4688 eeclesias.
568 4633 597 4690 S.
630 4632 725 4688 Mariae
744 4631 954 4702 sepultnmest.
1010 4630 1097 4686 talem
1126 4630 1272 4686 Franciem
1299 4629 1328 4684 in
1344 4628 1543 4685 Alemanniarn
1575 4631 1614 4683 ire
1643 4627 1864 4699 properarit,ut

104 4722 196 4787 Quam
218 4722 365 4777 ecclesiam
393 4722 471 4777 idem
499 4721 721 4794 benignissimus
750 4720 910 4792 imperator
928 4723 957 4773 et
1010 4719 1212 4786 lierimannns,
1227 4718 1325 4773 audita
1342 4718 1536 4773 devastatione
1555 4722 1639 4772 terrae
1658 4731 1747 4771 snaea
1768 4721 1864 4787 coapta

105 4811 189 4868 unice
203 4810 311 4879 dilexit,
325 4817 355 4866 ct
369 4810 494 4883 plurima
510 4811 642 4865 facultate
668 4809 778 4865 dilevit.
1010 4807 1166 4864 rebellione
1180 4807 1339 4868 desisteret,
1364 4811 1393 4861 et
1416 4799 1510 4876 cap'ut,
1526 4810 1559 4859 nt
1585 4804 1682 4872 ueteri,
1701 4803 1789 4876 regies
1806 4819 1864 4858 ma

140 4903 167 4954 9.
182 4901 261 4955 Tunc
276 4899 414 4972 temporis
442 4905 508 4972 post
532 4899 696 4955 lieinricnm
722 4898 829 4953 Ducem
845 4896 957 4969 magni·
1006 4895 1103 4966 jesteti
1118 4895 1267 4951 subderet.
1289 4896 1321 4950 ln
1343 4891 1521 4950 Alemanniis
1539 4892 1629 4965 igitur
1657 4892 1716 4948 ilex
1731 4891 1865 4965 pluribus

142 5023 379 5093 (blhucnmhnnc
398 5026 566 5095 corruptum
590 5020 957 5090 esse,recteadrertitCret·
1010 5016 1134 5090 intelligi
1171 5018 1271 5090 possit,
1295 5017 1450 5073 exercitum
1470 5016 1644 5075 liberalitate
1666 5014 1864 5079 conciliatum,

85 5109 205 5160 .serns;
235 5110 336 5151 ventur
367 5094 436 5149 salis
465 5100 554 5165 patet,
586 5093 740 5166 legendnm
769 5097 832 5163 post
852 5092 957 5148 Ottom's
1010 5091 1140 5160 adeoque
1155 5095 1302 5161 receptum
1317 5089 1414 5145 luisse.

106 5168 182 5220 tertii
195 5165 306 5220 obitum.
1046 5159 1083 5231 (9)
1097 5159 1214 5215 Celebre
1230 5159 1284 5214 luit
1299 5176 1350 5226 per
1373 5158 1401 5214 id
1417 5163 1530 5226 tempus
1552 5156 1692 5228 palatium
1707 5173 1724 5211 e
1738 5157 1766 5212 S.
1795 5157 1867 5212 Heu·

142 5234 179 5306 (6)
189 5235 296 5307 Nenrpe
313 5235 495 5307 Burgundire.
1010 5233 1066 5286 rico
1078 5246 1153 5301 saepe
1182 5231 1405 5298 frequentatum,
1433 5233 1465 5283 ut
1483 5229 1547 5301 lege
1571 5228 1647 5301 apud
1662 5228 1824 5283 Dilmarnm
1836 5231 1866 5282 et

84 5314 87 5320 '
141 5311 179 5374 (7)
194 5307 290 5364 Senior
304 5323 356 5378 pro
372 5307 502 5375 domino,
518 5305 596 5379 quod
612 5303 669 5369 hic,
697 5301 772 5374 apnd
798 5302 956 5358 llitrnarum
1010 5299 1499 5358 inAnnelibnsllildesemensibus.

106 5380 137 5432 et
147 5376 220 5432 alios
246 5377 513 5450 frequentissimum
548 5380 601 5444 est,
636 5374 713 5431 unde
738 5372 877 5430 Gallicum
902 5375 956 5429 sei-
1011 5371 1100 5498 sslltll
1116 5370 1247 5496 lntellilge
1256 5372 1427 5497 potamius,
1450 5387 1499 5425 sen
1525 5366 1644 5441 eosqui
1665 5366 1864 5425 adilosellsm

992 5471 994 5475 <
1033 5458 1281 5498 urrumrucoun.

142 5518 181 5588 (8)
193 5489 280 5574 'Forte
308 5521 414 5587 refecit,
436 5519 531 5590 inquit
552 5518 710 5583 Gretserns,
727 5513 856 5590 quemvis
871 5514 957 5571 etiem
