3878 6112
450 275 688 337 uacurronutt
709 278 802 335 LIBIII
819 279 874 336 XX.
892 309 926 321 -·
948 281 1054 338 LIBER
1073 280 1215 341 antuus.
1658 293 1710 350 nlo

70 401 85 455 t
97 398 225 471 episcopi
238 398 326 455 Iihros
340 399 493 472 gentilium
507 418 565 458 non
580 402 687 474 legant.
816 403 841 460 X
895 420 925 458 sa
949 403 1078 477 elegerit,
1107 408 1137 461 et
1160 407 1240 479 quod
1265 422 1366 465 omnes
1389 409 1534 482 principes
1557 417 1641 469 terrae
1671 416 1713 470 eis

70 489 106 545 tlt
127 488 264 561 episcopi,
288 492 376 560 prout
394 490 497 562 vulgus
517 491 681 562 intelligere
704 490 806 562 possit,
897 491 1014 548 obedIre
1027 497 1169 565 oporteat,
1184 498 1213 549 et
1227 495 1320 568 capita
1335 513 1386 553 sua
1399 497 1584 558 submittere.

70 577 149 633 edum
167 577 374 651 proprietatem
388 580 547 635 communis
561 579 667 651 lingue
688 579 806 635 illorum
861 582 980 638 CXXVII.
1001 582 1042 638 Ile
1063 582 1214 656 episcopis,
1230 585 1310 657 quod
1332 586 1503 644 seinvicem
1527 588 1649 661 diligere
1664 590 1713 646 de-

70 665 225 721 ,icalionem
241 673 414 737 temperent.
896 669 994 727 beant.

87 754 283 825 Reprehensio
297 754 426 827 episcopi
450 755 479 811 in
494 756 606 829 pulpito
631 773 757 830 paganos
770 755 806 812 li·
862 758 996 814 CXXVIII.
1017 758 1051 814 Ul
1071 760 1224 832 episcopus
1250 761 1417 835 episcopum
1442 763 1531 819 alium
1559 781 1619 821 non
1642 783 1712 823 con·

85 844 268 914 exponentis,
300 860 334 898 eo
362 845 439 916 quod
467 859 532 900 cnm
563 847 640 902 lovis
674 845 807 903 laudibus
896 846 998 902 culcet.

70 931 96 987 iti
106 932 206 987 laudes
220 948 276 987 non
290 933 471 988 conveniant.
861 933 967 989 CXXIX.
985 933 1025 989 lle
1041 933 1182 1007 episcopis
1196 937 1246 1008 qui
1263 953 1324 994 ase
1338 938 1460 996 fratrum
1479 940 1621 1013 adjutorio
1639 943 1712 999 sub·

100 1020 244 1086 Quantum
272 1020 427 1076 discrimen
452 1021 604 1079 immineat
631 1023 806 1095 pastoribus,
896 1016 1046 1079 traxerint.

70 1108 205 1163 'critatem
221 1109 326 1164 Christi
338 1110 493 1182 predicere
508 1111 667 1183 negligunt.
862 1111 957 1167 CXXX.
973 1112 1014 1167 De
1033 1112 1176 1185 episcopis
1191 1114 1241 1185 qui
1261 1130 1303 1185 se,
1319 1115 1402 1188 quasi
1423 1116 1528 1173 canino
1550 1117 1647 1187 dente,
1663 1118 1711 1174 in·

70 1196 143 1258 luod
166 1196 334 1269 episcopum
359 1203 492 1268 oporteat
513 1199 576 1255 sine
594 1199 807 1256 intermissione
896 1200 987 1256 vicem
1001 1201 1185 1257 corroserint.

70 1285 145 1340 anm
159 1285 362 1354 suamdocere,
380 1291 408 1341 et
422 1303 529 1343 amare.
861 1288 970 1346 CXXXI.
1002 1290 1042 1346 Ile
1077 1289 1219 1363 episcopie
1251 1292 1301 1365 qui
1333 1293 1470 1350 iratribus
1501 1310 1604 1352 nocere
1637 1295 1712 1353 desi·

70 1375 227 1445 ignorantia
247 1375 382 1431 omnihus
405 1375 527 1431 manime
552 1376 747 1433 sacerdotibus
761 1377 807 1432 vi·
897 1376 1010 1434 derant.

70 1477 89 1517 ι.
861 1465 981 1522 CXXXII.
1000 1466 1036 1521 Ut
1056 1465 1092 1521 de
1107 1467 1239 1540 episcopo
1258 1484 1310 1524 sno
1333 1469 1431 1525 nullus
1453 1471 1600 1542 querelam
1615 1470 1710 1539 iaciat,

83 1549 235 1622 spiscopus
259 1549 428 1608 dissidentes
446 1554 620 1609 concordare
641 1554 804 1626 compellat.
897 1552 951 1607 nisi
967 1552 1047 1623 prius
1063 1569 1127 1608 oum
1140 1554 1175 1609 de
1190 1555 1291 1615 eadem
1306 1572 1382 1628 sepe
1397 1557 1571 1628 interpellet.

92 1637 123 1693 iu
143 1638 190 1695 die
215 1639 363 1695 [lominica
386 1657 484 1697 rerum
505 1642 728 1713 dijudicationes
747 1659 805 1698 non
820 1685 843 1741 B
861 1641 995 1698 CXXXIII.
1022 1643 1058 1698 Ut
1081 1642 1209 1716 episcopi
1233 1660 1250 1699 a
1274 1644 1335 1701 solo
1364 1646 1488 1701 Domino
1515 1646 1573 1701 siut
1603 1645 1711 1717 dijudi-

70 1768 73 1781 .
896 1728 990 1785 candi.

70 1815 255 1871 edomestica
269 1820 299 1871 et
313 1816 444 1872 interiori
458 1819 681 1875 conuersatione.
862 1817 993 1873 CXXXIV.
1021 1817 1111 1873 Nimis
1137 1819 1298 1876 timendum
1322 1825 1351 1877 et
1373 1821 1590 1894 providendum
1612 1837 1650 1877 ne
1673 1821 1712 1878 oi·

71 1909 84 1960 t
107 1905 260 1977 episcopus
283 1905 367 1978 quasi
392 1905 498 1978 hospes
525 1923 555 1963 se
583 1908 730 1965 continere
757 1909 806 1965 da·
896 1905 1201 1978 tendanturepiscopi.

862 1991 979 2047 CXXXV.
1003 1992 1044 2047 lle
1058 1992 1201 2064 episcopis
1220 1993 1272 2065 qui
1297 1996 1333 2051 ab
1358 1997 1461 2052 ovibus
1479 1998 1537 2054 suis
1560 1997 1713 2053 criminan-

78 2081 206 2155 episcopi
218 2081 383 2155 frequenter
397 2083 498 2139 missas
510 2084 664 2141 celebrent.
896 2084 953 2146 tur,
976 2085 1120 2136 uteorum
1135 2079 1299 2137 criminatio
1311 2098 1368 2138 non
1383 2085 1550 2155 recipiatur.

70 2170 260 2243 aepiscopus
281 2171 374 2241 pretio
401 2179 553 2245 corruptus
578 2173 698 2229 alterius
720 2174 807 2231 cleri·
861 2166 992 2223 CXXXVI.
1027 2168 1181 2241 Episcopus
1210 2185 1228 2224 a
1254 2171 1314 2225 suis
1339 2172 1440 2229 ovibus
1468 2189 1526 2228 non
1551 2174 1711 2246 reprehen-

70 2258 205 2315 ordinare
218 2266 386 2330 praesumat.
895 2256 1015 2324 dendus,
1031 2257 1109 2327 quod
1127 2256 1213 2325 ahsit,
1228 2258 1284 2314 nisi
1298 2258 1329 2315 in
1347 2259 1404 2316 flde
1423 2261 1591 2318 erraverint.

70 2348 90 2403 It
112 2348 267 2420 episcopus
290 2349 408 2405 clericos
423 2350 541 2406 alterius
556 2351 701 2422 parochias
713 2351 806 2408 nulla·
861 2343 1008 2401 CXXXVII·
1024 2345 1064 2399 De
1080 2345 1180 2400 eadem
1195 2361 1236 2400 1⁸0·

70 2452 76 2490 t
89 2437 213 2495 ordinet.
861 2431 1021 2488 CXXXVIII.
1038 2434 1079 2487 lle
1093 2433 1194 2488 eadem
1208 2449 1250 2489 re.

72 2523 109 2580 lit
127 2525 225 2580 nullus
243 2524 404 2597 episcopus,
425 2525 455 2581 in
473 2526 591 2582 alterius
607 2528 735 2602 episcopi
756 2546 807 2602 pa·
861 2520 991 2578 CXXXIX·
1013 2522 1053 2577 De
1068 2521 1169 2576 eudem
1182 2538 1222 2577 re·

70 2613 102 2681 la,
118 2613 155 2668 nd
174 2614 386 2686 promotionem
400 2615 553 2672 ministerii
574 2619 709 2674 accedere
731 2633 806 2690 pm.
861 2609 934 2664 CXL.
951 2610 989 2665 lia
1002 2608 1149 2665 infamatis
1164 2614 1193 2665 et
1211 2610 1373 2667 dilaceratis
1394 2612 1546 2686 episcopis,
1569 2617 1599 2668 et
1612 2629 1630 2669 a
1642 2613 1709 2669 ciri·

70 2706 96 2757 it.
896 2697 1003 2753 tatibm
1017 2698 1141 2770 propriis
1155 2698 1257 2770 pulsis.

70 2789 249 2863 aepiscopus
271 2790 388 2846 alterius
403 2792 533 2847 Ecclesia
558 2793 692 2850 clericum
717 2794 805 2851 auda.
860 2785 948 2842 CXLI.
974 2786 1010 2842 Ut
1024 2788 1175 2858 epiecopus
1197 2803 1258 2843 nou
1279 2787 1463 2860 dijudicetur,
1478 2787 1529 2860 qui
1551 2788 1611 2843 sois
1625 2787 1711 2843 rebus

70 2878 197 2933 invadere
212 2883 338 2935 attentet.
895 2880 939 2931 est
952 2877 1135 2947 exspoliatus.

79 2981 137 3021 non
152 2966 361 3038 presumendIs
376 2965 481 3022 illicitis
495 2968 736 3025 ordInationihns.
820 2973 841 3030 c
860 2964 960 3019 CXLII.
977 2964 1015 3019 lie
1027 2964 1126 3018 eadem
1142 2979 1182 3020 re.

70 3068 85 3109 s
100 3054 234 3125 episcopo
248 3070 334 3122 caeco,
349 3055 409 3127 qui,
428 3072 479 3127 per
492 3058 694 3130 presbyterum
709 3075 804 3128 strum,
861 3054 976 3110 CXLIII.
994 3054 1034 3108 lle
1050 3054 1151 3108 eadem
1164 3070 1204 3109 re.

70 3147 190 3215 sylorum
206 3148 235 3197 et
248 3144 384 3199 dlaconus
399 3145 470 3200 dnos
490 3147 680 3206 ordinaverat.
860 3142 969 3198 CXLIV.
1005 3142 1040 3198 Ut
1070 3142 1198 3214 episcopi
1220 3141 1368 3197 criminati
1400 3141 1489 3197 libem
1522 3142 1711 3214 apostolicam

70 3230 136 3295 luod
155 3247 212 3286 non
234 3236 365 3302 oporteat
389 3233 556 3307 episcopum
578 3252 632 3307 per
653 3238 806 3311 panoniam
896 3231 1045 3302 appellent
1067 3230 1175 3299 sedem,
1191 3236 1220 3287 et
1243 3232 1380 3302 pleraque
1398 3230 1455 3286 alia
1469 3230 1545 3286 circa
1565 3230 1709 3303 judicium

69 3319 158 3391 spiam
172 3320 318 3376 ordinere.
895 3319 1082 3374 obseruanda.

70 3406 146 3474 Quod
160 3424 265 3464 munus
279 3410 365 3467 etiam
381 3411 559 3484 sitalingua
574 3413 733 3469 vitandum.
859 3409 953 3466 CXLV.
984 3409 1140 3483 Episcopus
1168 3408 1193 3464 si
1217 3407 1252 3464 ab
1277 3408 1376 3481 aliquo
1401 3408 1544 3479 pulsatur,
1570 3423 1624 3479 per
1648 3409 1709 3482 epi-

70 3496 98 3552 lt
119 3512 176 3552 non
202 3498 296 3554 valeat
320 3500 462 3555 sententia
482 3502 620 3574 episcopI,
645 3502 702 3557 nisi
720 3503 804 3558 clari·
894 3497 1213 3569 scoposjudieescausa
1227 3495 1354 3552 finietur·

70 3600 91 3640 n
105 3600 223 3659 suorum
240 3587 394 3659 praesentia
406 3587 548 3644 firmetur.
859 3586 968 3641 CXLVI.
1011 3586 1051 3641 lle
1066 3606 1069 3611 ·
1086 3584 1226 3658 episcopis
1257 3584 1404 3657 judicibus
1439 3599 1511 3655 quos
1547 3570 1710 3639 conimnuis

71 3677 82 3728 t
101 3674 254 3745 episeopus
278 3676 436 3731 secundum
460 3677 586 3733 reditum
600 3677 804 3746 Ecclesiarum,
894 3690 996 3730 sensus
1011 3675 1141 3745 elegerit.

70 3776 143 3816 srnm
159 3761 329 3819 clericorum
344 3762 438 3820 lacIat.
859 3762 981 3818 CXLVII.
1025 3764 1061 3818 Ut
1096 3759 1224 3834 episcopi
1260 3759 1516 3832 comprovInciales
1556 3761 1711 3831 peregriua

70 3850 97 3905 le
108 3849 249 3923 episcopis
264 3853 435 3924 peregrinis.
890 3851 1001 3923 judicia
1012 3867 1070 3906 non
1085 3850 1246 3922 patiuntur.

74 3937 110 3994 Ut
124 3940 236 3995 levitate
252 3946 387 4012 vagantes
404 3942 544 4015 episcopi,
565 3943 601 4000 ad
616 3942 734 4016 propria
756 3958 803 3998 re·
859 3938 992 3996 CXLVIII.
1017 3940 1057 3995 De
1081 3939 1217 4012 episcopo
1236 3936 1398 4003 criminato,
1414 3936 1438 3992 si
1458 3936 1582 4010 judicem
1607 3952 1709 4011 suspe-

70 4029 284 4099 nompcllantur.
894 4032 972 4082 chrm
987 4027 1129 4083 habuerit.

94 4116 226 4182 Quandiu
243 4119 437 4192 episcopusin
462 4121 557 4177 aliena
578 4121 692 4177 civitate
706 4137 804 4177 remo-
858 4115 967 4173 CXLIX.
983 4115 1014 4171 Si
1036 4115 1101 4188 quis
1120 4113 1317 4187 episcopusin
1342 4112 1463 4168 crimine
1489 4113 1623 4170 detentus
1643 4114 1710 4170 iue-

894 4207 942 4274 rit,
968 4208 996 4260 et
1019 4221 1078 4260 non
1098 4209 1193 4276 potest
1216 4203 1358 4275 plurimos
1381 4217 1568 4274 congregare,
1593 4218 1611 4258 a
1635 4203 1708 4258 dno·

70 4292 101 4348 le
119 4294 309 4367 suscipiendis
331 4295 474 4369 epIscopis
499 4296 550 4371 qui
573 4296 802 4371 persecutionem
894 4292 986 4349 decIm
1001 4292 1143 4364 episcopis
1158 4291 1304 4347 audiatur.

73 4386 150 4436 ntur.
857 4381 910 4438 CL.
927 4382 967 4437 De
988 4381 1125 4453 episcopo
1147 4379 1309 4445 criminato,
1327 4378 1350 4434 si
1371 4377 1499 4452 episcopi
1524 4378 1710 4452 comprovin-

70 4468 153 4524 eillis
167 4469 216 4540 qui
231 4486 262 4525 se
276 4469 376 4527 dicunt
390 4468 539 4544 episcopos
554 4489 624 4529 esse.
892 4470 978 4526 ciales
992 4469 1024 4526 iu
1035 4470 1099 4542 ejus
1112 4468 1315 4524 criminatione
1327 4467 1524 4523 dissenserint.

70 4557 176 4612 naliter
190 4559 338 4630 peregrini
357 4561 484 4633 episcopi
496 4561 682 4633 recipiantur.
857 4559 923 4616 CLI.
950 4558 986 4614 Ut
1013 4557 1156 4629 episcopis
1181 4557 1278 4612 nulius
1305 4556 1396 4611 lalcus
1423 4555 1533 4611 crimen
1559 4555 1709 4628 imponere

71 4646 112 4702 lle
126 4646 267 4719 episeopis
285 4647 329 4703 vel
353 4649 526 4721 presbyteris
544 4649 660 4723 ignotis,
680 4653 712 4705 ut
735 4655 803 4706 ante
892 4646 993 4719 possit.

70 4734 186 4790 suonam
211 4736 377 4808 synodalem
409 4738 573 4794 ministrare
599 4754 659 4794 non
681 4738 803 4810 permit·
857 4736 934 4793 CLII.
949 4734 1032 4802 Quod
1045 4733 1156 4791 Inimici
1171 4736 1350 4788 accusatores
1368 4748 1428 4789 esse
1445 4733 1640 4806 nonpossint.

70 4837 97 4877 n.
856 4826 949 4881 CLllI.
967 4824 1004 4881 Ut
1025 4822 1152 4895 episcopi
1171 4825 1370 4877 accusatorum
1383 4822 1585 4894 episcoporum
1599 4821 1709 4895 JndIces

86 4910 123 4967 Ut
147 4911 299 4983 episcopus
314 4914 469 4970 hostilitate
494 4913 630 4987 expulsus
655 4916 690 4971 ad
715 4916 802 4971 aliam
891 4929 953 4969 esse
963 4912 1095 4969 debeant.

70 5003 136 5054 item
150 5005 277 5056 transeat
292 5003 457 5058 EcclcsIam.
856 5002 943 5058 CLIV.
969 5001 1098 5067 Qualiter
1118 5000 1266 5054 accusatus
1284 4997 1438 5069 episcopus
1459 4997 1657 5054 discutiendos
1671 4998 1709 5054 sit

91 5088 132 5142 Ile
168 5088 311 5161 episcopis
348 5092 427 5164 qnod
465 5108 566 5147 omncs
599 5091 732 5148 homines
759 5093 802 5148 eis
892 5090 969 5163 apud
996 5088 1172 5163 patriarchas
1199 5087 1244 5143 vel
1265 5087 1413 5159 prImates,
1438 5091 1467 5142 et
1492 5093 1564 5159 quot
1586 5087 1707 5143 testibus

70 5174 176 5231 ebedire
196 5176 330 5234 debeant.
891 5178 1022 5234 convinci
1036 5177 1150 5233 debeat.

71 5263 154 5330 ouon
178 5266 303 5338 episcopi
332 5267 424 5323 claves
442 5268 500 5324 sint
528 5269 669 5338 Ecclesia,
695 5273 724 5326 et
750 5269 802 5326 ha·
856 5269 932 5326 CLV.
950 5269 988 5323 lle
1001 5266 1170 5340 patriarchis
1189 5268 1218 5321 et
1227 5263 1407 5338 prImatibns.

70 5359 261 5427 zpotestatem
276 5356 409 5413 claudere
428 5361 543 5428 coelum,
563 5363 593 5414 et
607 5360 718 5432 aperire
731 5375 801 5431 por·
856 5357 946 5414 CLVI.
963 5357 1003 5411 lle
1020 5355 1169 5411 vocatione
1182 5352 1305 5409 accusati
1321 5352 1461 5426 episcopi.

72 5457 116 5498 us.
856 5445 958 5503 CLVII.
977 5444 1013 5502 Ut
1033 5443 1171 5512 primates
1187 5443 1222 5499 de
1242 5446 1375 5497 accusato
1398 5440 1535 5514 episcopo
1556 5457 1616 5497 non
1640 5446 1705 5497 ante

85 5530 166 5596 Quod
189 5533 338 5607 episcopos
363 5534 501 5591 Dominus
523 5533 560 5592 ad
580 5534 801 5609 glorificandum
891 5532 1065 5591 sententiam
1077 5531 1226 5606 proferant
1239 5529 1441 5600 damnationis,
1456 5544 1544 5604 qum
1559 5534 1609 5586 snt
1621 5545 1705 5586 reum
1776 5519 1784 5531 ’
