3878 6112
105 286 157 340 579
645 283 847 341 utittcttettut
868 283 1136 341 woutttctuttsts
1154 283 1322 342 miscuit.
1756 262 1759 266 ’
1809 285 1861 338 580

412 406 591 472 iuterrogatio
605 406 650 460 78.
967 408 1072 475 Anus,
1095 406 1172 478 quod
1203 406 1265 460 sine
1289 403 1461 461 verecundia
1483 419 1645 461 memorare
1671 422 1733 462 nou
1757 423 1864 479 possu-

140 492 380 549 llenunciandum
399 493 583 564 etiamquam
599 509 735 565 magnum
752 493 896 566 piaculum
917 495 955 550 sit
1008 511 1083 562 mus,
1105 494 1316 550 fraternitatem
1341 499 1421 549 tuam
1443 494 1674 560 Grammatioam,
1691 501 1723 550 et
1739 496 1789 551 illa
1812 496 1864 551 dii·

102 598 204 637 usuras
228 582 351 653 exigere,
377 584 405 635 et
419 582 454 638 de
477 583 572 638 alieno
586 582 686 637 fenore
700 584 773 637 velle
802 583 952 651 ditescere,
1006 583 1128 639 ficiliora
1153 583 1326 656 quibusdam
1350 598 1504 655 exponere.
1535 582 1626 648 Quam
1649 599 1713 640 rem
1737 583 1780 639 ita
1801 599 1863 639 mo·

103 675 131 725 et
149 671 224 742 quod
248 670 321 724 sacri
346 685 469 725 canones
489 672 561 726 tales
581 671 615 726 ab
640 671 762 726 Ecclesia
777 672 841 744 ejici
852 672 953 744 praeci-
1007 673 1077 728 leste
1101 672 1289 743 suscepimus,
1322 688 1355 726 ac
1377 688 1477 726 sumus
1506 673 1694 730 vehementer
1724 689 1862 746 asperna-

102 759 193 833 piaut.
1007 761 1040 829 ti,
1064 765 1097 816 ut
1120 777 1154 816 ea
1171 776 1237 832 qttoe
1259 760 1340 832 prius
1361 759 1438 816 dicta
1459 761 1586 830 fuerunt,
1615 760 1646 816 iu
1670 764 1815 833 gemitum
1835 769 1869 818 et

403 850 586 919 iuterrogatio
603 853 647 904 itt.
1005 849 1149 905 tristitiam
1171 853 1372 929 verteremus.
1398 849 1467 920 quia
1486 850 1517 904 in
1539 865 1599 905 uno
1623 866 1674 905 ore
1698 865 1765 905 cum
1786 851 1868 907 lovis

140 938 188 992 list
209 935 312 1007 aliquia
332 937 384 1009 qui
404 943 522 1008 propter
544 938 732 1010 cupiditatem
750 939 882 994 Judaeum
908 940 951 994 rel
1005 938 1149 1006 laudibus,
1173 937 1279 993 Christi
1302 938 1399 993 laudes
1418 953 1479 993 esse
1493 954 1552 993 non
1575 944 1706 1010 possunt.
1723 941 1757 995 Et
1773 956 1865 1011 qnam

103 1038 249 1094 paganum
265 1025 465 1081 interfecerit?
586 1085 588 1087 ,
1004 1042 1091 1097 grave
1109 1026 1325 1098 nefandumque
1349 1025 1386 1081 sit
1403 1027 1547 1098 episcopis
1569 1043 1682 1093 cauere,
1706 1030 1786 1099 quod
1810 1044 1868 1083 uec

414 1117 650 1184 litterrogutiobtt.
1004 1115 1076 1171 laico
1099 1115 1232 1187 religioso
1255 1115 1414 1171 conveniat.
1441 1117 1474 1170 Et
1494 1116 1626 1187 quamvis
1655 1116 1867 1173 dilectissimus

139 1201 187 1256 Est
208 1200 311 1273 aliquis
335 1201 483 1258 insaniens
497 1203 548 1274 qui
561 1204 689 1275 aliquem
713 1203 864 1262 hominem
876 1204 950 1261 ocei-
1003 1204 1080 1260 fitius
1096 1208 1195 1259 noster
1209 1203 1351 1260 Candidus
1367 1202 1519 1275 presbyter
1533 1205 1720 1276 postmodum
1730 1205 1861 1277 veniens,

101 1287 199 1344 derit?
1003 1293 1102 1349 hacde
1124 1308 1155 1346 re
1177 1291 1322 1347 subtiliter
1340 1293 1495 1363 requisitus
1518 1293 1677 1364 negaverit,
1706 1299 1797 1365 atque
1811 1310 1860 1350 vos

408 1381 586 1447 iuterrogatio
603 1382 646 1435 et.
1003 1384 1122 1437 conatus
1149 1379 1237 1435 luerit
1260 1395 1413 1435 excusare:
1443 1380 1479 1436 de
1502 1387 1601 1437 nostro
1630 1385 1732 1435 tauma
1767 1381 1855 1437 adhuc

136 1464 182 1518 Est
201 1463 306 1536 aliquis
322 1466 371 1536 qui
399 1468 530 1522 arborem
555 1468 723 1535 succideret,
740 1472 769 1523 et
783 1469 851 1523 dum
868 1468 949 1539 operi
1004 1470 1104 1524 animo
1119 1485 1180 1525 non
1199 1467 1336 1523 recessit:
1361 1468 1591 1540 quiaquantum
1617 1469 1798 1524 exsecrabile
1819 1475 1854 1525 est

101 1552 260 1606 necessario
279 1553 435 1622 insisteret,
460 1556 563 1626 aliquis
589 1558 688 1612 subtus
711 1557 843 1613 arborem
867 1558 949 1614 deve·
1002 1557 1108 1613 boeda
1132 1556 1280 1612 sacerdote
1297 1556 1436 1624 enarrari,
1459 1560 1539 1611 tanto
1556 1562 1655 1611 utrum
1680 1557 1722 1611 ita
1743 1573 1853 1612 necesse

53 1650 56 1656 ⁴
100 1639 192 1707 niens,
208 1641 363 1712 improvise
377 1644 616 1715 opprimeretur?
963 1695 984 1750 B
1003 1647 1040 1701 sit
1052 1646 1180 1701 districta
1194 1652 1221 1701 et
1236 1644 1332 1700 veraci
1352 1649 1466 1718 oportet
1484 1644 1679 1701 satisfactione
1711 1647 1850 1717 cognosci.

410 1733 591 1801 iuterrogatio
606 1735 650 1788 82.
1005 1735 1084 1790 Unde
1100 1736 1203 1805 sipost
1226 1733 1281 1788 hoc
1302 1732 1451 1789 evidenter
1464 1731 1526 1788 hoec
1544 1749 1609 1804 quae
1621 1733 1656 1787 ad
1679 1748 1735 1786 nos
1748 1733 1851 1803 perlata
1892 1755 1895 1767 ⁴

135 1816 184 1872 list
207 1817 311 1889 aliquis
341 1820 392 1892 qui
425 1822 636 1892 conjurationes
662 1826 691 1876 et
722 1823 948 1896 conspirationes
1002 1828 1069 1877 sunt
1083 1822 1153 1876 falsa
1167 1836 1229 1875 esse
1242 1820 1407 1884 claruerint,
1433 1835 1589 1892 naqnevos
1605 1820 1693 1891 nugis
1715 1826 1746 1875 et
1767 1837 1848 1876 saecu·

100 1907 279 1964 sectaretur?
1002 1911 1110 1966 laribus
1119 1909 1222 1965 litteris
1236 1908 1350 1964 studere
1366 1908 1539 1976 constiterit,
1554 1913 1585 1962 et
1595 1908 1654 1967 lleo
1677 1913 1780 1963 nostro
1794 1923 1849 1978 gra·

408 2000 589 2066 interrogatio
605 2001 648 2054 8³.
1002 1999 1056 2055 tias
1078 2013 1208 2071 agamus,
1229 1997 1280 2069 qni
1296 2013 1346 2051 cor
1367 2001 1494 2052 vestrum
1514 1995 1652 2051 maculari
1680 1996 1848 2068 blasphemis

134 2084 181 2138 Est
206 2084 311 2157 aliquis
338 2086 388 2158 qui
415 2087 564 2142 ecclesiam
592 2091 641 2142 aut
664 2087 800 2142 clericum
825 2087 947 2160 fatigare
1001 2089 1190 2143 nefandorum
1212 2085 1418 2141 landihuenon
1432 2084 1573 2154 permisit,
1596 2090 1626 2140 et
1647 2085 1848 2143 decomden

99 2174 339 2244 presumpserit?
1001 2177 1045 2232 dis
1060 2192 1125 2249 qum
1141 2174 1256 2246 poscitis
1270 2174 1363 2230 securi
1371 2173 1432 2245 jam
1446 2178 1477 2227 et
1489 2173 1656 2244 siuealiqua
1671 2173 1848 2231 dubitatione

415 2264 650 2332 luterrogutiotll.
999 2269 1166 2320 tractemus.

136 2348 344 2419 inquirendum
374 2351 410 2406 de
443 2353 553 2424 refugis
577 2355 606 2406 et
628 2352 746 2423 perfidis
778 2352 888 2409 clericis
918 2357 948 2409 et
1000 2370 1065 2425 epp,
1084 2370 1199 2425 xgvm,
1219 2400 1254 2410 -
1274 2370 1411 2434 quamam
1431 2369 1578 2424 apprime„
1597 2371 1742 2423 immineat
1760 2374 1843 2439 Μ.

98 2434 188 2493 laicis.
326 2434 328 2437 ’
1034 2441 1111 2496 ribus
1123 2444 1175 2511 qut
1185 2443 1326 2495 ceritatem
1339 2441 1442 2496 Christi
1450 2439 1603 2510 predicare
1612 2436 1763 2508 negligunt.

409 2530 642 2600 interrogatiosstt.
1041 2528 1096 2599 (uc
1126 2529 1198 2583 deor.
1238 2529 1325 2583 ltarct
1361 2543 1454 2598 pape,
1488 2529 1682 2597 AEgpptv'orum
1719 2531 1845 2599 episcopis

132 2613 363 2671 Perconrandum
380 2617 414 2672 rte
436 2619 598 2674 confratriis
622 2624 652 2674 et
672 2618 881 2674 fraternitatem
900 2634 945 2674 so·
997 2619 1101 2684 missis,
1126 2632 1186 2687 cup.
1210 2618 1250 2688 ³.)
1272 2616 1321 2674 Voe
1340 2616 1417 2670 enim
1433 2615 1488 2671 erit
1503 2615 1596 2682 nobis,
1616 2616 1669 2687 qui
1687 2616 1776 2687 hujus
1796 2618 1844 2671 mi-

95 2699 245 2757 cietatihus
260 2705 384 2775 qualiter
395 2705 426 2760 in
440 2705 577 2777 parochia
592 2712 724 2779 agantur.
999 2705 1110 2760 nisterii
1129 2720 1203 2760 onus
1219 2708 1384 2774 susceptum
1409 2702 1559 2772 hahemus,
1584 2703 1608 2758 si
1621 2703 1773 2760 veritatem
1787 2704 1846 2761 su·

31 2865 39 2871 ,
397 2796 577 2861 lutuvogatio
591 2796 639 2850 86.
1000 2795 1103 2850 vetoris
1127 2792 1219 2848 nostri
1243 2794 1310 2849 lesa
1334 2791 1450 2857 Christi,
1477 2807 1564 2863 quam
1593 2792 1719 2864 apostoli
1742 2793 1845 2864 predi-

131 2879 374 2952 lnterrogandum
389 2883 413 2936 si
432 2883 542 2938 cantica
565 2883 662 2954 turpia
681 2886 710 2937 et
721 2883 810 2937 risum
825 2900 944 2939 moven·
999 2885 1144 2947 caverunt,
1159 2880 1316 2954 praedicare
1338 2880 1558 2952 neglexerimus.
1576 2882 1624 2936 Vre
1639 2881 1695 2937 erit
1713 2880 1808 2949 nebia,
1824 2880 1846 2934 si

96 2963 136 3020 tia
148 2967 252 3039 aliquis
266 2969 340 3024 circa
357 2970 505 3026 ecclesiam
520 2976 635 3025 cantare
646 2974 811 3043 praesumat.
960 2967 980 3022 C
1000 2971 1113 3025 silentio
1134 2970 1283 3031 veritatem
1305 2968 1544 3041 oppresserimus,
1560 2969 1610 3040 qui
1625 2984 1748 3039 erogare
1765 2985 1845 3025 num·

402 3060 586 3126 interrogatio
600 3062 644 3114 87.
998 3059 1128 3114 muiariis
1140 3058 1287 3130 jubemur,
1303 3057 1331 3114 id
1346 3062 1400 3125 est,
1416 3056 1592 3112 Christianos
1606 3058 1731 3129 pupulos
1741 3058 1847 3113 imbue-

130 3142 358 3214 Perquireudum
383 3148 408 3201 si
426 3148 532 3218 aliquis
547 3147 695 3201 ecclesiam
717 3146 840 3210 intrans,
864 3147 944 3202 fabu-
997 3164 1029 3203 re
1055 3153 1084 3202 et
1103 3148 1216 3202 docere.
1240 3145 1314 3212 Quid
1337 3145 1368 3200 in
1393 3145 1485 3217 ipsius
1500 3145 1604 3201 Christi
1623 3145 1722 3200 futuro
1744 3145 1845 3201 dicturi

94 3228 130 3282 lis
146 3246 246 3287 vacare
258 3235 415 3301 consuevit,
431 3240 460 3289 et
475 3251 532 3289 non
548 3235 700 3307 diligenter
713 3236 854 3290 auscultat
868 3236 943 3290 divi·
997 3248 1096 3287 snmus
1111 3230 1252 3296 examine,
1277 3229 1301 3285 si
1317 3227 1459 3285 sermonis
1474 3229 1537 3300 ejus
1559 3228 1709 3284 veritatem
1725 3231 1844 3285 confun-

94 3320 269 3394 naeloqnia,
284 3328 313 3381 et
334 3324 358 3379 si
374 3328 528 3396 antequam
553 3323 636 3380 tfissa
650 3323 777 3391 finiatur,
798 3323 833 3379 de
853 3324 942 3379 eccle·
995 3310 1094 3376 'climur
1116 3317 1297 3391 praedicare?
1311 3317 1385 3383 Quid
1403 3317 1459 3373 erit
1473 3317 1509 3372 de
1525 3316 1617 3386 uobis,
1631 3333 1698 3373 cum
1718 3318 1756 3374 de
1769 3334 1846 3374 com·

95 3421 137 3476 sia
147 3413 274 3475 exierit?
997 3409 1091 3464 missis
1113 3408 1196 3463 nobis
1211 3406 1373 3472 animabus,
1396 3404 1479 3461 etde
1499 3404 1594 3460 officio
1613 3410 1746 3478 suscepto
1761 3408 1845 3462 ratio-

395 3502 577 3570 lnterrogatio
592 3504 637 3556 88.
996 3513 1064 3554 nem
1089 3498 1184 3568 justus
1201 3495 1291 3566 judex
1319 3492 1448 3550 Christus
1476 3493 1550 3548 heus
1576 3497 1675 3549 noster
1688 3494 1844 3550 districtam

130 3591 368 3664 interrogandum
384 3590 408 3644 si
432 3589 618 3657 oblationem,
637 3589 666 3645 id
681 3592 724 3643 est
737 3604 842 3661 panem
857 3592 886 3645 et
901 3590 943 3643 vi·
996 3584 1145 3656 exegerit?

94 3702 176 3753 num,
193 3684 247 3738 viri
267 3686 296 3736 et
321 3679 438 3735 femiuae
463 3677 755 3745 aditissasouerant,
782 3682 812 3733 et
836 3677 860 3731 si
885 3694 941 3732 non
997 3690 1060 3745 epp,
1088 3689 1172 3744 xcix,
1192 3718 1224 3728 ..
1253 3685 1329 3754 Quod
1352 3688 1507 3756 episcopum
1531 3689 1655 3755 oporteat
1680 3687 1741 3740 me
1762 3687 1844 3741 rm.

66 3798 70 3804 ·
92 3773 145 3829 viri
168 3771 307 3842 conjuges
333 3767 466 3832 offerant,
485 3781 540 3837 pro
568 3782 598 3821 sa
622 3767 739 3837 suisque
755 3764 888 3821 omnihus
911 3769 943 3820 ut
1065 3762 1193 3815 missio-uc
1207 3759 1360 3814 Ecclesiam
1373 3771 1455 3814 suum
1470 3757 1711 3811 dorercetomure.

92 3863 122 3919 iu
136 3877 244 3918 canone
258 3855 446 3914 continetur?
1032 3848 1108 3919 (cap.
1126 3848 1255 3903 Ecurr'ste'
1265 3860 1346 3916 pape
1369 3847 1398 3912 V,
1418 3845 1542 3901 omnibu?
1554 3860 1605 3915 lm
1616 3846 1766 3915 meppiam
1785 3847 1844 3914 ΙΝ·

129 3954 193 4008 Cir.
222 3949 298 4004 XCV.
326 3977 363 3986 -
387 3947 420 4000 Ut
447 3946 566 4014 episcopi
602 3945 684 3999 libros
717 3943 862 4011 gentilium
889 3957 942 3999 non
997 3936 1228 4005 tribuamissum.)
1246 3934 1414 4005 Episcopum
1426 3949 1493 3988 vero
1508 3938 1625 4004 oportet
1638 3938 1806 4004 opportune
1818 3938 1846 3986 at

470 4016 570 4084 1?th-
995 4024 1160 4095 importune
1180 4027 1265 4094 atque
1285 4021 1347 4077 eine
1361 4020 1573 4077 intermissione
1592 4021 1748 4076 Ecclesiam
1765 4037 1843 4076 suam

129 4112 186 4177 (Εω
213 4108 307 4164 comil-
331 4104 479 4173 Olmiai-2
502 4118 562 4173 ⁰0?-
585 4101 942 4174 ¹⁶·)U1⁰lli³c⁰lli¹ib¹”⁰³
995 4113 1096 4168 docere
1106 4128 1226 4183 eamque
1235 4110 1392 4183 prudenter
1403 4124 1502 4180 regere
1511 4114 1539 4164 et
1548 4124 1656 4176 amare,
1667 4109 1844 4164 utavitiisse

92 4197 245 4270 gentilium
268 4209 325 4249 non
349 4192 459 4263 legant:
477 4191 678 4247 hereticorum
699 4195 796 4246 autem
817 4206 870 4262 pro
890 4205 976 4296 nun
995 4202 1146 4270 abstineat,
1173 4207 1204 4255 ur
1230 4201 1351 4255 salutem
1375 4199 1511 4271 commi
1537 4199 1629 4270 possit
1647 4204 1797 4254 mmm,
1812 4198 1845 4253 gt

93 4287 224 4341 ῡθῦδῑῑθῑθ
234 4288 263 4338 ⁶²
273 4288 412 4352 ῙθῐΰΡθΡθ·
994 4291 1044 4347 illa
1057 4306 1122 4345 cum
1137 4294 1216 4345 tanta
1240 4287 1400 4344 reverentia
1423 4287 1485 4358 ejus
1499 4287 1659 4343 doctrinam
1675 4287 1761 4342 debet
1781 4298 1841 4342 sus·-

93 4375 158 4431 Ctl'·
176 4372 263 4457 ΨΜ·
287 4398 324 4412 -
349 4371 383 4425 Ui
409 4370 538 4452 θῬῑδΰθΡῑ,
561 4371 644 4438 timui
666 4368 763 4452 vulin?
789 4368 939 4452 ῑῖῑὶθῑῑῑθθΐθ
992 4381 1100 4451 cipere,
1125 4394 1250 4449 eumque
1276 4392 1374 4431 amare
1393 4381 1422 4430 et
1440 4375 1572 4446 diligere,
1592 4380 1625 4430 nt
1648 4376 1778 4445 legatum
1793 4374 1840 4430 het

127 4449 215 4515 9⁰⁸⁸²²
241 4440 387 4525 ‘mim
404 4443 597 4509 mmmm
621 4454 768 4494 mmmm
787 4440 887 4508 ‘ww
901 4440 939 4492 ἰ’
992 4473 1021 4524 et
1046 4482 1209 4539 praeconem
1223 4464 1359 4531 veritatis,
1374 4463 1454 4535 quia,
1465 4467 1588 4519 testante
1603 4463 1739 4530 ilaritate,
1749 4463 1839 4535 qnod·

128 4512 448 4585 ‘mmmmm
462 4514 617 4580 temperem
992 4571 1105 4628 cunque
1130 4554 1262 4625 ligaverit
1281 4568 1369 4624 super
1393 4558 1511 4617 terram,
1534 4551 1588 4606 erit
1612 4551 1736 4622 ligatum
1757 4555 1787 4606 et
1808 4550 1837 4605 in

128 4605 190 4675 (Εω
202 4602 296 4658 ΰθηΰῑι·
315 4600 447 4667 Remmi‘
464 4612 524 4668 ΜΡ·
543 4596 600 4668 st)
616 4597 651 4652 Ut
672 4595 797 4667 ⁰Pi⁵⁰⁰pi
823 4596 937 4693 semi&
992 4647 1063 4701 coelo
1090 4649 1119 4698 et
1145 4643 1338 4714 quodcunque
1353 4640 1470 4696 solverit
1484 4655 1571 4711 super
1585 4644 1692 4694 terram
1723 4638 1779 4695 erit
1792 4655 1838 4693 so-

90 4710 142 4749 nes
157 4698 185 4748 et
200 4689 343 4747 Homelias
353 4692 516 4742 sanctorum
534 4687 661 4754 Patrum,
676 4689 763 4756 prout
781 4699 881 4738 omnes
893 4698 938 4736 rn-
992 4685 1085 4789 lum&
1101 4736 1128 4787 el
1143 4732 1173 4785 in
1188 4730 1275 4785 coeus·
1694 4679 1704 4707 ⁹

90 4782 219 4853 telligerc
238 4777 360 4851 possint,
372 4775 528 4831 secundum
544 4772 750 4846 proprietatem
777 4770 939 4827 communis
1257 4839 1263 4850 ι
1387 4837 1393 4848 ¹
1489 4836 1495 4850 .
1640 4836 1645 4845 Ι
1825 4834 1831 4846 ·

90 4871 196 4942 linguae
211 4866 367 4940 praedicare
381 4864 524 4920 studeant.
1029 4838 1094 4894 CAP·
1111 4839 1141 4893 C·
1153 4867 1187 4877 ·-
1201 4837 1243 4892 De
1252 4835 1556 4973 tunorbztstfvgmggur,
1567 4848 1687 4889 mamare
1696 4832 1843 4888 iamdab-

90 4953 555 5098 “tii'lllluulttltlt'J?
568 4953 740 5093 tillir?
755 4950 941 5076 ruitur:
1032 4998 1093 5069 (επ
1121 4996 1216 5052 ...a
1235 4995 1360 5051 aa...
1375 4997 1402 5058 s.
1427 5009 1486 5092 aa.
1501 4992 1558 5092 el
1573 4992 1742 5091 noan·
1755 4996 1846 5090 ..a

125 5100 286 5155 hmchristt
299 5097 392 5152 laudes
405 5111 461 5150 non
475 5097 644 5149 conueniunt.
993 5091 1163 5142 cunctorum
1187 5098 1331 5152 errorum,
1361 5098 1485 5137 maxime
1512 5097 1543 5135 vn
1571 5080 1770 5136 sacerdotibus
1798 5081 1847 5135 lter

126 5186 178 5253 (Ea
199 5201 256 5253 reg.
290 5184 329 5239 ud
360 5183 534 5239 Desiderium
556 5179 638 5251 episc.
662 5180 771 5244 Galliae,
792 5195 854 5250 cap.
880 5179 938 5248 et.)
993 5175 1109 5231 vitanda
1123 5179 1177 5241 est,
1203 5172 1254 5246 qui
1281 5170 1402 5227 docendi
1427 5169 1554 5226 officium
1571 5168 1601 5224 in
1620 5168 1740 5241 populis
1751 5184 1846 5224 susce·

89 5274 160 5329 Cum
189 5275 279 5328 multa
302 5273 386 5327 nohis
405 5273 481 5327 hona
504 5271 539 5325 de
563 5268 664 5324 restris
690 5267 811 5323 fuissent
838 5267 940 5322 studiis
993 5268 1110 5337 parunt.
1139 5261 1304 5319 Sacerdotes
1332 5259 1410 5314 enim
1438 5259 1535 5330 legere
1568 5261 1666 5312 sancta
1699 5256 1849 5330 Scriptura

88 5362 232 5428 nunciata,
249 5361 288 5415 ita
310 5360 389 5415 cordi
410 5365 509 5415 nostro
527 5361 649 5413 estuata
664 5355 773 5421 laetitia,
793 5360 826 5410 ut
848 5372 939 5426 nega·
994 5352 1142 5418 admonet,
1168 5350 1256 5405 Paulo
1281 5348 1411 5420 apostolo
1436 5347 1547 5402 dicente
1579 5345 1614 5402 ad
1637 5343 1845 5402 Timotheum:

88 5467 120 5507 re
156 5465 190 5507 ea
223 5448 279 5505 sihi
306 5449 471 5504 fraternitas
509 5452 604 5502 vestra
640 5443 821 5508 concedenda
848 5459 938 5515 popo·
993 5440 1114 5496 Intende
1141 5437 1266 5504 lectioni,
1290 5435 1494 5492 exhortationi.
1510 5434 1644 5489 Doctores
1671 5449 1791 5504 semper
1816 5447 1846 5488 se

88 5547 189 5610 ecerat,
206 5538 327 5596 minime
338 5543 515 5610 pateremur.
534 5535 588 5594 Sed
611 5533 742 5605 posthoc
757 5532 938 5604 pervenitad
994 5543 1166 5602 permanere
1180 5527 1211 5582 in
1227 5526 1272 5583 his
1287 5525 1388 5582 sciant.
1403 5523 1497 5597 igitur
1510 5522 1671 5580 sacerdotes
1684 5521 1846 5597 Scripturas
