3894 6120
94 242 97 247 ’
168 225 222 277 779

706 210 912 268 nunculiam
934 207 1204 268 nonantulensis
1223 213 1391 272 nelscoet.

170 347 277 418 pserat,
302 347 332 398 at
360 341 390 398 in
414 339 508 412 ligura
529 337 654 394 interius
670 333 784 408 depicta
804 333 938 404 apertius
961 331 1041 388 ordi·
1058 338 1080 391 Α
1096 333 1255 405 Capitulum
1268 341 1294 394 6.

171 437 298 488 navarat.

342 518 498 590 Capitulum
511 517 532 571 t
547 515 582 570 de
596 518 697 585 septem
713 509 855 579 gradibus.

172 608 336 680 Capitulum
351 611 377 663 2.
593 619 599 630 ·

172 697 335 769 Capitulum
352 700 378 752 3.

173 783 337 855 Capitulum
352 785 379 839 4.

173 871 347 944 Capitulum.
365 873 380 926 5

1090 423 1251 496 Capitulum
1261 431 1288 482 7.

1086 515 1130 568 29.
1164 515 1204 568 oe
1233 514 1401 571 incestuosis
1428 516 1480 589 qui
1511 517 1728 573 admonitiones
1755 519 1922 575 sacerdotum

1121 607 1317 658 contemnunt.

1085 691 1126 744 30.
1143 690 1223 754 Quod
1249 690 1325 747 inira
1342 695 1452 749 sextam
1476 692 1692 766 generationem
1713 694 1849 767 conjugia
1868 713 1916 754 non

1118 777 1199 834 fiant.

1314 869 1419 926 Induis
1433 871 1615 941 capitulorum
1626 873 1703 943 pinu.

758 1232 1357 1360 BURCHARDI

670 1452 987 1509 nonantulensis
1016 1453 1223 1509 ECCLESlAE
1252 1452 1438 1509 EPlSCOl'l

272 1668 953 1819 DECRETORUM
994 1671 1291 1817 LIBER
1347 1670 1831 1819 SEPTIMUS

908 1940 1200 2008 DElNCESTU

940 2125 1148 2138 1.*

412 2279 658 2334 intonuerunt
680 2278 783 2334 alant.

210 2386 296 2443 Libro
311 2386 366 2440 hoe
389 2384 425 2439 de
440 2384 548 2438 incesta
572 2383 828 2454 consanguinitatis
843 2383 1025 2455 copulatione

173 2476 279 2547 agitur,
305 2479 334 2527 et
361 2472 391 2526 in
412 2488 470 2542 quo
495 2472 586 2543 gradu
608 2471 684 2525 coire
708 2471 862 2542 dirimique
890 2472 1025 2542 conjugia

173 2564 307 2624 debeant,
324 2576 446 2633 qumque
466 2576 518 2630 pro
541 2560 652 2615 ratione
675 2560 770 2614 delicti
785 2560 892 2615 incesto
907 2559 1025 2632 pollutis

173 2649 343 2723 paenitentia
360 2648 474 2720 injungi
493 2648 607 2718 debeat,
624 2649 792 2704 ostenditur.

173 2761 236 2814 Car.
258 2759 278 2812 l.
314 2755 441 2826 -Quod
461 2758 578 2821 infames
600 2760 728 2810 vocentur
750 2757 799 2825 qui
813 2772 846 2810 en
862 2759 1023 2824 consangui-

480 2828 538 2881 aeis
552 2832 712 2882 amnentur.

208 2934 269 3005 (Ec
290 2934 369 3001 epist.
388 2932 482 2989 calist.
493 2947 575 3001 papae
583 2934 719 3001 fratribus
733 2947 782 3001 per
792 2932 912 2987 Galliam
926 2936 1024 2988 consti-

173 3025 241 3077 tutis
255 3024 350 3086 missa,
361 3021 450 3089 capite
463 3018 501 3089 l.)
513 3021 582 3092 Conj
588 3020 735 3075 unctiones
745 3026 843 3079 autem
854 3021 1023 3092 consangui-

171 3125 292 3165 neorum
304 3108 367 3163 fieri
377 3107 537 3178 prohibete,
554 3109 621 3178 quia
631 3125 677 3162 eas
687 3114 715 3163 et
729 3108 832 3164 divine²
848 3109 925 3179 leges
935 3115 964 3163 et
976 3126 1023 3164 saeae

171 3199 230 3254 culi
244 3197 407 3268 prohibent.
422 3197 511 3266 Leges
522 3212 590 3268 ergo
601 3196 715 3260 divium,
727 3198 787 3251 hec
795 3205 921 3267 agentes,
934 3202 962 3252 et
973 3215 1021 3253 eos

172 3287 270 3358 quiex
295 3284 336 3338 eis
350 3283 494 3356 prodeunt
516 3301 575 3338 non
590 3285 682 3339 solum
700 3285 829 3356 ejiciunt,
851 3285 900 3339 sed
918 3289 946 3340 ct
960 3303 1021 3341 rna·

171 3374 291 3428 ledictos
315 3373 469 3443 appellant.
494 3374 582 3443 Leges
597 3389 663 3427 vero
685 3374 781 3427 secuti
804 3372 927 3427 infames
948 3377 1020 3436 tales

170 3465 283 3529 vocant,
298 3465 327 3515 et
340 3461 375 3516 ab
391 3460 556 3515 hereditate
572 3461 725 3532 repellunt.
742 3462 798 3516 Nos
813 3477 881 3516 vero
896 3478 1018 3533 sequen-

1044 2291 1171 2348 ssusqne
1192 2276 1262 2331 dum
1285 2276 1433 2348 generatio
1458 2278 1635 2345 recordatur,
1662 2279 1855 2351 cognoscitur,
1877 2285 1916 2334 aut

1080 2364 1220 2422 memoria
1237 2365 1387 2421 retinetur.

1291 2487 1354 2543 Cae.
1376 2488 1476 2543 111.-
1494 2491 1532 2544 De
1543 2491 1715 2547 incestuosis.

1115 2612 1170 2682 (iia
1191 2613 1303 2668 castrilio
1319 2613 1490 2681 Hilerdensi,
1515 2617 1604 2684 cupite
1632 2618 1687 2681 ¹0.)
1714 2616 1756 2671 Dc
1769 2616 1816 2672 his
1830 2617 1879 2688 qui
1895 2633 1919 2671 se

1077 2699 1187 2775 incesta
1202 2701 1359 2772 pollutione
1373 2703 1594 2773 commaculant,
1607 2703 1719 2775 placuit
1734 2710 1766 2760 ut
1782 2722 1920 2778 quousque

1077 2788 1108 2843 in
1135 2789 1197 2860 ipso
1229 2790 1396 2845 detestando
1426 2795 1454 2844 ot
1480 2791 1580 2845 illicito
1612 2793 1710 2848 carnis
1740 2795 1920 2850 contubernio

1077 2881 1272 2948 perseverant,
1296 2894 1388 2949 usqua
1412 2878 1447 2933 ad
1469 2879 1585 2934 missam
1608 2884 1726 2936 tantum
1751 2884 1920 2938 eatecbnme

1076 2980 1182 3019 norum
1207 2965 1236 3018 in
1251 2965 1369 3020 ecclesia
1390 2967 1585 3023 admittantur.
1608 2968 1681 3024 Cum
1709 2970 1821 3041 quibos
1846 2973 1920 3027 etiam

1075 3068 1128 3107 nec
1142 3053 1239 3108 cibum
1260 3070 1374 3110 sumere
1390 3055 1441 3109 ulli
1455 3056 1694 3123 Christianorum,
1716 3059 1793 3115 sicut
1813 3062 1920 3131 Aposto-

1075 3141 1120 3195 lus
1131 3141 1226 3213 jussit,
1243 3147 1366 3212 oportet.

1306 3267 1371 3324 Cae.
1388 3267 1431 3322 tv.
1447 3295 1483 3309 -
1496 3268 1533 3322 De
1546 3267 1639 3323 eadem
1651 3285 1693 3324 re.

1110 3385 1171 3455 (En
1184 3390 1295 3443 concilio
1319 3389 1482 3457 Aqotbens„
1494 3393 1581 3460 capite
1596 3390 1636 3459 8.)
1660 3392 1702 3448 De
1718 3392 1839 3449 incestis
1860 3410 1916 3449 con·

1070 3474 1269 3545 junctionibus
1298 3477 1371 3531 nihil
1398 3493 1515 3548 prorsus
1542 3479 1632 3534 reniae
1658 3497 1847 3538 reservamus
1872 3482 1915 3537 nisi

169 3556 213 3606 tes
232 3555 327 3622 patres
348 3554 461 3604 nostros
485 3549 604 3604 infamia
618 3567 667 3606 eos
688 3555 831 3617 notamus,
847 3556 875 3605 et
896 3550 1018 3607 infames
1033 3577 1054 3632 ρ
1073 3579 1138 3618 cum
1156 3565 1330 3620 adulterium
1346 3566 1524 3637 separatione
1539 3567 1715 3625 sanaverint,
1734 3572 1771 3627 gt
1787 3572 1813 3626 ,i
1827 3586 1914 3627 „nm

170 3656 231 3694 esse
247 3655 395 3693 censemus
412 3656 418 3693 :
435 3638 503 3709 quia
526 3639 654 3694 infamias
674 3639 794 3694 maculis
816 3640 924 3710 aspersi
940 3646 1017 3708 sunt,

169 3743 223 3781 nec
238 3741 286 3780 eos
301 3742 372 3795 quos
396 3727 473 3797 leges
487 3727 580 3780 saecrrli
604 3725 748 3796 rejiciunt,
770 3742 822 3780 nos
833 3726 863 3780 in
885 3727 1018 3782 testimo·

169 3814 251 3869 nium
268 3814 412 3885 suscipere
434 3815 580 3869 debemus.
608 3816 660 3869 Eos
677 3819 772 3869 autem
789 3815 1018 3886 consanguineos

169 3904 303 3965 dicimus,
319 3919 390 3975 quos
416 3903 518 3957 divinae
534 3908 563 3957 ct
576 3902 672 3958 saeculi
694 3904 771 3974 leges
790 3904 1018 3974 consanguineos

169 3992 326 4062 appellant,
346 3998 374 4046 et
390 3992 419 4045 in
443 3990 641 4045 lrmroditatem
664 3991 835 4061 suscipiunt,
859 4008 912 4046 nec
927 3995 1019 4064 repel-

168 4080 226 4134 lere
250 4085 381 4149 possunt.
398 4080 510 4133 Talium
536 4079 612 4132 enirn
628 4080 853 4148 conjunctiones,
871 4096 924 4135 nec
946 4083 1015 4153 legi-

168 4169 246 4223 time
268 4173 334 4222 sunt
356 4183 408 4221 nec
423 4181 595 4237 permanere
619 4173 747 4238 possunt,
774 4169 823 4224 sed
838 4172 1015 4242 suntrepel·

168 4255 271 4310 lenda.
298 4255 432 4326 Quisquis
456 4269 525 4325 ergo
545 4260 660 4310 nonest
685 4257 811 4328 legitime
835 4259 1015 4329 conjunctus,

167 4345 210 4397 vel
236 4344 344 4414 absque
361 4343 451 4398 dotali
472 4343 556 4397 titulo
571 4348 599 4397 et
621 4344 682 4399 sine
697 4346 897 4401 benedictione
919 4363 1016 4402 sacer-

168 4431 243 4487 dotis
267 4437 378 4487 constat
393 4448 453 4487 esse
469 4433 628 4503 copulatus,
653 4434 814 4489 sacerdotes
828 4437 873 4490 vel
890 4437 1015 4505 legitime

166 4521 333 4590 conjunctos
361 4521 519 4587 criminari,
534 4524 577 4577 rel
602 4524 632 4576 in
656 4539 704 4576 eos
727 4522 872 4579 testificari
895 4525 1015 4580 minime

165 4615 282 4681 potest:
309 4610 446 4680 quoniam
463 4611 559 4664 omnis
582 4611 682 4665 incesti
697 4611 809 4664 macula
829 4613 955 4682 pollutus
970 4614 1013 4668 in·

164 4699 248 4755 famis
271 4705 323 4763 est,
340 4705 368 4754 et
389 4715 521 4755 accusare
542 4700 719 4769 supradictos
741 4716 801 4755 non
825 4702 1011 4772 permittitur.

163 4791 226 4844 Non
251 4789 344 4844 solum
362 4804 430 4859 ergo
453 4789 482 4842 hi
504 4787 653 4858 rejiciendi
668 4794 744 4857 sunt,
768 4792 796 4843 et
814 4788 935 4845 infames
949 4792 1012 4846 eiti-

164 4877 290 4943 cinntur,
305 4878 353 4933 scd
369 4878 454 4932 etiam
471 4892 571 4931 omnes
585 4877 625 4931 eis
640 4879 860 4933 consentientes.

166 5002 230 5057 Car.
255 5002 291 5057 ll.
318 5001 444 5069 -Quod
464 5000 538 5056 nulli
566 5001 646 5056 liceat
670 5002 702 5056 de
716 5005 832 5072 propria
855 5007 1013 5071 consonano

471 5087 582 5125 oaorem
596 5072 702 5126 duces.

1072 3653 1229 3722 noluerint,
1241 3654 1529 3711 anathematizentur.

1312 3779 1378 3834 Car.
1393 3779 1424 3834 V.
1440 3809 1477 3822 -
1491 3780 1530 3835 De
1542 3781 1634 3837 eedem
1643 3798 1683 3837 re.

1107 3899 1164 3970 (lia
1178 3903 1289 3957 concilio
1300 3903 1457 3971 Aurelian,
1468 3906 1559 3974 cupite
1572 3907 1608 3974 t.)
1623 3906 1800 3974 incestuosi,
1816 3908 1913 3964 dumis

1071 3986 1133 4059 ipso
1166 3990 1335 4044 detestando
1367 3999 1453 4062 atque
1494 3991 1617 4047 nefando
1650 3994 1764 4050 scelere
1798 4001 1913 4063 manent,

1070 4091 1128 4129 non
1145 4076 1219 4131 inter
1243 4077 1342 4132 fideles
1365 4080 1550 4148 Christianos,
1573 4081 1620 4135 sed
1636 4080 1716 4138 inter
1740 4085 1865 4155 gentiles
1877 4090 1915 4138 snt

1070 4165 1289 4220 catechumenos
1324 4166 1494 4233 habeantur,
1521 4169 1552 4224 id
1579 4175 1631 4236 est,
1659 4186 1726 4226 cum
1758 4173 1915 4229 Christianis

1069 4267 1127 4306 non
1141 4258 1255 4308 sumant
1270 4260 1380 4325 potum,
1397 4271 1456 4309 non
1470 4256 1579 4325 cibum,
1598 4258 1647 4311 sed
1661 4259 1719 4313 soli
1732 4260 1793 4315 hoc
1806 4262 1915 4324 iaciant3

1068 4355 1126 4394 non
1150 4342 1315 4397 osculentur
1343 4346 1391 4396 aut
1420 4345 1580 4399 salutentur
1601 4348 1636 4399 ab
1661 4347 1713 4400 eis.
1741 4348 1802 4405 Sed
1825 4351 1849 4405 si
1866 4353 1916 4405 suis

1069 4430 1264 4484 sacerdotibus
1284 4430 1483 4486 inobedientes
1506 4432 1677 4502 exstiterint,
1701 4440 1764 4492 eta
1789 4444 1848 4494 tam
1870 4455 1913 4493 ne·

1068 4514 1154 4571 iando
1179 4519 1285 4572 scelere
1309 4535 1339 4573 se
1363 4535 1515 4590 segregare
1540 4526 1625 4592 atque
1647 4523 1686 4577 ad
1702 4525 1854 4594 publicam
1868 4543 1918 4599 pte

1069 4603 1220 4659 nitentiam
1251 4607 1345 4661 redire
1376 4608 1532 4676 noluerint,
1565 4609 1641 4664 inter
1675 4627 1727 4667 eos
1761 4613 1919 4670 habeantur

1068 4692 1118 4762 qni
1140 4693 1244 4763 spiritu
1258 4695 1456 4765 periclitantur
1482 4696 1645 4764 immundo,
1662 4699 1709 4754 vet
1738 4701 1831 4758 etiam
1851 4704 1920 4758 inter

1069 4794 1118 4834 eos
1132 4781 1167 4835 dc
1186 4781 1290 4853 quibus
1306 4799 1358 4854 per
1374 4801 1403 4838 sa
1420 4785 1528 4839 Veritas
1542 4786 1582 4840 ait
1597 4801 1605 4841 t
1622 4786 1653 4841 Si
1668 4793 1697 4843 te
1713 4805 1776 4845 non
1790 4791 1919 4857 audierit,

1031 4859 1105 4921 Dsit
1118 4868 1170 4923 tibi
1193 4869 1266 4924 sieut
1285 4871 1416 4927 ethnicus
1431 4877 1460 4928 et
1474 4874 1655 4945 publicabas.
1681 4877 1715 4930 Et
1736 4879 1761 4932 si
1789 4880 1863 4934 atur
1875 4895 1919 4933 eo·

1067 4970 1131 5011 rum
1158 4963 1249 5012 morta
1276 4966 1439 5030 preventus
1464 4961 1561 5029 tuerit,
1587 4964 1661 5017 alter
1688 4968 1822 5036 qnandiu
1850 4969 1918 5022 visat

1066 5045 1191 5115 graviter
1204 5047 1352 5116 poeniteat,
1366 5053 1395 5103 et
1407 5049 1467 5103 sina
1484 5065 1533 5120 spe
1549 5051 1681 5122 conjugii
1695 5063 1828 5111 maneat.

197 5179 251 5248 (Ea
276 5179 388 5232 concilio
419 5178 553 5231 Wormoc.
585 5179 673 5247 capite
698 5179 736 5243 2.)
766 5179 797 5233 ln
827 5181 1009 5250 copulatione
1064 5168 1388 5242 cll-VL-Nessll'lm'i
1398 5171 1913 5256 fidflfflmadimi’l'fflllfflmssfflsfflss

161 5266 289 5321 fidelium
305 5266 524 5337 generationum
539 5283 693 5322 numerum
710 5284 765 5321 non
780 5268 943 5338 delinimus,
959 5271 1009 5325 sed

161 5350 189 5405 id
205 5353 367 5418 statuimus,
393 5359 425 5408 ut
444 5353 516 5409 nulli
539 5353 625 5409 liceat
650 5355 810 5410 Christiano
832 5356 866 5410 da
892 5359 1009 5430 propria

1399 5260 1443 5298 aas
1461 5245 1581 5299 accedat.

1099 5363 1287 5432 (decenniis
1316 5367 1436 5421 Toletan.
1463 5383 1496 5431 n,
1525 5370 1615 5437 eapite
1640 5371 1680 5442 5.)
1707 5371 1782 5428 Nam
1805 5379 1834 5429 et
1857 5374 1908 5430 bae

159 5441 406 5511 consanguinitate
434 5457 484 5496 seu
512 5443 682 5514 cognatione
711 5460 827 5499 uxorem
857 5446 1006 5518 accipere,
1062 5449 1215 5505 salubriter
1238 5453 1424 5522 praecavenda
1454 5455 1609 5524 sancimus,
1635 5473 1674 5512 nc
1699 5460 1767 5532 quis
1790 5462 1907 5518 fideliam
