3894 6120
152 265 203 317 687
697 255 902 312 suasurum
922 255 1188 315 tvouttscluusls
1207 257 1375 316 uutscurt.
1858 265 1908 316 688

214 385 277 438 Car.
290 382 363 436 LXV.
378 410 412 420 -
429 382 462 435 Ut
473 380 560 433 Missa
574 385 744 434 mortuorum
755 393 807 448 pro
829 379 955 434 omnibus
1022 381 1045 434 Α
1063 381 1266 450 praefationum
1281 398 1366 453 quem
1381 395 1477 438 sancta
1490 385 1616 439 ilomaua
1631 385 1758 441 Ecclesia
1773 386 1907 440 hacteuus

387 451 553 509 Christianis
568 455 606 503 sit
621 449 769 504 cantanda.

186 543 243 612 (En
257 542 337 597 dictis
356 541 482 607 Dionysii
496 542 601 607 Areop.
615 543 641 592 et
662 538 836 609 Xupustiui.)
853 536 1006 607 Dionysius

150 630 323 702 Areopagitu
340 629 408 682 dicit
422 625 617 697 blasphemias
635 626 693 679 Deo
708 625 811 692 iacere,
832 627 882 699 qui
908 624 1006 680 Missas

109 777 111 781 ,
150 720 233 776 offert
248 735 300 788 pro
324 717 400 771 mulo
415 715 541 769 homine.
556 715 736 783 Augustinus
751 715 818 770 dicit
836 731 888 786 pro
909 713 1006 768 omni·

148 809 202 863 bus
223 804 392 861 Christianis
411 819 472 857 esse
497 801 662 857 iaciendum
678 803 801 874 quiavcl
823 803 864 857 eis
877 801 1003 875 proiicit,

148 900 199 949 aut
213 892 410 958 offerentibus,
427 895 476 945 aut
491 889 655 962 petentibus
670 891 807 961 proderit.

151 1002 214 1057 Car.
242 1000 331 1054 LXVI.
356 1027 390 1037 —
426 999 460 1051 Ut
483 995 671 1052 institutiones
698 1000 844 1052 Missurum
875 999 950 1052 sicut
975 999 1005 1050 in

185 1071 327 1193 melpopoii
344 1069 425 1139 fiunt,
450 1070 489 1122 sio
512 1071 537 1122 et
551 1070 582 1122 in
596 1067 714 1138 reliquis
728 1068 1004 1138 comprovincialibus

185 1143 237 1196 Ecc
249 1142 323 1196 esiis.

186 1229 241 1300 (En
271 1229 363 1283 concii.
390 1225 558 1292 Gerunden,
585 1228 659 1294 cup.)
686 1228 723 1293 6,)
749 1227 784 1280 Ut
810 1227 1003 1281 institutiones

151 1318 300 1372 Missurum
317 1317 391 1369 sIcut
415 1314 445 1368 iu
471 1314 693 1384 metropolitana
719 1313 842 1369 Ecclesia
865 1314 1003 1381 suintila

148 1405 179 1458 iu
205 1406 261 1459 Iteo
278 1403 394 1456 uomiuc
410 1403 439 1454 iu
454 1401 588 1454 omnibus
603 1402 890 1470 comprovincialibus
909 1402 1003 1455 Eccle-

149 1494 209 1559 siis,
238 1498 296 1546 tum
323 1491 413 1561 ipsius
440 1490 538 1555 Missa,
566 1489 646 1549 ordo,
676 1505 763 1559 quum
792 1490 934 1559 psallenti,
959 1490 1001 1544 vel

149 1578 332 1634 ministrandi
345 1577 522 1631 cousuetudo
538 1582 676 1630 servetur.

150 1684 219 1739 Car.
236 1683 334 1738 LXVII.
356 1713 390 1721 -
416 1684 449 1736 Ut
462 1697 553 1750 preces
568 1687 593 1734 et
607 1683 782 1750 prefationes
798 1697 857 1750 quae
873 1685 902 1736 in
914 1684 1002 1737 conci·
1020 1665 1040 1719 Β

263 1757 299 1808 tio
313 1754 435 1823 probata
448 1769 499 1807 nou
513 1755 629 1819 suerint,
645 1769 698 1806 non
711 1754 885 1807 celebrentur.

187 1860 244 1927 (Eu
265 1860 359 1913 concil.
376 1858 524 1924 Africano,
540 1873 600 1926 cup.
628 1858 685 1926 ot.)
703 1857 811 1911 Placuit
826 1858 913 1912 etiam
937 1858 1002 1923 lroc,

151 1953 185 2002 ut
202 1963 300 2018 preces
317 1962 382 2018 quae
398 1945 524 2017 probatu
541 1945 649 1999 liseriut
663 1946 693 1999 in
710 1946 841 2012 consilio,
856 1946 915 1999 sive
930 1962 1003 2016 pran-

148 2036 282 2102 futIones‚
321 2035 378 2089 sive
421 2034 694 2102 commendationes,
731 2050 781 2088 seu
805 2034 1005 2104 impositiones

152 2142 256 2180 manus
276 2124 310 2179 ab
338 2120 471 2178 omnibus
497 2123 687 2178 celebrentur.
720 2123 776 2177 Nec
799 2123 863 2176 aliu
887 2124 1004 2176 omniuo

151 2218 250 2268 contra
267 2213 353 2266 fidem
368 2212 563 2282 proferantur,
581 2212 630 2265 sed
648 2226 829 2282 quascunque
852 2227 918 2264 cum
933 2227 1003 2281 pru-

150 2300 330 2357 dentioribus
344 2299 451 2354 scierint
467 2299 579 2353 collutas
595 2299 739 2353 dicautur.

152 2408 217 2462 Cir.
246 2406 357 2461 LXVIII.
382 2435 416 2446 -
446 2407 479 2461 Ut
509 2406 600 2459 nultus
620 2405 766 2474 presbyter
790 2405 862 2459 sotus
891 2406 1004 2460 Missum

436 2481 547 2530 cantare
560 2487 717 2545 presumat.

190 2566 247 2634 (En
276 2567 368 2621 coiecit.
405 2566 579 2632 Nunnetensi‚
610 2581 670 2634 cap.
699 2564 754 2632 30.)
784 2562 917 2617 Ilefinivit
942 2579 1004 2617 san-

155 2660 233 2710 ctum
261 2654 412 2708 concilium
429 2657 461 2707 ut
476 2653 572 2706 nullus
593 2654 744 2723 presbyter
757 2653 834 2707 solus
849 2658 1005 2722 praesumat

154 2743 265 2799 Missum
274 2749 398 2796 cantare.
412 2741 463 2795 Cui
472 2741 548 2795 enIm
559 2740 657 2808 dicit,«
672 2740 811 2795 llomiuus
822 2739 978 2806 uobiscum,
987 2761 1001 2789 »

153 2835 203 2884 aut
237 2849 250 2882 a
279 2846 392 2884 sursum
419 2828 504 2882 corda
528 2849 555 2894 u,
586 2830 690 2900 gratius
730 2845 849 2899 agamus
883 2828 1003 2883 [lomiuo

153 2917 211 2971 Ileo
223 2921 333 2982 nostro,
344 2937 354 2963 ι
367 2930 433 2969 cum
442 2915 580 2968 uullussit
589 2915 638 2986 qui
652 2915 843 2985 respondeat?
854 2918 911 2970 Aut
920 2916 1002 2970 inca·
1018 2947 1038 2999 ο

154 3021 240 3071 uoue,
257 3008 285 3057 et
299 3004 430 3058 omnium
445 3001 741 3069 circumadstantium,
758 3019 822 3057 cum
839 3020 924 3057 nemo
940 3004 1004 3058 sit?

153 3097 303 3163 Xutquem
315 3092 417 3147 Invitat
427 3091 637 3160 adorationem,
650 3108 714 3146 cum
725 3092 795 3146 dicit
806 3107 813 3145 :
823 3111 836 3143 u
848 3093 1000 3160 Oramus,»

154 3198 219 3236 cum
239 3181 334 3235 nullus
349 3180 386 3234 sit
402 3180 452 3251 qui
472 3197 567 3234 secum
583 3182 670 3234 oret‘?
688 3183 745 3235 Aut
760 3197 829 3251 ergo
851 3179 905 3233 istu
919 3180 1003 3252 peni·

154 3275 201 3325 tus
217 3269 362 3324 reticenda
377 3273 453 3330 suut,
474 3272 502 3322 et
517 3284 575 3321 uon
588 3269 680 3322 solum
694 3284 752 3322 uon
772 3268 827 3321 erit
845 3266 1002 3338 perlectum

155 3358 335 3423 sacrificium,
356 3373 456 3411 verum
481 3356 568 3410 etiam
594 3356 722 3410 incurret
737 3355 867 3427 quisquis
894 3356 942 3411 ille
961 3363 1003 3411 est

155 3447 234 3501 illam
247 3446 405 3501 terribilem
432 3444 622 3498 senteutiam:
639 3445 667 3500 si
684 3444 749 3515 quis
776 3445 874 3499 tulerit
888 3445 923 3498 de
939 3446 1001 3514 hoc,

154 3534 235 3588 tollat
253 3535 326 3587 lteris
351 3537 463 3605 partem
488 3532 550 3602 ejus
576 3533 611 3586 de
640 3532 714 3586 libro
739 3531 820 3600 vitae3
838 3536 887 3585 aut
904 3532 927 3586 si
941 3533 1004 3587 haec

154 3621 245 3675 muris
269 3625 296 3675 et
316 3620 476 3692 parietibus
489 3618 724 3688 insusurraverit,
736 3619 922 3674 ridiculosum
937 3619 1002 3685 orit,

154 3709 336 3779 Quiapropter
364 3708 414 3762 ills
445 3705 606 3776 periculosa
643 3707 808 3778 superstitio
838 3707 961 3761 maxime
987 3725 1004 3761 a

155 3797 336 3852 monasteriis
364 3796 572 3850 monachorum
600 3795 817 3850 exterminanda
834 3800 885 3849 est.
902 3797 1004 3850 Praevi-

155 3887 242 3942 deant
256 3891 350 3939 autem
379 3884 490 3955 praelati
506 3888 536 3938 ut
551 3885 708 3956 presbyteri
724 3885 753 3938 iu
776 3884 912 3939 coeuobiis
928 3890 957 3939 et
973 3886 1003 3939 in

154 3975 218 4029 aliis
239 3973 367 4027 Ecclesiis
391 3977 590 4043 cooperatores
621 3973 790 4026 habeantin
814 3972 1002 4028 celebratione

155 4065 311 4119 lIissarum.
329 4063 436 4133 Siquis
459 4063 519 4116 baec
539 4067 731 4132 transgressus
747 4061 843 4130 luerit,
859 4063 894 4115 ab
909 4061 1002 4116 officio

154 4152 354 4223 suspendatur.

156 4273 326 4314 tnetr1uur
361 4271 503 4311 DECRETA
543 4271 679 4311 SECUNDI
726 4272 854 4312 ruituri
899 4271 999 4325 PXPAE,

192 4360 404 4403 SUCCESSORIS
453 4359 637 4410 sunuutcrn
683 4361 718 4400 ET
761 4360 1000 4401 antecessoris

191 4444 463 4487 GEEGORIIPXPAE.

155 4539 220 4594 Cur.
234 4539 322 4592 LXIX.
342 4566 377 4575 -
394 4536 434 4588 De
446 4535 654 4604 prefationibus
678 4550 746 4605 quas
768 4540 863 4590 sancta
884 4538 1003 4591 musana

276 4608 394 4662 Ecclesia
407 4611 431 4659 et
446 4606 621 4671 collaudavit,
638 4611 662 4659 et
672 4609 792 4676 firmiter
804 4611 882 4660 tenet.

190 4697 245 4766 (En
270 4696 370 4751 decret.
414 4694 521 4760 Pelusii
558 4694 660 4765 papae.)
697 4694 828 4764 Pelagius
866 4695 1002 4750 Romanae

154 4784 283 4840 Ecclesiae
314 4791 342 4840 et
366 4784 529 4853 apostolicae
560 4783 636 4835 sedis
670 4781 829 4852 episcopus,
860 4782 1002 4837 uniuersis

153 4873 371 4930 GermunIarum
396 4877 481 4941 atque
496 4870 652 4925 Galliarum
671 4869 823 4939 regionum
848 4870 1000 4941 episcopis.

153 4964 225 5018 Cum
240 4963 269 5015 iu
295 4958 346 5014 Ilei
366 4961 483 5013 nomine
507 4958 537 5012 iu
562 4957 689 5011 Romanu
715 4957 838 5011 Ecclesia
861 4959 1001 5029 synodum

153 5052 353 5121 episcoporum
384 5047 442 5101 sive
476 5051 646 5100 caeterorum
677 5046 912 5101 consacerdotum
952 5047 1001 5102 Ilei

152 5140 280 5193 lidelium
309 5139 511 5206 congregatam
533 5131 742 5199 habuissemus,
767 5138 796 5188 et
814 5136 848 5189 de
865 5135 1000 5190 Ecclesia·

153 5226 228 5280 sticis
244 5226 367 5292 statutis,
384 5229 415 5277 ut
429 5228 495 5275 sunt
516 5222 551 5277 ab
567 5222 704 5293 apostolis
715 5227 772 5277 eta
789 5223 893 5279 sanctis
909 5224 1002 5279 Patri·

151 5315 205 5369 bus
237 5316 351 5380 tradita,
384 5312 551 5382 diligentius
583 5315 780 5380 tractaremus,
809 5329 1000 5385 supervenere

151 5403 264 5468 litterae,
289 5406 399 5466 vestre,
433 5407 461 5454 et
486 5406 515 5455 ut
543 5400 635 5472 magis
667 5406 761 5455 esseut
784 5402 998 5471 auctoritativa,

151 5493 239 5549 utiam
254 5491 325 5547 vivae
344 5504 425 5544 voces
444 5495 654 5561 processerunt,
671 5494 804 5561 rogantes
818 5495 850 5544 ut
869 5491 999 5549 ordinem

1062 467 1188 536 liaberet,
1215 470 1318 524 uostris
1341 471 1443 525 litteris
1466 473 1545 527 vobis
1567 474 1817 529 remandaremus.
1834 475 1905 528 Tunc

1061 541 1096 609 de
1117 564 1211 612 vestra
1239 559 1385 613 voluntate
1412 565 1441 615 et
1465 563 1558 616 studio
1592 568 1650 616 tam
1682 562 1761 616 bono
1787 563 1902 617 multum

1060 645 1150 715 gavisi
1170 662 1279 713 sumus,
1310 664 1424 703 sacrum
1457 651 1586 704 ordIuem
1615 651 1791 713 Romanum,
1818 667 1902 705 sacru·

1059 748 1116 803 que
1131 734 1286 788 constituta
1300 741 1464 791 nostrorum
1479 744 1688 793 antecessorum
1706 739 1827 793 solerter
1838 739 1901 794 rele-

1060 826 1169 891 gentes,
1178 823 1339 878 invenimus
1350 825 1511 880 hasnovem
1522 826 1740 897 praelationesin
1750 833 1899 881 sucrocutu·

1058 909 1124 979 logo
1141 911 1343 966 tautummodo
1359 912 1548 984 recipiendus,
1573 929 1645 984 quas
1664 915 1752 983 longe
1776 917 1851 966 retro
1863 927 1898 965 ve·

1059 1002 1159 1065 tostas,
1182 999 1211 1053 iu
1240 1001 1369 1055 llomunu
1397 1001 1523 1055 Ecclesia
1550 1002 1687 1056 hacteuus
1721 1001 1850 1055 serravit.
1873 1001 1896 1054 Id
1942 1058 1944 1073 Ι

1059 1091 1111 1152 est,
1128 1088 1261 1141 nnumin
1281 1088 1353 1143 albis
1370 1090 1560 1144 Paschalibus.
1577 1091 1669 1144 tiliam
1685 1089 1721 1144 de
1736 1089 1897 1144 Ascensioue

1060 1175 1184 1229 Domini.
1200 1177 1326 1230 VertIam
1348 1176 1382 1231 ds
1405 1178 1579 1232 Pentecoste.
1605 1179 1742 1243 Quartam
1759 1177 1794 1232 ds
1817 1178 1897 1232 Natali

1060 1263 1183 1317 Ilomiui.
1211 1263 1346 1328 Quintam
1372 1265 1406 1319 de
1429 1266 1613 1336 lipparitioue
1645 1267 1771 1321 Domini.
1796 1266 1897 1321 Sextum

1059 1351 1093 1404 de
1107 1352 1258 1420 apostulis.
1272 1352 1429 1422 Septimum
1445 1354 1480 1407 de
1503 1359 1599 1408 sancta
1612 1354 1761 1408 TrIuilute.
1777 1354 1897 1410 Octavam
1942 1422 1944 1431 Ι

1058 1439 1093 1492 de
1107 1441 1207 1493 cruce.
1224 1441 1334 1494 Nouam
1350 1442 1384 1496 de
1406 1442 1518 1512 jejunio
1543 1441 1572 1496 iu
1596 1441 1822 1512 Quadragasimu
1843 1449 1896 1496 tuu-
1942 1434 1944 1469 ³

1057 1527 1208 1581 tummodo
1224 1528 1381 1583 dicendam.
1398 1530 1455 1583 Has
1474 1529 1657 1600 prefationes
1677 1535 1759 1584 tenet
1773 1536 1802 1584 et
1815 1536 1896 1584 custo·

1058 1617 1100 1671 dit
1114 1621 1209 1670 sanctu
1225 1618 1353 1672 Romana
1375 1619 1507 1674 Ecclesia.
1524 1621 1579 1675 llas
1594 1619 1736 1674 tenendus
1755 1635 1816 1674 esse
1830 1619 1897 1674 vobis

1059 1705 1239 1760 mandamus.

1059 1822 1124 1877 Cir.
1149 1823 1221 1877 LXX.
1247 1853 1282 1862 -
1307 1825 1347 1877 De
1366 1825 1551 1880 sucudotibus
1573 1827 1722 1880 Missurum
1747 1828 1898 1895 temporesi

1195 1895 1370 1962 agritudinis
1383 1898 1485 1964 aliquis
1499 1901 1608 1951 sumtus
1619 1899 1774 1952 accesserit.

1095 1995 1257 2065 (Ecconcit.
1277 1999 1396 2053 Poteras.
1417 2001 1443 2054 8.
1470 2015 1530 2068 cop.
1556 2001 1593 2066 2.)
1611 2001 1688 2054 Nihil
1713 2004 1814 2055 contra
1827 2000 1896 2054 ordi-

1058 2098 1110 2137 nes
1131 2090 1268 2139 statutum
1297 2087 1465 2141 temeritatis
1489 2104 1561 2141 ausu
1584 2095 1790 2159 praesumatur,
1815 2105 1896 2158 neque

1058 2170 1108 2224 illa
1121 2188 1187 2243 quae
1201 2189 1312 2227 summa
1328 2175 1508 2228 veneratione
1532 2184 1696 2243 ceriseutur,
1723 2178 1769 2230 vel
1791 2177 1897 2230 minimo

1057 2262 1292 2332 preasumptIouis
1312 2266 1388 2316 tuctu
1408 2264 1565 2329 solvantur,
1591 2280 1656 2318 cum
1682 2265 1778 2319 adhuc
1798 2270 1897 2318 tuntum

1059 2348 1122 2401 lieri
1143 2349 1223 2419 jussa
1247 2357 1325 2416 suut,
1351 2367 1403 2405 uec
1423 2352 1582 2423 interrupta
1608 2361 1780 2420 noscuntur,
1796 2369 1831 2407 ne
1846 2353 1898 2406 qu-

1057 2437 1157 2506 guoris
1172 2444 1324 2508 proventu,
1341 2439 1440 2493 robore
1454 2441 1554 2493 salutis
1569 2448 1672 2494 nutura
1689 2442 1828 2511 privetur.
1847 2443 1900 2495 Nou

1057 2540 1127 2595 crgo
1140 2525 1232 2580 solum
1247 2526 1393 2597 fragilitati
1413 2529 1572 2582 consulitur
1596 2530 1743 2596 humanae,
1759 2529 1898 2584 sedetiam
1942 2582 1944 2589 .

1058 2613 1145 2667 sacris
1161 2616 1362 2684 mysteriorum
1388 2617 1447 2680 Dei,
1464 2617 1655 2687 providentur
1680 2619 1788 2672 babere
1809 2619 1902 2672 sollici
1941 2670 1944 2695 Ι

1058 2702 1200 2756 tudinem.
1228 2704 1396 2757 Censuimus
1427 2705 1515 2774 igitur
1543 2707 1698 2761 convenire
1727 2712 1769 2774 ut,
1807 2723 1902 2762 cuma
1942 2700 1944 2717 '

1058 2791 1252 2845 sacerdotibus
1282 2793 1427 2847 Missurum
1460 2798 1591 2865 tempore
1633 2800 1732 2849 sancta
1777 2788 1903 2866 mysteria
1942 2862 1944 2867 ι

1058 2885 1269 2948 consecrantur,
1288 2881 1311 2934 si
1328 2882 1506 2952 aengIudiuis
1519 2883 1629 2937 accidat
1644 2885 1769 2954 quilibet
1783 2891 1902 2953 eventus,

1057 2982 1114 3037 quc
1134 2973 1258 3038 coeptum
1283 2975 1406 3040 nequeat
1426 2971 1648 3026 consecrationis
1670 2974 1783 3043 expleri
1807 2979 1902 3046 myste-

1058 3056 1146 3116 rium.
1170 3057 1207 3109 sIt
1231 3057 1351 3111 liberum
1373 3058 1504 3129 episcopo
1525 3059 1568 3112 vel
1593 3060 1774 3131 presbytero,
1796 3069 1827 3116 ut
1841 3065 1903 3116 ulter

1056 3145 1300 3199 consecrationem
1315 3147 1428 3216 expleat
1445 3146 1529 3201 oliicii
1545 3149 1640 3217 ccepti.
1659 3150 1721 3203 Non
1739 3150 1817 3204 enim
1834 3149 1901 3204 uliud

1057 3233 1092 3284 ud
1103 3234 1337 3303 supplementum
1352 3234 1472 3289 initialis
1486 3235 1628 3306 mysteriis
1651 3240 1801 3309 competit,
1824 3254 1901 3310 quum

1057 3325 1106 3374 uut
1126 3321 1289 3392 IncipIeutis
1322 3329 1372 3376 aut
1393 3324 1591 3394 subsequentis
1625 3327 1802 3397 complenda
1826 3329 1900 3381 bene

1058 3409 1185 3464 dictione
1211 3411 1376 3478 sucerdotis,
1397 3413 1464 3482 quia
1494 3429 1548 3467 nec
1571 3414 1700 3484 perlecta
1732 3416 1824 3469 videri
1848 3431 1901 3487 pos·

1058 3503 1134 3561 suut,
1159 3500 1214 3553 nisi
1242 3501 1426 3570 perfectiouis
1461 3502 1563 3556 ordine
1594 3504 1809 3573 compleantur.
1841 3506 1900 3559 Cum

1057 3587 1135 3640 euim
1146 3588 1234 3642 simus
1249 3604 1349 3642 omnes
1359 3605 1448 3643 linium
1462 3591 1491 3643 iu
1507 3590 1631 3658 Christo,
1647 3592 1721 3646 uihil
1733 3594 1899 3648 contrarium

1058 3675 1206 3730 diversitas
1222 3676 1335 3745 format,
1353 3678 1401 3731 ubi
1416 3677 1571 3734 efficaciam
1589 3681 1796 3751 prosperitatis
1818 3683 1899 3736 unitus

1057 3763 1124 3818 lidei
1158 3771 1353 3835 repraesentat.
1387 3767 1466 3829 Quod
1496 3767 1584 3821 etium
1614 3770 1785 3824 consultum
1817 3768 1898 3825 cuncti

1058 3853 1167 3906 ordinis
1191 3854 1287 3907 clerici
1311 3854 1434 3909 inditum
1456 3856 1498 3909 vul
1523 3856 1669 3911 indultum
1696 3874 1760 3913 esse
1779 3860 1830 3914 sibi
1852 3873 1897 3912 uon

1057 3941 1216 4011 umbIgant,
1240 3942 1300 4008 sed,
1325 3947 1368 4010 ut,
1395 3944 1574 4013 praemissum
1599 3950 1651 4010 est,
1679 3949 1896 4017 precedentibus

1059 4030 1154 4083 statim
1180 4030 1228 4085 ulii
1254 4047 1306 4101 pro
1329 4033 1540 4101 complemento
1564 4035 1730 4090 succedant.
1758 4038 1800 4091 Ne
1817 4044 1897 4092 tumea

1057 4118 1133 4188 quod
1165 4125 1274 4172 nuturae
1302 4120 1448 4190 languoris
1473 4136 1558 4174 causa
1583 4124 1761 4191 consulitur,
1783 4126 1813 4180 Iu
1837 4140 1896 4196 pru-

1016 4219 1038 4272 n
1059 4206 1232 4276 sumptionis
1247 4209 1401 4277 perniciem
1415 4214 1608 4277 convertatur,
1620 4211 1720 4266 nullus
1734 4222 1805 4284 pust
1817 4215 1899 4268 cibum

1056 4296 1215 4364 potumque
1229 4293 1286 4347 sive
1301 4295 1447 4364 quodlibet
1467 4297 1620 4352 miuImum
1639 4308 1794 4373 sumptum
1818 4303 1899 4358 Xissus

1056 4379 1159 4445 facere,
1176 4381 1330 4453 nullusque
1350 4384 1457 4455 absque
1469 4388 1595 4455 patentis
1611 4396 1758 4458 proventu
1775 4391 1900 4446 molestia

1056 4467 1188 4522 minister
1200 4470 1244 4523 vul
1259 4472 1389 4525 sacerdos
1404 4488 1469 4527 cum
1486 4475 1613 4546 coeperit,
1630 4475 1806 4548 imperfecta
1820 4479 1900 4534 cilicis
1942 4502 1944 4509 ·

1056 4562 1212 4625 prasumat
1226 4559 1344 4612 omniuo
1365 4560 1538 4632 relinquere.
1562 4563 1590 4618 Si
1606 4566 1674 4635 quis
1690 4567 1755 4623 baec
1773 4574 1900 4623 munerare

1055 4647 1281 4716 presumpserit,
1306 4651 1611 4705 excommunicationis
1627 4656 1806 4711 sententium
1830 4654 1900 4711 susti·

1057 4732 1146 4788 nebit.

1265 4860 1328 4915 Cir.
1342 4861 1428 4918 LXXI.
1446 4894 1481 4904 -
1494 4866 1532 4919 Ile
1549 4865 1645 4921 eadem
1659 4883 1700 4924 re.

1092 4965 1145 5029 (En
1160 4965 1258 5020 decret.
1280 4970 1409 5023 Aroacteti
1431 4971 1532 5043 pupae.)
1547 4973 1719 5031 Sacerdotes
1740 4976 1850 5048 quaudo
1862 4988 1894 5027 su·

1055 5052 1193 5120 critiraul,
1224 5071 1281 5109 nou
1311 5057 1365 5111 suli
1396 5058 1450 5112 hoc
1475 5074 1561 5128 agere
1598 5061 1720 5131 debent,
1754 5067 1803 5120 sed
1825 5067 1891 5118 testes

1055 5156 1151 5195 secum
1169 5142 1303 5210 habeant,
1322 5150 1352 5198 ut
1374 5147 1430 5200 Deo
1444 5146 1568 5217 perlecta
1584 5148 1616 5203 iu
1644 5152 1766 5208 sacratis
1793 5151 1889 5208 Domino

1056 5228 1125 5282 Iocis
1153 5232 1312 5286 sacrificare
1341 5234 1511 5303 probentur.
1537 5236 1584 5291 Xit
1603 5254 1735 5313 numque
1759 5239 1887 5297 suctores

1055 5317 1125 5387 Iegis
1152 5319 1275 5375 diviuae:
1312 5322 1382 5376 Vide
1411 5340 1446 5376 ne
1475 5324 1579 5378 offerus
1609 5327 1781 5386 holocausta
1804 5323 1885 5384 lusit
1925 5344 1929 5349 '

1054 5408 1133 5463 omni
1147 5409 1209 5464 Ioco
1237 5427 1324 5483 quem
1348 5412 1461 5481 videris,
1483 5413 1580 5469 sedin
1594 5415 1661 5472 Ioco
1676 5435 1767 5489 quem
1790 5412 1886 5489 elegati

1055 5495 1194 5552 Ilomiuus
1208 5498 1284 5554 Deus
1296 5503 1371 5555 tuus.
