3894 6120
89 314 143 367 727
558 353 560 357 ·
634 310 838 370 uuucuanbl
857 311 1126 370 nontleclutlsIs
1143 310 1308 370 nllscoel.
1796 315 1840 368 728

89 434 185 492 LVIII.
218 435 258 490 Ite
280 435 453 502 inordinato,
483 434 507 489 si
533 435 614 506 quasi
632 432 783 490 ordinatus
801 435 986 508 bapIIzareA
1005 436 1098 492 LXXX.
1130 437 1170 491 Ite
1192 436 1344 491 chrismate
1359 436 1438 509 quod
1472 449 1589 508 semper
1623 433 1679 488 sub
1704 448 1768 488 aera
1790 450 1842 490 cese

125 523 357 594 presumpserit.
1036 524 1147 579 debeat.

89 611 161 668 le.
180 612 215 668 Ut
227 610 389 682 presbyteri
404 609 547 682 populum
563 611 749 677 admoneant,
765 628 832 667 euos
844 610 943 667 iulau-
999 613 1104 668 LXXXI.
1123 615 1161 668 Ite
1184 612 1299 679 Induis,
1323 613 1470 684 quomodo
1495 616 1562 668 ante
1582 609 1766 682 baptismum
1783 624 1842 665 exa-

124 700 203 755 tulos
217 699 254 755 ad
269 699 519 754 confirmationem
534 700 667 771 episcopo
683 704 870 770 praesentent.
1035 702 1138 755 mluari
1155 701 1285 755 debeant.

88 788 141 844 LII.
159 789 195 844 Ut
217 803 317 843 omues
338 787 474 858 perlectae
495 787 589 842 celatis
611 788 704 859 jejuni
727 788 764 843 ad
789 788 944 843 confirma·
999 788 1118 844 LXXXII.
1138 790 1177 842 Ile
1191 788 1306 846 ludet«.
1324 792 1354 841 nt
1368 789 1464 844 nullus
1479 788 1519 842 eis
1544 787 1601 842 riui
1617 786 1657 841 ad
1676 784 1842 840 credendum

123 876 234 931 tionem
248 875 375 932 veniant.
760 914 764 920 ·
1033 877 1135 932 debeat
1151 876 1266 931 inferre.

90 963 161 1021 Lxl.
190 965 230 1019 Ile
265 962 376 1018 duobus
400 963 597 1030 sacramentis,
624 963 653 1019 Id
677 969 728 1029 est,
749 963 894 1034 baptismo
916 969 945 1019 et
999 963 1133 1018 LXXXIII.
1151 965 1187 1019 Ut
1199 964 1363 1020 iudeorum
1378 964 1431 1020 lilii
1445 960 1634 1032 baptizatiab
1659 973 1764 1014 eorum
1783 975 1843 1014 cou-

124 1066 230 1106 mauus
244 1050 438 1122 impositione.
1033 1052 1122 1107 eortio
1138 1052 1266 1123 separari
1281 1053 1412 1107 debeant.

90 1141 169 1198 LXII.
186 1140 222 1194 Ut
231 1154 330 1194 omncs
341 1139 497 1195 Christiani
523 1140 559 1193 ad
584 1141 835 1196 confirmationem
860 1141 943 1196 lesti-
997 1139 1127 1196 LXXXIV.
1147 1141 1182 1195 Ut
1206 1140 1284 1195 nulla
1305 1138 1468 1195 communio
1489 1137 1525 1192 sit
1548 1136 1682 1193 Hebraeis
1704 1136 1741 1190 ad
1766 1134 1843 1190 Iidem

115 1234 208 1284 -uent
1033 1228 1225 1283 Christianam
1240 1228 1386 1283 translatis
1412 1243 1475 1281 cum
1503 1225 1567 1280 aliie
1597 1224 1737 1280 nondum
1763 1224 1844 1294 bapti-

91 1317 186 1374 LXIII.
203 1316 275 1371 ltem
290 1315 326 1371 de
342 1331 444 1370 manus
454 1316 652 1400 impositione.
1033 1315 1116 1370 zetis.

92 1406 183 1462 LXIV.
202 1406 273 1460 Item
289 1404 323 1458 dc
339 1403 573 1460 confirmatione.
998 1404 1119 1460 LXXXV.
1140 1404 1179 1459 Ite
1193 1403 1299 1459 Iudeis
1311 1404 1360 1475 qui
1370 1406 1616 1474 apostataverunt.

92 1494 170 1551 LXV.
186 1492 268 1558 Quod
283 1509 383 1547 omues
402 1493 503 1547 fideles
525 1498 640 1568 accepto
666 1492 840 1566 baptismate
862 1490 942 1546 cbri—
997 1491 1129 1546 LXXXVI.
1147 1493 1187 1547 De
1200 1493 1364 1547 Iudaeorum
1378 1491 1475 1545 serris.

128 1596 190 1635 ama
204 1581 317 1636 coeleete
330 1580 478 1652 percipere
491 1580 623 1637 debeant.
997 1581 1142 1636 LXXXVII.
1167 1581 1206 1634 lle
1241 1579 1393 1650 maupriis
1410 1579 1577 1634 Iudaeorum
1603 1591 1672 1647 quae
1703 1574 1742 1630 ad
1764 1574 1843 1647 bapti·

93 1669 183 1724 LXVI.
208 1669 244 1724 Ut
263 1685 363 1724 omues
392 1668 484 1724 renati
515 1669 595 1724 fonte
619 1669 810 1743 baptismatis,
835 1669 942 1724 donum
1034 1685 1131 1724 smum
1145 1668 1324 1740 confugiunt.

129 1757 219 1812 sancti
232 1757 355 1827 Spiritus
369 1773 422 1828 per
445 1774 548 1813 manus
575 1759 790 1831 impositionem
814 1757 942 1830 accipere
999 1759 1158 1816 LXXXVIII.
1173 1760 1246 1815 Item
1258 1758 1294 1813 de
1317 1756 1468 1828 mancipiis
1488 1755 1671 1821 Iudaeorum,
1699 1757 1751 1808 aut
1772 1752 1841 1809 Cbn'·

131 1846 264 1900 debeant.
1032 1847 1142 1913 stituis,
1159 1846 1259 1902 autad
1286 1846 1374 1902 fldem
1396 1844 1589 1902 Christianam
1616 1842 1722 1897 venite
1743 1841 1840 1897 deside

95 1933 199 1989 LXVII.
223 1934 258 1988 Ut
283 1933 410 2004 episcopi
433 1950 494 1989 non
517 1934 571 1989 uisi
590 1935 685 2006 jejuni
708 1935 944 1990 confirmationes
1032 1935 1172 1991 rantibus.
1609 1949 1613 1956 ⁴

1882 40 1887 303 l

130 2022 246 2090 iaciant,
263 2029 378 2095 excepta
392 2040 476 2079 causa
491 2023 676 2080 infirmitatis.
998 2025 1127 2079 LXXXIX.
1145 2025 1183 2078 Ile
1199 2022 1323 2094 illisqui
1345 2022 1379 2076 de
1401 2021 1504 2076 baeresi
1528 2020 1564 2076 ad
1578 2020 1670 2075 iidem
1686 2017 1786 2072 venire
1797 2016 1837 2072 dc·
1885 2018 1887 2037 '

96 2111 214 2168 LXVIII.
231 2111 267 2166 Ut
289 2112 430 2182 episcopis
444 2112 473 2166 iu
486 2128 599 2182 campo,
621 2112 645 2167 ei
665 2127 779 2167 necesse
803 2111 850 2179 sit,
862 2111 945 2167 liccat
1033 2113 1171 2168 siderant.

130 2190 325 2254 confirmare:
354 2199 458 2255 melius
477 2205 520 2256 cst
545 2205 641 2255 autem
666 2200 830 2255 iuocclesia
850 2199 945 2255 autin
997 2203 1048 2257 XC.
1067 2200 1238 2265 Deludaeis,
1254 2200 1278 2254 si
1304 2198 1499 2256 Cbnstianum
1518 2196 1706 2268 mancipium
1735 2195 1838 2251 circum

131 2288 206 2342 atrIo
222 2288 359 2342 ecclesiae.
1034 2290 1167 2344 cideriut.

97 2375 192 2430 LXIX.
219 2376 254 2430 Ut
279 2392 296 2430 a
324 2375 391 2430 solis
423 2376 564 2448 epIscopis
603 2376 739 2447 baptimti
759 2376 827 2443 sint,
851 2375 945 2431 cousi·
998 2377 1063 2434 XCI.
1112 2377 1184 2442 Quid
1212 2381 1327 2433 sanctus
1355 2375 1506 2448 Gregorius
1539 2375 1575 2429 de
1611 2372 1724 2430 Iudaeis
1750 2389 1838 2444 preoc-

132 2462 252 2534 gnendi.
1034 2467 1120 2538 perit.

98 2551 179 2606 LXX.
209 2552 245 2607 Ut
264 2551 425 2621 presbyteri
459 2552 618 2622 baptizatos
640 2552 671 2607 in
705 2552 848 2607 frontibus
871 2551 947 2607 cbri-
999 2554 1076 2610 XCII.
1096 2555 1135 2609 Ile
1158 2553 1216 2608 illis
1242 2552 1392 2625 baptizatis
1419 2551 1469 2622 qui
1485 2566 1538 2622 pro
1563 2550 1700 2622 periculo
1723 2547 1842 2605 mortisa

133 2642 224 2693 emate
241 2639 356 2711 signare
368 2656 428 2695 uon
443 2641 577 2696 audeaut.
1036 2642 1202 2697 diaconibus
1217 2642 1353 2713 baptizati
1368 2640 1484 2696 lueriut.

99 2728 187 2782 LXXI.
221 2727 261 2781 De
287 2727 461 2798 presbyteris
494 2730 545 2800 qui
570 2744 622 2800 pro
656 2727 827 2798 baptismate
854 2727 947 2799 pretia
1000 2732 1094 2787 XCIII.
1113 2729 1223 2785 Deillis
1238 2731 1289 2802 qui
1311 2729 1491 2801 presbyteros
1511 2731 1623 2798 coguut
1646 2726 1783 2782 denarios
1802 2741 1844 2797 pro

133 2815 295 2887 requirunt.
1037 2820 1169 2873 balsamo
1185 2818 1263 2873 dare.

100 2901 200 2957 LXXII.
220 2903 260 2957 De
286 2902 460 2974 presbyteris
482 2905 534 2975 qui
558 2904 648 2959 reteri
671 2904 826 2960 chrismate
853 2903 945 2976 bapti·
1003 2908 1090 2964 XCIV.
1109 2909 1148 2962 Ile
1163 2905 1325 2962 chrismatis
1339 2920 1446 2976 panno.

135 3007 200 3047 zare
215 2998 405 3064 praesumunt.
965 2994 1078 3052 CXCV.
1095 2996 1177 3061 Quod
1196 2994 1393 3050 catechumeni
1416 3008 1480 3048 cum
1502 2991 1658 3062 baptizatis
1685 2990 1846 3072 manducare
1885 2958 1887 2967 Ι

101 3082 211 3137 LXXIII.
244 3083 279 3137 ut
303 3082 451 3153 presbyter
478 3084 508 3137 iu
535 3100 586 3138 aua
610 3083 694 3153 plebe
721 3082 948 3139 siuechrismate
1040 3084 1245 3139 nondebeant.

135 3170 176 3224 ire
192 3185 251 3224 nou
266 3169 377 3224 debeat.
1001 3173 1089 3228 XCVI.
1106 3173 1146 3227 De
1163 3170 1301 3226 scrutinio
1317 3168 1457 3224 faciendo.

100 3258 208 3314 LXXIV.
234 3259 271 3311 Ite
304 3257 470 3329 presbytero
504 3258 553 3329 qui
583 3275 613 3312 se
642 3258 865 3329 deprehenderit
892 3275 949 3314 non
1002 3262 1102 3316 XCVII.
1119 3261 1159 3315 Ile
1174 3257 1334 3314 miuisterio
1349 3256 1538 3328 baptismatis.

136 3345 396 3415 essebaplizatum.
1002 3349 1115 3405 XCVIII.
1131 3347 1213 3414 Quod
1228 3347 1361 3419 bigamus
1377 3348 1502 3412 vocetur,
1518 3343 1570 3415 qui
1586 3347 1655 3397 ante
1681 3341 1846 3412 baptismum

101 3435 196 3490 LXXV.
214 3436 253 3489 Ilo
267 3435 452 3505 presbyteris,
470 3435 617 3507 quomodo
628 3434 658 3489 iu
673 3449 754 3489 coena
777 3435 893 3490 Domini
914 3436 949 3492 de
1039 3451 1169 3498 uxorem,
1181 3440 1210 3490 et
1222 3435 1310 3489 aliam
1326 3438 1392 3505 post
1405 3432 1582 3502 baptismum
1597 3430 1715 3485 babuit.

136 3522 299 3589 chrismate,
325 3522 360 3577 de
384 3524 446 3577 oleo
462 3523 647 3589 sanctiticato‚
672 3523 708 3578 de
731 3525 795 3578 oleo
817 3524 950 3581 infirmo·
1003 3527 1088 3582 XCIX.
1108 3524 1146 3579 Ile
1161 3523 1304 3595 episcopis
1318 3527 1347 3576 et
1363 3520 1537 3593 presbyteris
1556 3525 1585 3573 et
1610 3517 1783 3573 diaconibus
1810 3531 1847 3570 re·

136 3626 201 3664 rum
216 3610 309 3665 Iacere
325 3609 457 3665 debeant.
1039 3613 1199 3685 baptizatis.

104 3698 217 3754 LXXVI.
237 3698 277 3752 Ile
291 3699 391 3753 eodem
408 3714 448 3753 re.
1004 3704 1033 3759 C.
1061 3703 1100 3755 Ile
1115 3716 1148 3756 eo
1175 3699 1226 3771 qui
1246 3714 1299 3769 per
1322 3694 1516 3768 ignorantiam
1532 3693 1688 3750 ordinatur
1701 3697 1846 3765 antequam

101 3786 221 3842 LXXVII.
240 3787 280 3840 Ile
297 3788 396 3841 eadem
412 3801 453 3841 re.
1040 3787 1211 3860 baptizetur.

101 3875 259 3930 LXXXVIII.
275 3875 315 3929 Ite
328 3875 427 3930 eadem
444 3889 483 3929 re.
1006 3878 1049 3935 CI.
1068 3877 1106 3931 ue
1118 3874 1176 3929 illis
1190 3875 1241 3945 qui
1255 3873 1383 3945 {gratiam
1408 3870 1499 3926 sancti
1519 3869 1645 3942 Spiritus
1669 3870 1795 3926 vendere
1812 3884 1850 3923 co

101 3964 208 4019 LXXIX.
263 3964 301 4016 Ite
328 3961 502 4034 presbyteris
532 3962 580 4033 qui
607 3978 659 4034 pro
689 3961 855 4032 accipiendo
880 3963 954 4019 chri·
1007 3968 1123 4021 nentur.

136 4055 226 4105 emate
241 4050 276 4105 ad
295 4050 424 4105 civitates
434 4049 531 4104 venite
545 4052 648 4107 solent.
1198 4060 1201 4067 ¹
1240 4050 1342 4105 Indicit
1356 4048 1538 4118 capitulorum
1552 4048 1624 4116 {tntu

724 4301 1230 4432 BURCHARDI

596 4496 803 4559 ECCLESIAE
830 4494 1149 4558 wonuaclultsls
1178 4495 1368 4552 EPISCOPI

189 4678 868 4830 DECRETORUM
923 4678 1221 4828 LIBER
1276 4676 1768 4854 QUARTUS.

426 4920 476 4985 ult
500 4920 773 4990 SACRXMENTO
797 4917 1072 4989 BAPTISMATIS
1100 4918 1153 4985 ET
1178 4917 1536 4987 CONFIRMATIONIS.

340 5182 584 5239 ARGUMENTUII
602 5184 706 5240 LIBRI.
1006 5185 1105 5241 Latine
1129 5184 1225 5239 tinctio
1256 5183 1473 5256 iuterpretatur.
1509 5180 1593 5247 Quod
1623 5180 1733 5236 idcirco
1765 5178 1860 5235 tInctio

137 5267 220 5324 Libro
243 5270 298 5325 hoc
321 5270 356 5325 de
375 5271 518 5343 baptismo
546 5277 575 5326 et
599 5269 830 5334 confirmatione,
858 5269 951 5342 deque
1005 5274 1119 5338 duitor,
1135 5272 1204 5343 quia
1223 5272 1263 5327 ibi
1280 5274 1367 5328 bomo
1383 5271 1487 5342 spiritu
1502 5269 1604 5340 gratie
1628 5269 1658 5324 iu
1683 5268 1860 5324 meliusnu-

101 5355 137 5410 iis
152 5371 216 5428 quae
226 5361 300 5413 circu
313 5359 375 5414 haec
391 5360 569 5416 observanda
584 5365 659 5427 suut,
675 5362 824 5414 tractatur.
1003 5367 1090 5429 tatur,
1105 5366 1134 5417 et
1148 5362 1234 5432 longe
1250 5361 1330 5416 aliud
1350 5376 1437 5430 quam
1453 5364 1515 5414 erat
1538 5358 1672 5423 efficitur,
1705 5357 1860 5430 baptimtos

296 5446 361 5501 Car.
378 5448 398 5501 I.
413 5477 448 5488 -
460 5449 532 5515 Quid
542 5450 580 5503 ait
590 5448 751 5517 baptismus.
1002 5447 1032 5504 iu
1048 5448 1166 5504 nomine
1182 5449 1286 5515 Patris,
1301 5454 1329 5505 et
1344 5448 1419 5516 Filii,
1436 5452 1464 5503 et
1478 5446 1604 5517 Spiritus
1618 5446 1723 5500 sancti.
1742 5446 1821 5502 Sicut
1833 5442 1860 5497 iu

137 5534 193 5603 (Ito
205 5532 277 5589 deor.
293 5534 407 5590 Fabiae.
422 5551 511 5607 popae,
527 5552 588 5607 cop.
604 5535 643 5608 5.)
664 5534 827 5606 Baptismus
840 5536 947 5604 Graece,
1002 5537 1093 5593 tribus
1106 5537 1228 5593 testibus
1244 5543 1301 5594 stat
1315 5551 1403 5593 omne
1417 5535 1549 5602 verbum,
1569 5535 1611 5590 ita
1625 5534 1682 5590 boe
1696 5547 1859 5591 sacramen·
