3878 6112
136 240 189 294 rat
679 236 883 294 enecatam
902 235 1170 294 woetlnclnrlsls
1189 234 1356 292 nrlscort.
1839 236 1893 289 768

136 364 311 431 perpetuum
336 361 461 415 maneat.
484 357 650 428 distolphus
667 357 873 429 lloguutiensis
897 357 1025 414 archi-A
1045 359 1134 412 llenm
1163 357 1323 424 laudamus,
1348 353 1548 423 decantabant,
1574 357 1602 409 et
1629 353 1773 407 sicsoluta
1794 357 1894 424 estsy-

139 449 291 521 episcopus
317 447 388 501 dixit
410 447 467 501 :Si
495 447 672 518 principibus
694 446 843 517 placuerit,
866 446 1008 523 aliisque*
1042 448 1145 502 nodus.
1379 438 1382 442 ’

139 538 198 592 suis
222 536 367 602 fidelibus,
384 552 520 607 rogemus
534 541 567 590 ut
581 535 761 590 collaudetur
783 538 811 589 et
825 535 988 591 subscriba—
1274 535 1338 591 Car.
1354 534 1411 589 Vll.
1426 563 1460 573 -
1475 536 1512 588 De
1528 533 1620 588 eodem
1630 548 1665 587 rc.

139 631 196 681 tur.
214 627 248 679 Et
274 625 469 679 collaudatum
494 628 547 689 est,
563 630 592 679 et
614 623 807 695 subscriptum
831 630 885 690 est,
899 629 989 679 tama
1079 624 1132 696 (Ec
1151 625 1262 679 concilio
1287 625 1420 691 iterent,
1435 624 1524 692 cupite
1544 623 1603 689 tt.)
1620 621 1673 686 Qui
1692 619 1895 691 presbyterum

139 713 281 786 principe,
296 729 383 784 quam
397 730 412 767 a
427 712 535 766 caeteris
549 712 694 767 omnibus.
1043 714 1179 768 occiderit
1193 712 1244 767 xll
1269 728 1413 766 annorum
1435 711 1461 768 ei
1482 711 1651 780 poenileutia
1675 710 1836 764 secundum
1852 725 1896 762 ce-

367 800 431 854 Car.
446 802 490 855 Vl.
506 829 541 840 -
557 802 598 855 De
612 801 704 856 codem
717 817 756 856 re.
1043 817 1132 856 nones
1155 800 1322 872 imponatur
1345 804 1394 853 eut
1407 798 1432 852 si
1451 798 1609 871 negaverit,
1624 799 1649 852 si
1664 798 1735 852 liber
1758 803 1812 863 est,
1828 813 1895 851 cum

176 891 236 958 (Ec
258 890 369 944 concilio
392 890 573 956 Tribariensi,
598 892 687 960 capite
713 894 737 944 l.
764 891 925 961 Capitulum
948 909 989 948 ec·
1043 890 1138 946 LXllll
1157 891 1244 959 juret.
1271 888 1301 943 Si
1314 892 1417 965 autem,
1432 903 1539 953 servus,
1557 903 1643 958 super
1666 886 1820 940 duodecim
1845 902 1895 939 vo·

140 982 259 1036 etesiae.
282 979 357 1049 opud
386 979 542 1032 triburiam
565 979 695 1035 oCorolo
721 983 747 1032 et
770 981 867 1048 primis
891 981 990 1036 Gallie
1042 995 1137 1034 meres
1151 979 1292 1034 ferventes
1314 982 1504 1048 seexpnrget.
1531 975 1681 1032 Convictus
1695 991 1779 1030 norae
1804 990 1896 1045 usquc

132 1074 165 1124 'et
194 1069 345 1124 Carmente
377 1067 561 1122 collaudatum
592 1073 618 1120 ct
642 1066 848 1138 subscriptum.)
880 1069 989 1123 Placuit
1043 1069 1079 1124 ad
1093 1067 1230 1122 ultimum
1255 1066 1318 1120 vitae
1344 1070 1458 1136 tempus
1480 1064 1589 1119 militiae
1604 1064 1719 1135 cingulo
1742 1067 1849 1129 careat,
1868 1069 1897 1116 el

141 1156 223 1211 nobis
247 1156 421 1210 attidelibus
448 1156 563 1222 uostris,
589 1161 621 1209 ut
644 1155 716 1210 sicut
740 1157 776 1211 ab
796 1155 938 1229 episcopis
961 1162 990 1213 et
1042 1157 1151 1228 absque
1168 1171 1217 1227 spe
1232 1154 1360 1225 conjugii
1376 1163 1500 1208 maneat.

139 1242 260 1313 reliquis
283 1243 477 1298 sacerdotibus
497 1244 593 1298 sellai
618 1244 717 1312 servis,
742 1244 799 1299 elio
814 1260 889 1299 anno
913 1246 989 1315 apud
1125 1245 1190 1299 Car.
1212 1244 1282 1297 Vlll.
1296 1272 1331 1280 -
1345 1245 1381 1297 Dc
1392 1241 1612 1310 interfectoribus
1625 1240 1808 1296 sacerdotum.

140 1332 302 1387 Theodonis
317 1332 414 1387 villam
436 1333 578 1387 admoniti
594 1333 700 1387 luimus
716 1339 744 1388 et
758 1334 859 1407 rogati,
880 1339 912 1389 ut
926 1334 988 1405 epi·
1079 1334 1135 1403 (Ec
1158 1333 1269 1388 concilio
1290 1333 1482 1396 Wormacien.,
1509 1332 1598 1400 cupite
1621 1329 1660 1400 3.)
1678 1329 1733 1394 Qui
1757 1328 1897 1383 sacerdo·

140 1421 217 1492 scopi
234 1425 377 1476 eteorum
400 1421 524 1476 ministri
544 1438 615 1493 quos
631 1423 704 1476 Dens
719 1438 770 1477 suo
787 1439 846 1477 non
862 1423 989 1479 humano
1042 1425 1101 1475 tem
1128 1421 1288 1475 voluntarie
1312 1418 1458 1486 occiderit,
1483 1433 1598 1472 caruem
1618 1433 1677 1472 nou
1698 1417 1843 1484 comedat,
1867 1422 1897 1471 et

137 1509 247 1578 judicio
271 1511 436 1575 reservavit,
458 1511 538 1581 juxta
560 1517 723 1565 sauctorum
748 1526 902 1576 canonum,
926 1528 990 1565 sen·
1043 1510 1141 1564 vinum
1165 1525 1222 1564 uon
1246 1508 1326 1564 bibat
1346 1507 1456 1562 cunctis
1478 1506 1578 1562 diebus
1600 1507 1664 1560 vitae
1683 1522 1754 1561 sure.
1779 1506 1897 1576 lejuuet

54 1590 57 1593 ’
140 1602 309 1669 ctorumque
334 1604 460 1669 patrum,
483 1615 515 1653 ec
537 1599 738 1671 capitularium
763 1600 987 1670 precedentium
1003 1637 1025 1693 B
1043 1614 1134 1670 usque
1148 1598 1183 1653 ad
1197 1612 1357 1668 vesperam,
1382 1596 1507 1667 exceptis
1531 1595 1629 1650 diebus
1644 1591 1723 1649 iestis
1742 1599 1832 1666 atque
1847 1594 1896 1648 do

140 1701 243 1757 rogum
262 1677 363 1741 'coram
381 1687 543 1758 positorum
560 1691 675 1754 statute,
699 1688 792 1741 etDci
818 1689 987 1757 sacerdotes,
1043 1685 1173 1751 minicis;
1199 1701 1280 1739 erma
1309 1701 1366 1739 uon
1391 1688 1497 1751 sumet,
1524 1699 1631 1755 equum
1660 1699 1717 1738 nou
1743 1683 1895 1751 ascendat,

141 1789 301 1845 eorumque
333 1779 548 1847 cooperatores,
580 1791 704 1846 quorum
737 1776 988 1833 intercessionibus
1044 1775 1197 1831 Ecclesiam
1219 1789 1272 1844 per
1295 1773 1423 1851 quinque
1449 1788 1538 1827 anuos
1553 1787 1611 1826 non
1629 1772 1822 1844 ingrediatur,
1845 1772 1896 1826 sed

141 1863 398 1933 supplicationibus
423 1867 520 1920 sancta
544 1865 594 1919 Dei
618 1865 740 1920 Ecclesia
760 1871 890 1921 constare
913 1868 989 1922 vide.
1044 1871 1111 1920 aute
1124 1866 1199 1920 lcres
1221 1864 1352 1918 Ecclesia
1374 1867 1438 1917 stet.
1454 1864 1521 1917 Post
1537 1861 1666 1934 quinque
1691 1877 1784 1915 anuos
1798 1862 1895 1915 Eccle-

140 1952 197 2019 tur,
222 1949 320 2004 intacti
349 1956 546 2022 permaneant.
579 1951 796 2020 Censtituimus,
823 1957 855 2008 ut
877 1954 901 2008 si
925 1954 990 2026 quis
1043 1955 1115 2010 siam
1143 1952 1332 2025 ingrediatur,
1358 1951 1488 2006 nondum
1514 1966 1582 2005 vero
1608 1949 1814 2016 communicet,
1844 1951 1895 2004 sed

141 2039 348 2093 subdiaconum
376 2040 566 2095 calumniatus
603 2041 711 2110 fucrit,
738 2047 767 2095 et
794 2043 988 2109 convaluerit,
1043 2043 1119 2098 iuter
1141 2043 1290 2096 audientes
1315 2046 1378 2095 stet.
1402 2042 1472 2096 Cum
1497 2045 1594 2095 autem
1617 2040 1704 2094 luerit
1728 2038 1894 2094 duodecimi

139 2127 310 2198 poeuitontia
337 2127 474 2182 canonica
493 2129 641 2199 poeniteat,
671 2134 699 2183 et
716 2129 779 2185 CCC
803 2130 907 2186 solidos
931 2132 990 2202 epi·
1043 2130 1112 2186 euni
1127 2147 1227 2185 cursus
1242 2129 1352 2195 finitus,
1368 2128 1598 2184 communicandi
1618 2128 1645 2182 ei
1659 2127 1779 2182 licentia
1793 2144 1892 2182 couce-

141 2230 227 2286 scopo
243 2223 406 2287 componat.
422 2218 454 2271 Et
469 2217 492 2271 si
508 2220 640 2271 mortuus
661 2218 758 2286 luerit,
772 2220 854 2289 juxta
868 2220 896 2275 id
912 2221 989 2290 qnod
1044 2220 1137 2287 datur,
1158 2224 1186 2273 et
1207 2217 1356 2288 equitandi
1380 2216 1523 2271 tribuatur
1544 2215 1685 2270 remissio.
1709 2215 1824 2270 llaueat
1846 2232 1892 2269 au·

140 2319 264 2358 canones
289 2304 462 2375 precipiunt
476 2305 623 2376 poeniteat,
649 2312 677 2360 et
701 2306 785 2363 CCCC
801 2308 907 2362 solidos
928 2309 989 2380 epi·
1042 2312 1100 2362 tom
1124 2307 1154 2362 iu
1177 2305 1296 2378 reliquis
1315 2304 1561 2360 observationibus
1585 2309 1642 2359 tres
1664 2303 1724 2358 dies
1747 2319 1800 2375 per
1821 2303 1894 2358 heb-

141 2408 229 2463 scopo
244 2397 407 2462 componat.
424 2393 452 2449 sl
467 2392 620 2449 diaconum
636 2395 701 2465 quis
719 2396 910 2451 calumniatus
924 2398 990 2452 fue·
1042 2396 1205 2465 demadem,
1220 2399 1254 2449 ut
1268 2394 1423 2464 perfectius
1435 2393 1583 2464 purificari
1595 2398 1753 2448 mereatur.

141 2481 189 2546 rit,
214 2485 243 2534 et
257 2481 443 2551 convaluerit,
469 2482 607 2552 poeniteat
625 2484 784 2539 secundum
805 2501 938 2554 canones,
962 2491 990 2542 et
1080 2486 1147 2541 Cir.
1164 2486 1208 2541 lx.
1225 2515 1259 2524 -
1274 2487 1311 2539 lle
1320 2483 1488 2554 presbyteris
1503 2483 1642 2551 depositis,
1658 2488 1684 2535 et
1697 2484 1737 2535 sic
1752 2483 1860 2537 occisis.

142 2568 227 2625 CCCC
251 2569 359 2623 solidos
380 2569 513 2641 episcopo
528 2575 691 2642 componat.
707 2572 737 2628 si
759 2589 817 2627 non
837 2576 988 2630 convalue-
1080 2575 1135 2646 (Ec
1149 2574 1242 2628 concil.
1271 2575 1426 2638 turonico,
1449 2586 1509 2640 cop.
1535 2569 1573 2641 3.)
1588 2570 1760 2624 Nuntiatum
1775 2575 1819 2624 est
1845 2585 1892 2623 no-

141 2657 189 2724 rit,
207 2657 288 2728 juxta
311 2663 456 2730 precepta
479 2660 641 2730 synodalica
662 2660 810 2731 poeniteat,
831 2668 860 2717 et
875 2663 919 2718 DC
944 2680 989 2718 so·
1042 2661 1095 2725 bis,
1111 2661 1190 2733 quod
1212 2659 1303 2731 aliqui
1319 2660 1388 2713 olim
1412 2659 1546 2714 dixerunt
1568 2674 1598 2712 se
1613 2657 1700 2713 tuisse
1720 2658 1890 2724 sacerdotes,

140 2747 214 2802 lidos
236 2747 371 2819 episcopo
393 2753 555 2819 componat.
572 2748 601 2805 Si
624 2750 823 2821 presbyterum
839 2751 990 2823 quismale
1044 2755 1073 2806 et
1090 2754 1191 2822 postea
1216 2748 1366 2821 degradati
1389 2764 1441 2819 pro
1466 2746 1524 2800 suis
1547 2747 1670 2818 peccatis
1695 2746 1890 2817 penitentiam

141 2835 315 2901 tractaverit,
338 2841 366 2889 ot
388 2837 570 2907 spassaverit,
595 2839 753 2893 secuudum
778 2839 839 2910 ejus
863 2839 988 2911 episcopi
1044 2839 1168 2912 egendo,
1184 2837 1321 2907 suffragia
1344 2841 1505 2891 sanctorum
1521 2851 1573 2906 per
1594 2835 1707 2890 diversa
1721 2836 1784 2889 loca
1802 2841 1889 2889 tram·

142 2925 314 2979 sententiam
344 2925 492 2995 poeniteat,
528 2929 556 2980 et
583 2926 691 2983 DCCCC
721 2927 827 2983 solidos
856 2929 989 3000 episcopo
1006 2917 1027 2973 G
1045 2934 1146 2983 euntes
1168 2926 1354 2998 quaesierunt,
1380 2923 1516 2979 trucidati
1539 2923 1605 2977 siut.
1629 2923 1834 2994 Huiuscemodi
1849 2923 1887 2976 in·

142 3017 305 3083 componat.
335 3013 364 3067 Si
392 3018 488 3068 autem
525 3020 654 3069 mortuns
682 3015 778 3082 luerit,
808 3021 839 3071 ut
866 3018 989 3089 synodus
1044 3014 1245 3071 terfectoribus
1259 3029 1376 3069 omnem
1389 3012 1608 3067 ecclesiasticam
1622 3011 1795 3083 dignitatem
1810 3012 1886 3065 dene·

143 3100 351 3172 dijudicaverit,
366 3101 517 3171 poeniteat,
533 3106 560 3155 ot
574 3103 652 3157 mille
673 3104 715 3160 CC
735 3104 841 3160 solidos
856 3106 990 3177 episcopo
1045 3121 1156 3175 gamus,
1181 3104 1273 3159 donec
1299 3103 1415 3173 dignam
1439 3099 1639 3172 poeniteutiam
1664 3115 1716 3171 pro
1736 3105 1818 3153 reatu
1841 3113 1887 3151 suo

66 3228 71 3237 .
142 3193 305 3256 componat.
334 3188 366 3241 Et
391 3187 415 3240 si
442 3187 506 3258 quis
535 3189 669 3259 episcopo
695 3191 812 3246 iusidias
841 3194 989 3263 posuerit,
1045 3193 1201 3247 secuudum
1228 3190 1369 3262 judicium
1395 3191 1596 3261 episcoporum
1623 3189 1772 3243 exsolvant
1794 3205 1802 3242 z
1826 3188 1906 3258 quia

143 3274 405 3345 comprehenderit,
427 3274 472 3329 vel
485 3275 515 3328 in
530 3276 628 3347 aliquo
644 3277 884 3350 dehonestaverit,
900 3282 990 3352 poeni-
1045 3281 1160 3353 gravius
1174 3281 1237 3335 eliis
1252 3278 1404 3335 homicidis
1418 3278 1559 3349 poeuitere
1572 3276 1687 3331 debent.

143 3368 203 3420 teat
224 3362 384 3418 secundum
405 3378 549 3418 canonum
574 3369 690 3429 statuta,
708 3366 909 3438 etpresbyteri
932 3383 991 3422 non
1044 3371 1109 3425 Cir.
1126 3369 1161 3424 Χ.
1187 3400 1222 3408 -
1245 3368 1458 3439 Depresdylcrts
1473 3367 1522 3435 qui
1541 3368 1599 3419 sinc
1614 3367 1704 3419 orario
1723 3365 1931 3419 occidentur-

143 3451 230 3507 occisi
248 3451 392 3521 triplicem
406 3451 655 3522 compositionem,
676 3468 741 3507 cum
761 3453 865 3508 instilis
881 3471 946 3527 quae
960 3455 991 3510 iu
1081 3459 1134 3531 (lle
1156 3458 1266 3512 concilio
1290 3457 1411 3521 Pmoun,
1437 3456 1481 3510 oei
1502 3456 1632 3519 interfuit
1652 3469 1703 3507 rec
1725 3451 1873 3522 Amolplro
1906 3494 1931 3503 -

143 3538 285 3610 superiori
301 3539 565 3610 capituloscriptae,
582 3539 879 3597 etcoulirmatcecsse
896 3544 992 3599 viden·
1044 3564 1106 3619 cap.
1131 3546 1190 3617 26.)
1219 3547 1254 3601 Ut
1267 3544 1427 3615 presbyteri
1451 3559 1508 3598 non
1534 3542 1648 3609 vadant,
1665 3542 1721 3597 uisi
1750 3543 1822 3596 stola
1845 3557 1873 3594 ve
1894 3539 1931 3546 “

141 3632 199 3697 tur,
227 3633 390 3699 componet.
413 3628 441 3683 si
465 3628 531 3700 quis
553 3644 605 3700 per
628 3628 800 3684 industriam
825 3632 990 3704 episcopum
1045 3635 1141 3692 orario
1156 3634 1259 3690 induti.
1278 3636 1311 3689 Et
1324 3633 1349 3687 si
1370 3633 1399 3687 in
1418 3631 1521 3686 itincre
1535 3631 1706 3702 spoliantur,
1728 3631 1773 3685 rel
1797 3631 1872 3683 vulne

142 3717 288 3785 occiderit,
311 3718 393 3787 juxte
415 3717 444 3772 id
467 3717 545 3788 quod
568 3714 644 3789 apud
673 3718 834 3774 Theodonis
857 3721 991 3776 villama
1043 3730 1154 3792 rantur,
1180 3729 1230 3778 aut
1252 3722 1430 3790 occiduntur,
1460 3735 1517 3775 non
1537 3720 1610 3774 stola
1633 3719 1740 3782 vestiti,
1770 3719 1873 3790 simplic

142 3806 238 3862 xxxll
262 3805 404 3877 episcopis
427 3806 575 3861 decretum
594 3810 646 3873 est,
664 3811 693 3862 et
716 3807 853 3879 quodibi
877 3810 992 3864 euobis
1045 3811 1246 3867 emendatione
1275 3824 1327 3863 sua
1352 3808 1508 3862 solvantur.
1535 3806 1565 3861 Si
1593 3811 1690 3861 autern
1717 3822 1783 3860 cum
1810 3806 1872 3859 stola

143 3900 172 3949 et
186 3911 203 3948 a
216 3894 388 3966 primatibus
407 3899 493 3950 totins
514 3896 685 3964 Germania,
701 3902 729 3950 et
742 3896 849 3964 Calliae,
867 3897 992 3970 benigna
1045 3900 1161 3973 triplici.

142 3983 352 4038 collaudatione
378 3984 572 4038 collaudatum
592 3990 645 4052 est,
667 3989 697 4039 et
721 3984 913 4056 subscriptum
938 3992 989 4056 est,
1045 4010 1110 4064 GM,
1134 4006 1178 4060 xp,
1206 4035 1240 4043 -
1256 4006 1298 4059 Dp
1323 4003 1480 4073 presbytero
1503 4003 1654 4068 interfecto,
1680 4001 1717 4055 ad
1744 4001 1931 4070 quemepffi

145 4072 291 4142 poeniteat,
308 4077 336 4126 et
360 4072 514 4143 pecuniam
534 4072 649 4126 anobis
672 4087 836 4127 concessam
862 4074 992 4130 Ecclesire
1310 4076 1465 4144 compositio
1481 4076 1626 4143 perterreat.

143 4160 268 4215 viduatas
284 4163 436 4232 persolvat.
455 4161 488 4214 Et
505 4161 561 4214 hoc
576 4162 610 4214 de
626 4165 723 4214 nostro
738 4160 903 4231 adjecimus,
921 4167 952 4218 ut
966 4163 990 4217 si
1005 4187 1027 4241 D
1083 4167 1139 4238 (lle
1163 4163 1263 4231 codem,
1287 4179 1347 4233 cop.
1371 4163 1411 4232 5.)
1435 4161 1594 4232 Presbyteri
1611 4160 1755 4214 interlecti
1780 4174 1931 4229 compost

144 4249 208 4319 quis
224 4249 254 4303 iu
277 4247 322 4302 his
347 4247 519 4319 supradictis
543 4252 706 4303 sanctornm
723 4265 867 4304 canonum
884 4252 990 4307 nostri·
1044 4254 1110 4310 sitio
1134 4253 1268 4323 episcopo
1291 4252 1325 4307 ad
1342 4252 1423 4321 cujus
1438 4249 1604 4320 parochiam
1618 4249 1798 4320 pertinebat,
1808 4249 1931 4301 selsel

144 4353 200 4408 que
232 4337 338 4392 decreti
366 4335 571 4404 sanctionibus,
601 4336 741 4409 episcopis
767 4337 935 4394 inobediens
963 4345 991 4395 st
1044 4348 1105 4410 tur,
1132 4343 1172 4397 ita
1200 4341 1346 4406 videlicet,
1382 4343 1415 4394 ut
1444 4338 1628 4392 medietatem
1656 4336 1805 4408 Wirigeldi
1833 4335 1931 4406 ejuss

144 4430 298 4480 contumax
323 4426 458 4494 extiterit,
483 4425 611 4497 primum
633 4427 769 4480 canonica
791 4427 932 4483 sententia
952 4428 992 4483 ie·
1045 4432 1197 4504 episcopus
1219 4428 1393 4485 utilitatibus
1417 4428 1547 4482 Ecclesiae
1563 4426 1609 4480 cui
1632 4425 1760 4496 pretuli,
1777 4424 1931 4486 tribuat,

99 4574 108 4589 ‚
143 4514 244 4570 riatur.
271 4515 378 4571 lieinde
401 4515 546 4570 innostro
569 4530 658 4585 regno
675 4514 848 4570 beneficium
868 4517 990 4571 nonha-
1046 4525 1074 4576 et
1097 4521 1215 4574 alteram
1241 4517 1423 4572 medietatem
1451 4516 1480 4569 iu
1504 4517 1716 4586 eleemosynam
1734 4514 1795 4585 ejus
1819 4514 1931 4584 justa

143 4603 219 4668 beat,
236 4609 263 4658 et
276 4605 365 4659 alodis
380 4604 441 4676 ejus
454 4604 483 4658 iu
496 4604 624 4658 bannum
641 4603 781 4670 mittatur,
801 4607 830 4657 et
845 4604 869 4658 si
882 4621 991 4660 anurrm
1046 4608 1203 4680 dispertiat,
1229 4606 1409 4678 quianullus
1434 4603 1517 4658 uobis
1540 4603 1602 4673 ejus
1622 4603 1712 4656 heres
1736 4599 1931 4672 proximioc

144 4709 234 4748 unum
249 4694 369 4749 etdiem
393 4699 492 4749 nostro
507 4693 603 4749 bauco
625 4692 817 4764 permanserit
840 4693 875 4748 ed
890 4693 991 4749 liscum
1045 4695 1168 4762 videtur,
1183 4709 1268 4764 quam
1282 4694 1331 4749 ille
1344 4692 1394 4764 qui
1408 4693 1502 4762 ipsum
1519 4691 1641 4745 Domino
1655 4690 1783 4744 sociavit.

92 4774 95 4780 ’
143 4787 274 4837 nostrum
294 4783 451 4855 redigatur,
467 4787 609 4853 etceplns
624 4781 785 4836 inexilium
802 4781 947 4852 religetur,
963 4787 992 4837 et
1046 4804 1111 4858 (hp,
1127 4801 1230 4857 xpp-
1246 4800 1356 4855 pepp,
1378 4798 1619 4868 papperwrde&
1642 4796 1819 4851 homicidium
1831 4810 1931 4867 μμ

142 4871 183 4926 ibi
209 4876 268 4927 tem
297 4871 347 4927 diu
376 4870 555 4927 custodiatur
588 4876 617 4925 et
642 4870 872 4942 constringatur,
902 4871 993 4926 donec
1380 4872 1556 4938 pctrcoov'nt.

142 4964 255 5015 coactus
284 4962 352 5030 Deo,
380 4966 408 5015 ot
431 4964 534 5014 sancte
563 4959 694 5014 Ecclesiae
721 4960 886 5026 satisfaciat,
913 4959 992 5032 quod
1083 4962 1141 5029 (Eu
1155 4961 1250 5016 concil.
1271 4961 1430 5024 Ncrtneten,
1453 4972 1513 5026 cap.
1528 4954 1569 5025 2.)
1592 4955 1702 5027 Siquis
1725 4954 1892 5021 voluntarie,

143 5049 224 5118 prius
252 5051 352 5121 gratis,
363 5050 456 5105 facere
484 5049 625 5104 noluerat.
651 5050 684 5102 Et
703 5048 727 5101 si
751 5049 884 5103 omnibus
913 5048 992 5103 vobis
1047 5054 1075 5105 et
1092 5065 1142 5121 per
1166 5047 1285 5102 insidias
1300 5045 1446 5100 hominem
1471 5044 1657 5109 interiecerit,
1669 5043 1735 5115 jugi
1759 5045 1931 5115 poenitenf

143 5137 372 5209 complacuerint
393 5138 487 5193 dicite.
507 5138 540 5192 Et
567 5136 652 5191 tertio
667 5137 702 5190 ab
722 5137 855 5192 omuibus
884 5140 994 5193 concla-
1046 5139 1139 5194 tiese
1168 5137 1326 5191 submittat.
1344 5133 1418 5189 Etsi
1434 5134 1487 5189 hoc
1513 5133 1627 5205 publico
1655 5137 1752 5186 actum
1775 5137 1894 5197 constat,

144 5229 254 5280 matum
280 5231 333 5291 est,
354 5228 456 5298 placet.
484 5227 516 5281 Et
539 5226 737 5295 imperatores,
755 5229 784 5279 el
804 5241 877 5296 pene
893 5242 992 5281 omues
1047 5227 1070 5281 si
1085 5226 1172 5280 laicus
1195 5229 1246 5288 est,
1263 5221 1498 5277 acommunioue
1517 5221 1681 5275 orationum
1694 5220 1896 5291 quinquennio

144 5313 245 5369 Galliae
265 5319 294 5368 et
313 5315 473 5369 Germanias
497 5314 642 5387 principes
665 5314 907 5385 subscripserunt,
932 5315 991 5369 siu·
1047 5316 1237 5371 removeatur.
1264 5315 1331 5368 Post
1353 5310 1586 5383 quinquennium
1609 5314 1722 5365 tantum
1738 5309 1770 5365 in
1795 5312 1899 5364 oratio-

144 5401 206 5474 guli
228 5402 355 5473 singulas
371 5403 506 5458 iacientes
527 5419 634 5471 cruces,
650 5408 677 5456 el
694 5402 905 5456 Ecclesiasticus
921 5403 991 5458 ordo
1047 5418 1117 5457 num
1141 5400 1374 5455 communionem
1399 5397 1563 5470 recipiatur,
1582 5413 1639 5453 uon
1665 5402 1760 5451 autem
1786 5399 1896 5465 otferat,

145 5494 203 5556 lleo
227 5495 256 5546 et
275 5491 454 5562 principibus
479 5493 575 5548 landes
595 5493 751 5548 relerentes
776 5492 927 5563 hymnum,
953 5492 993 5546 Te
1047 5506 1106 5546 uon
1133 5506 1237 5562 corpus
1265 5488 1379 5543 Domini
1404 5487 1565 5558 contingat.
1600 5488 1632 5542 lu
1654 5502 1712 5558 quo
1735 5487 1898 5558 perdurans
