3878 6112
435 386 675 443 nnceuronuu
696 387 865 443 crnnrxx.
885 348 1205 444 -meubeuusus,
1644 391 1695 445 sco

70 508 222 566 chemino
243 514 414 580 potestatem
439 509 554 565 habeut.
573 512 605 565 Et
623 509 687 564 idco
701 509 835 580 potiush
854 509 992 580 quoniam
1004 512 1063 564 hm
1079 507 1241 563 sacerdotes
1255 523 1342 578 quam
1354 507 1459 578 reliqui
1485 507 1584 563 fideles
1599 524 1700 564 omues

70 594 132 664 udi,
146 593 295 665 diligendi,
310 599 340 648 et
355 610 535 666 summopere
550 602 616 649 suut
629 595 795 660 venerandi,
850 613 994 652 summum
1007 597 1113 653 debent
1136 596 1242 651 bebere
1259 611 1357 651 curam
1379 596 1414 650 dc
1438 596 1483 650 his
1497 597 1548 668 qrri
1567 603 1699 667 pereunt,

70 683 249 746 detrahendi,
273 681 316 736 vel
342 682 486 737 lacerandi
513 687 564 737 aut
582 683 727 753 ejiciendi,
747 682 797 737 sed
844 692 994 758 quatenus
1033 700 1135 740 eorum
1173 684 1377 755 redargutione
1403 689 1452 738 aut
1480 684 1661 756 corrigantur
1684 704 1702 740 a

72 771 92 838 i,
103 778 132 826 et
141 771 259 825 amandi
286 770 476 841 ipsodicente
499 771 620 825 Domino
648 770 732 835 :uui
747 787 797 824 vos
851 775 983 846 peccatis,
1000 779 1059 841 eut,
1075 773 1100 828 si
1113 772 1323 844 incorrigibiles
1343 774 1540 844 apparuerint,
1556 773 1592 828 ab
1607 773 1700 829 Eccle-

70 874 103 913 ne
130 858 233 913 audit:
258 858 360 927 etqui
384 873 434 911 vos
456 857 578 927 speruit,
608 874 653 911 me
676 858 796 929 spernit.
852 862 895 916 sia
911 865 1091 933 separentur.

70 964 91 1001 c
104 947 185 1001 robis
205 952 234 1000 et
249 946 384 1001 omuibus
399 945 533 1001 lidelibus
555 945 717 1011 scribimus,
742 946 799 1000 lra—
1029 949 1094 1004 Cur.
1115 947 1260 1004 Cllllllllll.
1277 978 1312 989 -
1327 951 1364 1003 Dc
1377 948 1470 1004 eudem
1484 965 1523 1004 re.

81 1035 118 1090 ab
135 1035 181 1089 his
195 1051 246 1089 vos
270 1035 395 1088 caveatis
416 1039 444 1089 et
467 1034 589 1105 posteris
611 1034 712 1089 vestris
740 1050 800 1088 non
889 1036 945 1107 (lic
973 1035 1045 1091 decr.
1084 1037 1225 1092 Clementis
1247 1051 1326 1106 pop,
1354 1052 1413 1107 cup.
1446 1041 1500 1105 11.)
1521 1036 1577 1108 lpsi
1606 1042 1702 1093 auteur

71 1124 120 1180 sed
143 1124 251 1178 bonum
274 1124 441 1193 exemplum
463 1123 645 1193 relinquatis,
663 1122 800 1193 quoniam
854 1124 981 1196 episcopi
1000 1123 1024 1178 si
1045 1124 1281 1191 exorbitaverint,
1310 1125 1347 1179 ab
1384 1125 1445 1195 istis
1470 1141 1529 1181 nou
1565 1130 1633 1181 suut
1657 1142 1703 1180 re·

70 1212 272 1284 cpiscoporum
288 1212 324 1266 ad
338 1210 484 1267 Christum
499 1209 801 1283 pertinet,cujusvice
852 1213 1052 1285 prehendendi
1077 1214 1121 1267 vel
1154 1213 1304 1284 arguendi,
1334 1213 1383 1268 sed
1410 1214 1553 1285 portandi,
1584 1214 1640 1269 nisi
1673 1214 1704 1269 iu

70 1317 120 1356 nr.
854 1301 912 1356 fide
931 1301 1099 1356 erraverint.
1123 1299 1160 1354 lli
1186 1316 1257 1371 ergo
1284 1316 1369 1371 super
1398 1301 1452 1355 boc
1475 1306 1551 1368 sunt,
1575 1317 1635 1357 uon
1662 1302 1704 1356 illi

70 1406 164 1461 mv¹
189 1435 225 1446 ..
250 1408 287 1460 pe
308 1406 441 1475 episcopi,
465 1406 514 1473 qm·
537 1404 571 1459 ab
599 1405 723 1459 ,mrbus
743 1406 801 1460 mg
855 1405 942 1460 super
965 1388 1059 1443 istos:
1085 1387 1224 1458 quoniam
1248 1387 1341 1457 major
1360 1404 1378 1441 a
1405 1388 1517 1443 minore
1539 1405 1600 1444 nou
1622 1390 1705 1461 argui

71 1481 196 1544 tacetur,
212 1481 342 1531 uteorum
357 1478 573 1530 amostrmliorwn
587 1478 748 1544 recipietur.
855 1493 909 1532 nec
934 1475 1058 1547 judicari
1080 1479 1185 1546 potest.
1202 1475 1315 1528 ⁸Nullus
1339 1492 1369 1528 se
1391 1476 1509 1530 extollat
1522 1492 1591 1547 erge
1611 1477 1706 1532 docto·

70 1567 137 1635 pist.
149 1566 244 1622 Coliat.
260 1580 349 1634 popae,
367 1579 428 1632 cap.
452 1563 488 1634 1.)
504 1564 636 1618 Callistus
652 1564 802 1635 episcopus
856 1580 902 1619 res
917 1580 949 1618 ac
976 1563 1128 1633 magistros
1149 1578 1240 1616 suos:
1267 1561 1336 1633 quie
1362 1561 1519 1632 discipulus
1543 1579 1631 1635 super
1645 1580 1706 1618 ma-

70 1653 241 1725 ecatholicse
266 1653 346 1706 urbis
372 1655 519 1718 llocuauae,
542 1653 694 1706 Benedicto
722 1652 803 1707 fratri
856 1653 979 1723 gistrum
1007 1667 1060 1705 nec
1083 1667 1144 1705 esse
1180 1651 1264 1705 debet
1292 1666 1346 1705 nec
1371 1655 1474 1721 potest.
1516 1651 1617 1705 Nullus
1640 1653 1709 1706 velit

71 1756 156 1811 copo,
191 1742 312 1794 salutem
350 1741 380 1794 in
415 1740 538 1795 Christo.
582 1741 804 1797 Crimiuutioues
858 1741 916 1795 dici
936 1745 1049 1795 sanctus
1072 1744 1227 1811 antequam
1252 1738 1299 1804 sit,
1320 1738 1370 1793 sed
1388 1739 1469 1808 prius
1496 1738 1533 1793 sit
1550 1743 1583 1792 ut
1613 1739 1709 1794 verius

70 1835 149 1884 outre
177 1828 324 1883 doctorem
358 1844 444 1882 uerno
466 1829 602 1900 suscipiat
622 1846 629 1882 ε
652 1830 721 1900 quie
745 1845 804 1884 nou
862 1830 981 1887 dicatur.
1004 1829 1149 1897 Praecepta
1177 1827 1291 1882 Domini
1313 1826 1522 1898 doctorumque
1558 1843 1591 1881 ec
1617 1827 1709 1899 magi·

83 1917 159 1972 lilios
172 1923 269 1987 patres
288 1917 507 1988 reprehendere,
534 1933 587 1971 nec
600 1934 697 1973 servos
710 1918 808 1972 dorni-
862 1921 987 1972 stroruru
1011 1916 1093 1970 iactis
1129 1915 1260 1986 quotidie
1292 1914 1460 1985 adimplere,
1491 1918 1521 1970 et
1547 1913 1577 1970 in
1605 1915 1711 1972 Christi

70 2022 157 2061 crare.
173 2006 237 2061 Filii
257 2021 325 2075 ergo
352 2011 419 2058 suut
443 2005 592 2059 doctorum
615 2021 715 2061 omues
735 2022 807 2076 quos
861 2005 978 2062 nomine
991 2020 1044 2076 pro
1060 2003 1184 2058 inimicis
1199 2019 1282 2057 orere
1295 2008 1416 2074 oportet.

70 2098 125 2148 ut:
141 2098 170 2147 et
185 2094 257 2150 sicut
276 2093 329 2147 tilii
345 2099 441 2162 patres
453 2092 592 2159 carnales,
608 2093 648 2147 sic
663 2098 693 2148 et
709 2094 740 2148 hi
754 2110 808 2165 pe·
1044 2093 1108 2149 Cir.
1127 2091 1280 2147 ClillllVlll.
1295 2120 1330 2130 -
1346 2092 1387 2146 De
1400 2090 1494 2146 eodan
1506 2106 1546 2148 re.

70 2181 137 2237 beut
150 2181 270 2253 diligere
285 2181 435 2253 spiritales.
452 2181 604 2237 Noueuim
618 2181 691 2236 bene
709 2182 809 2236 vivunt
896 2183 952 2252 (Ea
962 2182 1041 2250 epist.
1073 2179 1184 2235 Eusebii
1206 2194 1297 2248 pope,
1318 2194 1379 2249 cup.
1405 2179 1461 2246 20.)
1486 2182 1605 2236 Necesse
1632 2180 1711 2236 euim

70 2271 317 2337 arectecreduut,
344 2275 394 2323 aut
407 2277 502 2341 patres
516 2269 740 2340 reprehendunt,
763 2270 808 2325 vel
861 2275 956 2324 estut
983 2273 1107 2322 rectores
1131 2283 1149 2321 a
1176 2266 1297 2321 subditis
1324 2265 1492 2328 timeantur,
1521 2266 1556 2321 ub
1584 2267 1711 2340 ipsisque

70 2363 115 2413 rut
131 2359 201 2413 suis.
228 2359 362 2413 Doctores
377 2373 457 2428 ergo,
482 2358 533 2429 qui
553 2362 581 2411 et
595 2363 690 2430 patres
704 2374 807 2413 vocan-
861 2357 1050 2426 corrigantur,
1069 2359 1101 2410 ut
1118 2355 1244 2409 humana
1259 2352 1413 2408 formidine
1438 2369 1555 2425 peccare
1570 2360 1710 2426 metuant,
1786 2390 1792 2402 ·

70 2447 129 2517 egis
142 2446 275 2518 portandi
298 2461 385 2517 quam
406 2445 637 2516 reprehendendi
659 2452 737 2513 suut,
752 2447 809 2501 nisi
862 2439 1140 2513 quidivinajudicia
1159 2457 1217 2495 uon
1240 2440 1403 2496 formidant.
1432 2442 1591 2497 Deteriores
1605 2444 1712 2517 quippe

70 2534 147 2590 tilde
167 2534 335 2589 erraverint.
361 2533 462 2588 Nullus
486 2550 555 2602 ergo
581 2534 733 2590 doctorum
757 2551 809 2605 per
862 2534 929 2584 suut
955 2529 1006 2601 qui
1037 2530 1188 2584 doctorum
1216 2530 1304 2584 vitam
1328 2545 1479 2598 moresque
1510 2540 1711 2604 corrumpunt,

87 2630 246 2688 accusetur,
275 2637 328 2677 nec
352 2621 408 2675 uisi
429 2622 509 2676 lideli
532 2627 561 2676 et
587 2623 728 2694 legitimo,
758 2622 809 2695 qui
862 2617 907 2672 his
928 2617 979 2689 qui
1005 2617 1178 2673 substautias
1206 2617 1331 2672 aliorum
1357 2617 1524 2690 prredieque
1561 2619 1712 2691 diripiunt.

78 2710 360 2782 irreprehensibilem
387 2710 475 2765 uitam
495 2726 529 2764 ac
561 2713 809 2766 conversationem
863 2705 921 2776 Ipsi
944 2704 1062 2776 quidem
1086 2720 1121 2760 ea
1143 2720 1209 2776 qttte
1234 2708 1315 2760 extre
1343 2721 1404 2767 nos,
1427 2705 1495 2761 lieet
1521 2714 1619 2762 nostre
1645 2710 1711 2777 sint,

82 2796 241 2854 accusatori
274 2798 453 2868 respondeat.
482 2798 555 2863 Quia
582 2798 733 2870 indignum
767 2805 810 2855 est
863 2792 1016 2861 euieruut;
1053 2793 1141 2848 nostri
1168 2808 1285 2865 qnoque
1315 2793 1498 2861 detractores,
1543 2800 1572 2850 et
1599 2812 1713 2852 morum

70 2903 106 2943 or
129 2888 217 2942 stulto
240 2897 270 2942 et
295 2886 411 2941 indocto
430 2890 517 2958 atque
544 2887 811 2957 reprehensibiliter
863 2886 1045 2953 corruptores
1081 2885 1255 2951 nostrorum,
1298 2881 1358 2936 sive
1386 2882 1437 2954 qui
1473 2882 1626 2939 advenum
1662 2900 1715 2940 uos

92 2978 264 3047 respoudeat
284 2975 367 3046 juxta
391 2974 544 3029 stultitiam
568 2990 660 3040 suam,
698 2975 809 3031 dicente
863 2975 1024 3040 armantur,
1039 2969 1156 3040 proprie
1171 2985 1225 3024 nos
1253 2968 1310 3040 ipsi
1323 2968 1482 3042 decipiunt,
1498 2976 1526 3024 et
1552 2971 1617 3026 ideo
1637 2973 1715 3043 juste

70 3080 128 3120 ira:
155 3064 217 3119 lton
240 3063 413 3133 respondeas
440 3063 526 3117 stulto
553 3063 634 3133 juxta
659 3063 810 3119 stultitiam
825 3070 847 3127 c
864 3056 986 3113 mames
1019 3061 1098 3126 suut,
1141 3061 1172 3113 et
1206 3057 1309 3113 merito
1349 3056 1385 3113 ab
1425 3057 1550 3114 Ecclesia
1589 3065 1716 3116 extorres

73 3152 137 3208 Nou
159 3151 231 3206 bene
254 3151 324 3206 vivit
347 3151 398 3222 qui
423 3166 481 3205 non
504 3156 580 3205 recte
608 3151 708 3207 credit.
737 3152 814 3208 Nihil
868 3162 952 3218 fiunt,

70 3240 109 3295 ult
123 3240 174 3311 qui
187 3239 281 3294 fidelis
295 3245 347 3294 est.
378 3237 409 3294 Si
432 3238 498 3310 quis
522 3238 615 3294 fidelis
641 3245 694 3309 est,
719 3240 815 3295 videat
1045 3249 1110 3306 cre,
1132 3249 1262 3305 cxxxlx,
1277 3279 1314 3292 -
1326 3253 1367 3308 De
1388 3250 1482 3307 eadem
1499 3267 1539 3307 re,

70 3327 242 3398 eloquatur,
257 3331 289 3381 ut
313 3328 448 3399 cuiquam
464 3327 580 3381 insidias
604 3334 701 3398 ponat.
733 3328 815 3383 Fide·
902 3340 959 3404 (Eae
972 3337 1070 3394 derret,
1100 3339 1168 3392 Gaii
1183 3353 1275 3410 pape,
1305 3353 1366 3409 cop.
1393 3341 1435 3409 7.)
1462 3340 1537 3405 ονοε7
1560 3356 1628 3396 vero
1651 3357 1717 3414 qum

70 3433 100 3473 ro
113 3432 227 3486 semper
240 3416 364 3471 lideliter
378 3415 449 3487 agit,
464 3421 493 3470 et
515 3414 640 3470 inlidelis
653 3415 754 3470 callide
768 3416 814 3470 in·
867 3426 976 3498 pastori
990 3426 1216 3482 euocommiseae
1245 3426 1364 3494 fuerint,
1390 3443 1457 3483 eum
1484 3444 1539 3483 nec
1559 3431 1718 3500 repmhon.

70 3521 96 3574 r,
120 3510 205 3576 atque
226 3504 325 3559 fideles
341 3509 370 3558 et
387 3505 435 3574 pie
454 3520 487 3558 ⁸0
502 3504 580 3575 juste
602 3504 728 3558 1118111θὸ
749 3520 814 3574 per·
868 3515 947 3582 dere,
973 3514 1061 3570 nicia
1089 3519 1165 3569 recta
1192 3513 1248 3568 ilde
1278 3514 1490 3584 exorbitaverit,
1516 3515 1631 3586 debent,
1665 3533 1719 3573 nec

70 3592 152 3648 ititur
166 3594 234 3663 quie
248 3592 350 3648 similis
372 3591 498 3647 similem
521 3592 575 3646 sibi
604 3592 717 3663 quierit.
747 3592 814 3647 luli-
869 3602 1012 3657 ullatenus
1038 3617 1170 3656 accusare
1198 3607 1342 3671 possunt:
1369 3603 1438 3673 quie
1467 3603 1541 3658 facta
1570 3610 1718 3676 pastorum
1821 3604 1824 3609 ’

70 3697 126 3737 '⁰10
153 3682 240 3736 h0¹¹¹⁰
272 3687 403 3736 mortuus
431 3683 473 3734 631
499 3680 531 3735 5¹1
545 3695 664 3749 coll)oro
691 3679 814 3742 vivente,
868 3705 970 3746 eorum
985 3689 1081 3762 gladio
1106 3688 1236 3744 ferienda
1264 3704 1323 3743 uon
1345 3694 1423 3758 suut,
1449 3705 1617 3762 quanquam
1641 3698 1718 3748 recle

70 3786 249 3825 asermones
263 3769 356 3824 tidelis
384 3768 510 3823 hominis
534 3768 623 3823 vitum
649 3769 816 3823 custodiunt
867 3777 1105 3849 reprehendenda
1117 3775 1278 3831 videantur.

70 3874 141 3915 rum.
162 3860 311 3914 Ductorem
330 3858 407 3912 enirn
422 3857 605 3924 catholicum,
621 3861 649 3913 et
670 3858 815 3929 precipue
868 3884 933 3941 CM,
950 3882 1025 3939 exp„
1039 3912 1074 3923 -
1087 3885 1123 3936 D,
1146 3881 1290 3947 insumam
1309 3884 1335 3935 θ)
1353 3881 1513 3937 arwam
1531 3885 1674 3953 mmm,
1693 3891 1720 3940 ,g

71 3947 283 4009 isecerdotern,
298 3946 370 4001 sicot
393 3946 473 3999 nullo
489 3961 587 3999 errore
609 3945 761 4017 implicari,
775 3946 815 3999 ite
1069 3953 1256 4007 reicientibus
1272 3954 1396 4021 propriis
1413 3953 1511 4021 putate.

72 4039 185 4105 oportet
212 4032 424 4088 machinatione
446 4039 497 4087 aut
519 4033 675 4104 cupiditate
703 4032 814 4098 violari,
904 4043 957 4112 (13ae
978 4040 1077 4096 areret,
1103 4040 1222 4095 nearest,
1244 4054 1325 4109 popae
1351 4039 1475 4093 omnibus
1501 4054 1551 4108 per
1572 4041 1721 4111 AEqypmm

70 4122 238 4193 tSeriplure
254 4126 374 4176 sancta:
400 4123 466 4177 Post
490 4121 733 4193 concupiscentias
753 4127 816 4178 tues
867 4129 1004 4198 {ratribus
1024 4130 1128 4195 ruisse,
1153 4142 1213 4196 cup.
1233 4127 1286 4196 18.)
1306 4126 1476 4182 Audivimus
1490 4126 1568 4182 enim
1579 4128 1720 4199 quosdam

70 4227 99 4279 a,
114 4215 144 4265 et
157 4226 174 4264 a
187 4211 334 4264 voluntate
354 4215 404 4264 tut
421 4210 566 4265 everteris.
868 4235 886 4272 e
900 4218 979 4273 vobis
1003 4216 1156 4270 infamatos
1181 4219 1210 4270 et
1229 4213 1399 4269 dilaceratos
1427 4214 1584 4287 episcopos,
1612 4233 1629 4271 a
1652 4219 1720 4272 civi-

70 4315 186 4372 ffivr,
203 4344 239 4355 ..
265 4316 411 4383 episcopos
437 4329 455 4368 a
481 4316 539 4368 sure
566 4313 661 4369 ovibus
684 4329 739 4370 non
769 4330 813 4370 re.
833 4305 977 4409 IJtatibus
1008 4303 1135 4375 propriis
1161 4303 1272 4374 pulsos,
1298 4302 1349 4374 qui
1369 4302 1438 4357 alibi
1460 4303 1588 4375 episcopi
1614 4307 1721 4362 consti·

98 4385 314 4457 webommdca,
335 4388 390 4440 atsi
408 4387 438 4438 c‘o
450 4387 504 4454 Me
522 4388 680 4440 maculat.
872 4393 916 4448 tui
935 4407 994 4447 uon
1020 4395 1149 4463 possunt,
1171 4389 1225 4444 nisi
1252 4390 1283 4444 iu
1311 4389 1473 4444 civitatibus
1498 4406 1556 4445 nou
1582 4391 1721 4461 minimis,

74 4477 157 4546 epist·
179 4475 306 4529 nannai
330 4487 421 4543 popel,
445 4475 551 4542 scripte
573 4472 697 4527 omnibus
717 4473 819 4530 0111111
872 4486 901 4537 et
914 4481 987 4537 ulios
1005 4479 1036 4534 iu
1066 4479 1117 4547 eis,
1151 4478 1221 4549 ipsis
1248 4478 1421 4546 viventibus,
1443 4480 1622 4535 constitutos.
1655 4482 1722 4537 ideo

70 4563 165 4631 uitas,
192 4577 253 4632 cap.
289 4560 325 4632 1.)
343 4562 447 4615 hoctor
465 4565 562 4615 autem
576 4561 620 4614 ver
641 4565 740 4632 pastor
767 4562 816 4616 Ec·
871 4570 933 4626 haec
961 4568 1041 4625 vobis
1083 4567 1246 4634 scribimus,
1276 4570 1310 4621 ut
1331 4566 1428 4621 sciatis
1464 4567 1519 4622 boc
1544 4583 1604 4623 non
1625 4569 1723 4639 licere,

70 4649 118 4712 ,si
139 4666 156 4704 a
182 4649 316 4704 fidelihus
337 4646 550 4713 exorbitaverit,
573 4647 628 4701 erit
647 4663 662 4701 u
685 4646 818 4702 fidelibus
872 4658 923 4713 sed
932 4655 1066 4729 proprios
1091 4655 1218 4711 revocari
1237 4658 1266 4709 et
1287 4653 1474 4726 integerrime
1499 4655 1613 4711 restitui
1637 4657 1724 4713 debe.

70 4737 166 4793 ΜΒ·
180 4736 237 4792 &d
263 4751 316 4807 Pl⁰
345 4735 475 4806 ¹⁰Pf⁰bi⁸
505 4733 635 4789 m⁰lib⁰³
659 4733 751 4805 ‘¹¹⁸8ss
776 4737 820 4789 051
873 4761 915 4802 re.
937 4745 1003 4800 lllos
1025 4759 1093 4798 vero
1116 4741 1167 4814 qui
1189 4741 1352 4797 adulterina
1373 4742 1501 4799 robure
1536 4758 1602 4798 sues
1636 4760 1724 4816 spon·

70 4826 146 4893 ¹4⁰⁸,
160 4841 248 4898 (tuem
264 4822 574 4895 dislfissssfflldllsstqllifl
587 4826 710 4877 11010191
727 4823 820 4878 80110·
873 4850 930 4903 sas,
955 4848 1026 4905 quas
1047 4837 1077 4887 et
1111 4846 1214 4887 uxores
1243 4846 1345 4886 eorum
1373 4831 1493 4904 prellxo
1530 4836 1632 4887 tenore
1662 4848 1725 4888 esse

74 4914 198 4971 Domino
217 4917 285 4968 sunt
307 4912 466 4984 judicandi,
491 4912 564 4966 sicul
591 4911 631 4966 ait
654 4912 818 4982 Propheta:
873 4920 1074 4992 intelligimus,
1103 4923 1212 4985 teuent,
1241 4917 1307 4989 ejici
1335 4923 1366 4973 ut
1386 4919 1543 4988 adulteros,
1566 4923 1653 4990 atque
1676 4919 1724 4975 iu·

70 5001 147 5057 steht
168 5001 199 5055 in
226 5017 373 5073 synagoga
394 5001 524 5068 deorum,
550 4999 581 5054 in
599 4999 696 5054 medio
723 5005 821 5055 aulem
874 5008 964 5063 fames
978 5006 1052 5075 fleri,
1082 5022 1189 5078 eosque
1215 5005 1251 5061 ab
1267 5006 1464 5062 ecclesiasticis
1493 5007 1649 5061 honoribus
1682 5021 1726 5062 ar·

70 5090 197 5146 iscemit.
215 5090 295 5145 Unde
311 5094 675 5160 oportetuuumquemque
691 5087 819 5157 fidelem,
875 5095 933 5152 aeri
964 5095 1110 5166 jubemus.
1148 5093 1178 5149 Si
1210 5099 1307 5149 eutem
1344 5094 1481 5150 adversus
1507 5110 1557 5150 eos
1598 5095 1725 5167 aliquem

70 5183 126 5236 crit
158 5182 207 5233 aut
230 5177 399 5248 cognoverit
432 5177 532 5248 plebes
580 5192 645 5231 suas
687 5175 822 5232 adeamus
876 5184 1024 5257 querelam
1050 5182 1218 5250 habueritis,
1234 5181 1415 5253 hisperactis
1432 5182 1640 5254 inquirendum
1658 5184 1725 5255 erit,

70 5283 117 5324 cm
135 5283 221 5322 suurn
235 5277 401 5328 tumescere.
422 5270 472 5320 aut
499 5266 608 5320 clerum
632 5264 822 5321 detractioni·
877 5276 907 5328 et
915 5270 1086 5326 auctoritate
1096 5270 1184 5342 hujus
1196 5275 1300 5325 sancte
1314 5270 1389 5324 sadis
1411 5270 1636 5327 terminandum.
1687 5285 1692 5294 ·

70 5372 150 5424 care,
165 5356 220 5411 hcc
239 5355 340 5411 vitium
355 5370 408 5425 pro
428 5353 537 5408 viribus
560 5353 729 5424 exstirpare,
753 5370 822 5425 pru·
878 5375 1093 5435 ψῃ),-
1110 5377 1145 5433 m
1166 5379 1306 5445 φωρ),
1328 5390 1381 5430 ,m
1408 5375 1578 5446 dijudicem,
1597 5380 1646 5448 qm·
1668 5380 1727 5436 ,uis

70 5460 133 5519 que
145 5446 289 5514 corrigere
308 5448 441 5514 satagat:
459 5458 512 5497 nec
538 5441 580 5496 eis
593 5442 624 5497 iu
647 5442 821 5514 quibuscun·
1142 5447 1224 5501 retus
1235 5451 1275 5501 eat
1292 5447 1458 5516 capohutua.

70 5533 183 5607 regotiis
201 5533 325 5602 misceri,
341 5533 364 5586 si
391 5530 602 5602 incorrigibiles
624 5532 823 5603 apparuerint,
915 5532 976 5606 (Ec
995 5532 1097 5590 decret.
1130 5533 1227 5589 retich
1248 5546 1330 5603 pape
1352 5537 1474 5604 episcop.
1500 5549 1551 5604 per
1579 5536 1728 5605 AEwptam

70 5638 131 5680 ram
162 5637 215 5679 suo
239 5620 461 5681 reconcilientur
487 5618 608 5688 doctori,
639 5624 822 5690 presumat:
879 5622 983 5689 1111ιοί1,
1008 5636 1071 5694 cop.
1104 5620 1158 5692 10.)
1181 5617 1283 5675 Nullus
1317 5619 1396 5677 euim
1414 5621 1567 5695 spiscopus
1596 5621 1648 5695 qui
1669 5622 1729 5679 auis
