3878 6112
756 248 934 307 trecenta
946 250 993 306 ab
1021 249 1274 306 BURGHARDUM.

331 604 333 608 ’
436 642 839 748 erenuuex
880 642 979 761 An
1024 643 1589 751 Buecfleeuuor.

895 863 1147 878 m

602 1001 979 1104 suenone
1024 1019 1432 1105 CANONUM

175 1233 329 1393 oe
393 1225 904 1398 uerrere
973 1180 1804 1401 secessores

816 1518 966 1576 INGERTO
986 1518 1222 1576 COLLECTORE.

424 1675 517 1746 (Apud
533 1675 678 1731 canisium
694 1676 829 1732 Lectiones
844 1678 974 1747 oratioue,
990 1676 1127 1735 editionis
1139 1677 1284 1750 Besnsgii
1301 1681 1371 1734 tom.
1386 1678 1435 1747 ill,
1453 1695 1519 1751 pag.
1535 1681 1612 1753 396.)

822 2015 981 2083 JACOBI
1014 2015 1219 2084 BASNAGI

602 2189 636 2231 IN
659 2189 746 2232 HANG
767 2189 928 2236 CANONUM
950 2190 1200 2235 COLLECTIONEM
1222 2190 1440 2236 onsueve‘rto.

179 2323 327 2379 &nonum
339 2321 546 2393 amplissimam
571 2321 777 2378 Collectionem
801 2323 962 2379 coniecerat
985 2323 1176 2391 Bnrcbsrdus,
1202 2339 1349 2396 quamque
1373 2323 1506 2396 plurimis
1526 2324 1609 2379 libris
1626 2325 1799 2397 complexus

144 2403 223 2456 Hanc
238 2418 401 2474 anonymus
423 2402 455 2457 in
479 2403 683 2473 compendium
706 2403 828 2473 redegit,
855 2403 898 2459 vel
921 2404 1017 2474 potius
1040 2420 1074 2459 ea
1095 2420 1129 2458 ea
1153 2419 1217 2474 qum
1238 2404 1273 2459 ed
1297 2402 1423 2458 officium
1449 2404 1632 2458 secerdotum
1656 2405 1804 2475 pertinabr

146 2482 302 2536 Burohardi
321 2483 402 2537 libris
437 2482 586 2553 excerpsit.
611 2482 672 2547 Orio
699 2487 829 2553 tempore
842 2481 945 2538 vixerit
958 2484 1007 2538 ille
1032 2498 1216 2555 annonymus
1241 2483 1392 2549 incertum,
1417 2483 1466 2538 sed
1485 2497 1551 2537 cnm
1571 2488 1687 2538 constet
1709 2484 1804 2540 Bumb

145 2576 203 2615 non
218 2560 323 2617 obiisse
337 2561 393 2615 nisi
407 2577 454 2616 an.
472 2563 551 2628 idid,
565 2566 632 2616 ante
645 2561 742 2616 saeculi
757 2560 903 2617 undecimi
923 2562 1010 2617 linem
1031 2563 1121 2634 ipsius
1141 2562 1368 2618 abbreviatorem
1391 2579 1532 2634 reponere
1547 2579 1606 2618 non
1622 2563 1720 2633 licuit,
1738 2580 1804 2636 qun

142 2640 263 2696 tortasse
276 2642 368 2696 multo
380 2639 471 2696 serius
485 2640 589 2695 suerit
608 2655 614 2694 :
631 2639 703 2694 nibil
719 2638 796 2694 enim
809 2640 896 2696 hebet
910 2641 986 2712 quod
1002 2639 1063 2711 ejus
1078 2645 1192 2697 estatem
1207 2640 1299 2712 possit
1313 2641 1450 2697 indicare.

895 2954 1150 3019 ΙΝΟΙΡΙΙΙΝΤ

376 3131 619 3205 STATUTA
647 3128 913 3205 CANONUM
941 3127 1010 3203 DE
1038 3127 1257 3203 OFFICIO
1288 3127 1667 3202 SACERDOTUM.

342 3462 395 3530 (Eli
415 3462 520 3519 tineo
540 3464 564 3518 ll
577 3461 793 3518 cunensem.
1009 3465 1109 3530 Atur3
1124 3460 1193 3533 quia
1207 3461 1349 3533 pessimus
1368 3478 1439 3518 usus
1464 3467 1507 3518 est
1535 3465 1613 3535 apud
1627 3465 1774 3537 quosdam
1794 3467 1804 3521 i

183 3553 240 3624 (mr
254 3552 367 3608 concilio
381 3553 515 3621 demensi,
532 3554 620 3623 cupite
633 3551 671 3620 4.)
689 3550 724 3605 Ut
738 3549 836 3604 nullus
846 3547 995 3619 presbyter
1049 3549 1164 3604 minicis
1179 3549 1280 3605 diebus
1307 3554 1337 3605 et
1364 3550 1427 3605 aliis
1457 3551 1661 3609 festivitatibus
1691 3571 1757 3610 mox
1783 3570 1804 3612 u

145 3643 255 3713 absque
270 3641 386 3703 amictu,
402 3640 476 3706 elba,
489 3639 572 3707 stola,
584 3639 689 3695 lenone
700 3642 729 3692 et
741 3637 839 3692 casula
848 3637 994 3697 ullatenus
1051 3637 1204 3706 celebrere,
1222 3654 1309 3710 quam
1323 3639 1397 3711 quis,
1431 3640 1485 3695 etsi
1511 3657 1564 3712 pro
1593 3641 1739 3698 defunctis
1768 3643 1804 3698 ait

146 3733 303 3802 presumat
330 3728 446 3783 missum
474 3727 628 3783 celebrere.
657 3727 690 3782 Et
716 3726 777 3781 baec
803 3740 883 3780 sacra
911 3725 994 3780 vesti·
1051 3726 1184 3797 audierit,
1203 3727 1337 3783 discedet.
1358 3729 1562 3784 idmonendus
1577 3732 1804 3802 estpopulusot

147 3823 245 3874 ments
275 3817 463 3872 mundissima
488 3816 556 3884 sint,
586 3820 615 3871 et
639 3815 671 3870 iu
694 3814 786 3869 nitido
819 3814 893 3882 loco,
920 3813 995 3868 intra
1050 3815 1197 3886 publicum
1208 3821 1415 3888 peractumque
1430 3816 1557 3873 officium
1578 3821 1721 3875 canonice
1735 3820 1804 3888 liora¹

146 3906 294 3962 ecclesiam
322 3905 505 3962 collocentur.
531 3905 587 3960 Nec
614 3919 743 3976 unquam
776 3901 926 3974 presbyter
949 3901 994 3956 his
1050 3903 1254 3959 celebrandum
1268 3905 1304 3960 ad
1318 3905 1415 3961 cibum
1433 3922 1492 3961 non
1507 3907 1644 3976 accedet;
1675 3909 1725 3964 sed
1740 3909 1774 3965 ad
1797 3911 1804 3980 ‘y

146 3993 266 4051 indutus
284 3992 433 4048 ecclesiam
448 3999 540 4062 exeat,
560 3993 628 4064 quia
649 3994 710 4048 baec
733 3991 830 4047 divina
854 3991 899 4046 lex
926 4006 993 4063 pro·
1051 4008 1112 4047 carn
1128 3993 1254 4062 missam,
1265 3993 1498 4065 praedicationem
1511 3995 1677 4062 auditurus,
1688 3996 1804 4053 conveni

105 4144 109 4150 ¹
147 4082 238 4137 hibet.
1087 4081 1261 4136 Exconcilio
1284 4083 1459 4138 Nannetensi
1486 4099 1549 4154 cap.
1568 4086 1609 4139 8:
1642 4085 1681 4140 Ut
1706 4101 1804 4157 unusep

182 4170 222 4224 Ex
251 4168 374 4225 concilio
390 4169 566 4224 Nannetensi
592 4170 712 4239 capti:
737 4167 877 4225 Omnibus
897 4166 994 4222 Domi·
1050 4169 1209 4241 presbyter,
1241 4170 1292 4242 qui
1319 4171 1435 4242 plebem
1461 4172 1545 4243 regit,
1573 4173 1714 4229 clericum
1735 4174 1804 4230 habe

147 4258 219 4314 uicis
234 4258 334 4314 diebus
347 4256 547 4329 unusquisque
561 4257 713 4328 presbyter
735 4256 765 4310 in
788 4254 909 4311 ecclesia
932 4270 993 4320 sua,
1051 4273 1148 4314 secum
1162 4263 1268 4315 cantet.

148 4350 214 4401 ante
229 4347 382 4401 missarum
410 4345 562 4415 solemnia,
587 4360 693 4416 aqueus
707 4344 859 4400 benedicat
885 4344 996 4400 invase
1087 4347 1122 4401 Ut
1135 4347 1230 4402 omnis
1244 4346 1393 4420 presbyter
1404 4347 1484 4403 omni
1499 4364 1551 4404 suo
1575 4349 1716 4420 parochio
1740 4349 1804 4423 sym*

147 4434 258 4498 nitidis,
275 4433 410 4506 mysterio
419 4435 618 4489 conveniente.
636 4435 675 4489 De
689 4448 765 4505 aque
777 4433 904 4505 populus
918 4432 994 4488 intra
1051 4438 1081 4490 et
1095 4435 1254 4491 orationem
1267 4435 1445 4491 Dominicem
1460 4435 1597 4505 insinuet,
1622 4453 1751 4510 cumque
1775 4439 1804 4495 iu

148 4523 294 4578 ecclesiam
319 4528 505 4594 aspergatur;
522 4527 551 4578 et
579 4521 685 4577 utrium
714 4521 842 4593 ejusdem
869 4521 994 4577 ecclesiae
1052 4524 1213 4595 dragesima
1228 4525 1263 4579 ad
1278 4523 1486 4580 confessionem
1500 4525 1631 4594 veniunt,
1648 4526 1681 4582 in
1700 4526 1801 4598 primia

147 4627 213 4666 cum
237 4610 370 4667 crucibus
399 4610 605 4667 circumeundo
629 4609 764 4665 similiter
790 4613 933 4681 asperget.
961 4609 996 4664 Et
1051 4628 1288 4685 unumquemque
1312 4613 1361 4668 illa
1375 4613 1430 4669 sibi
1458 4614 1628 4670 memoriter
1653 4616 1804 4672 decantare

146 4717 200 4774 pro
212 4701 363 4756 animabus
373 4699 413 4755 ibi
428 4700 644 4773 quiescentibus
663 4702 736 4754 oret.
750 4698 783 4752 Et
807 4697 856 4770 qui
874 4697 996 4753 voluerit
1053 4701 1199 4773 presbyter
1214 4701 1298 4756 alicui
1315 4707 1443 4757 sanctem
1464 4702 1704 4760 communionem
1728 4704 1804 4763 uad·

147 4788 398 4862 despectuosis
417 4805 482 4843 vase
510 4806 562 4844 suo
593 4788 712 4860 accipiet
734 4786 833 4842 domui
857 4802 926 4855 ause,
946 4786 995 4858 [vel
1016 4788 1102 4880 Bqui
1116 4789 1190 4844 hanc
1203 4804 1236 4843 ex
1249 4789 1333 4844 corde
1347 4789 1585 4862 pronuntiaverit.

146 4878 176 4933 in
191 4877 279 4949 agris,
297 4877 341 4931 vel
355 4892 441 4948 super
456 4892 571 4948 pecora,
587 4878 630 4931 vel
646 4876 811 4948 ubicunque
831 4874 916 4942 volet,
931 4890 995 4930 eam
1085 4879 1125 4932 Ex
1162 4877 1284 4933 concilio
1312 4879 1477 4950 Carthagin.
1503 4896 1565 4952 cep.
1582 4880 1619 4934 4:
1641 4880 1797 4937 Sacerdote

147 4982 309 5040 sparsurus.
1049 4965 1135 5022 clesia
1151 4966 1270 5022 verbum
1298 4966 1431 5034 faciente,
1459 4969 1510 5041 qui
1536 4985 1671 5040 egressus
1698 4969 1734 5026 de
1760 4971 1804 5026 aul

181 5054 340 5110 Alexander
367 5069 442 5125 popa
480 5052 629 5108 constituit
658 5068 764 5125 aquam
794 5052 853 5107 sale
878 5050 992 5107 mistam
1048 5054 1208 5110 fueritsine
1222 5055 1301 5126 gravi
1317 5056 1483 5111 necessitate
1498 5057 1776 5114 excommunicetur.

144 5144 261 5216 populis
291 5143 422 5198 benedici
446 5160 453 5198 :
482 5142 558 5214 qnod
588 5146 617 5197 et
639 5142 773 5197 omnibns
800 5139 994 5196 sacerdotibus
1085 5142 1265 5216 (baroncello
1280 5145 1425 5201 Aurelian.
1441 5148 1529 5215 cupite
1547 5146 1676 5212 mitem
1700 5147 1804 5203 incant

145 5231 309 5287 iaciendum
325 5248 386 5287 esse
402 5230 557 5287 mundavit.
1049 5233 1245 5303 apostolorum
1260 5233 1426 5306 precipitur
1442 5234 1529 5289 :Tres
1544 5234 1606 5289 dies
1625 5236 1804 5307 rogationum

182 5320 318 5376 Erdictis
344 5321 523 5391 Augustini:
555 5319 645 5376 llissae
661 5319 820 5390 peculiares
834 5318 865 5373 in
876 5317 992 5390 publico
1047 5319 1252 5373 escensionem
1279 5321 1393 5376 Domini
1424 5322 1644 5393 (observentur),
1674 5331 1706 5379 ut
1735 5326 1804 5381 ads

145 5426 204 5465 non
221 5413 287 5465 sunt
301 5409 480 5465 celebrande
499 5425 553 5480 per
565 5408 651 5463 festos
666 5408 735 5477 dies,
752 5412 785 5462 ut
799 5423 852 5478 per
876 5422 925 5463 eas
939 5423 993 5478 po·
1047 5407 1139 5462 tiones
1158 5409 1314 5463 sacerdotis
1330 5425 1386 5464 non
1402 5412 1494 5466 solum
1516 5411 1623 5479 clerici,
1647 5418 1678 5468 et
1689 5450 1694 5460 -
1705 5416 1764 5471 ileo
1784 5413 1804 5470 d

145 5499 230 5572 pnlns
245 5496 399 5570 apublicis
422 5497 573 5553 missurum
594 5496 825 5553 solemnitatibus
845 5493 992 5551 abstrahe·
1047 5495 1096 5551 sed
1111 5501 1139 5552 et
1153 5497 1247 5553 omnis
1261 5499 1342 5570 plebs
1356 5514 1480 5557 consone
1495 5517 1563 5559 soce
1577 5504 1764 5574 respondeat
