3878 6112
87 246 138 300 573
585 242 822 334 oacnatotttttt
845 243 935 301 iiiiiti
956 245 1010 301 lix.
1028 273 1062 286 -·
1085 244 1187 302 iiiiiiit
1202 244 1342 303 Plttlttts
1790 249 1842 304 574

87 369 188 430 mium,
200 381 253 421 nec
280 368 397 438 propter
411 363 589 435 parentelam
606 365 748 420 ullatenus
767 366 840 421 celes
854 367 972 436 aspir-A
1295 369 1476 437 interrogatio
1491 372 1533 424 io.

87 471 217 527 scopum,
232 460 282 511 aut
296 455 358 526 ejus
373 454 491 509 missum
507 453 554 509 cui
571 454 625 509 hoc
646 454 793 525 inquirere
805 456 934 526 jusserit,
1026 455 1073 509 list
1092 454 1198 526 aliquis
1216 454 1267 527 qui
1290 456 1439 527 proprium
1471 473 1584 513 servum
1613 463 1693 515 extra
1713 459 1841 532 judicem

87 546 318 618 quandocunque
332 548 405 598 teex
426 543 480 598 hoc
497 542 716 613 interrogaverit
733 559 739 599 :
759 543 800 599 sic
816 549 844 599 te
861 546 935 600 Dens
990 543 1134 608 occiderit,
1152 548 1179 597 at
1192 544 1288 614 aliqua
1310 544 1414 598 femina
1440 561 1504 616 quae
1530 546 1662 602 ancillam
1689 550 1837 619 propriam

86 633 202 706 adjuvet
215 637 244 687 ei
257 632 318 687 istm
328 636 491 687 sanctornm
510 632 650 702 reliquiar.
990 632 1131 687 necaverit
1145 632 1242 687 furora
1271 632 1323 686 zeii
1339 633 1533 689 inflammata?

208 721 272 777 cir.
287 720 380 776 llCiii.
402 750 435 760 -
447 724 636 776 iuramentum
650 724 814 776 ceterorum.
1296 723 1476 789 interrogatio
1488 726 1497 778 i
1507 725 1530 778 i.

120 808 177 879 (Eu
190 809 300 877 eodem.)
315 808 393 864 istud
413 813 624 863 sacramentum
649 808 804 880 quodiistc
830 808 938 881 jurarit
1027 810 1074 864 Est
1090 809 1205 880 aliquis,
1229 809 1290 881 qui,
1314 809 1427 865 diabolo
1450 811 1626 883 impellente,
1655 812 1840 885 semetipsum

88 899 123 953 da
137 896 270 968 synodali
279 912 374 964 causa,
385 896 461 968 quod
472 901 503 951 iu
512 897 582 951 iliud
596 914 630 951 er
638 902 665 952 te
675 897 715 953 ita
722 897 894 965 observabis,
906 896 937 951 in
992 897 1145 953 occiderit?

88 990 229 1055 quantum
249 983 333 1055 sapis,
354 989 404 1039 aut
419 984 534 1052 audisti,
551 989 601 1040 aut
619 985 653 1040 ab
668 986 721 1041 hac
748 986 794 1041 die
809 985 839 1041 iu
854 990 938 1040 antea
1296 988 1479 1056 iuterrogatio
1496 990 1538 1043 tr.

88 1073 279 1145 inquisituros
294 1090 334 1137 es,
352 1073 391 1128 sic
403 1079 431 1128 te
444 1075 518 1129 [teus
537 1075 662 1145 adjuvet,
677 1079 730 1131 etc.
987 1079 989 1084 ‘
1028 1075 1076 1128 Est
1096 1073 1200 1145 aliquis
1227 1073 1277 1145 qui
1304 1075 1334 1128 in
1350 1074 1426 1129 bctio
1446 1076 1561 1146 publico
1587 1076 1719 1131 homines
1746 1076 1843 1133 rutna-

89 1159 159 1215 Civ.
188 1159 277 1215 liClV.
306 1189 339 1202 -·
370 1163 433 1217 Post
460 1161 554 1217 clatum
578 1169 776 1219 sacromentum
798 1165 938 1234 episcopor
992 1163 1106 1229 raverit,
1121 1163 1253 1218 etnescit
1272 1163 1295 1216 si
1316 1164 1350 1217 de
1375 1164 1424 1218 illo
1444 1165 1560 1218 vulnera
1580 1165 1684 1237 aliquis
1703 1164 1842 1237 perierit?

245 1250 306 1305 ilios
322 1252 543 1320 quijurouerunt
555 1253 596 1306 ito
613 1253 778 1321 alloquatur.
994 1252 1064 1308 Etsi
1088 1250 1173 1307 alicui
1196 1251 1356 1322 imputatur
1383 1252 1459 1324 quod
1483 1253 1630 1308 hominem
1655 1253 1799 1321 occiderit,
1816 1259 1845 1308 et

125 1338 182 1406 (liu
198 1337 310 1409 eodem.)
336 1338 443 1404 Videte,
473 1338 586 1406 fratres,
603 1345 635 1393 ut
664 1340 785 1396 Domino
812 1339 939 1395 reddatis
993 1340 1124 1412 ipsehoc
1144 1341 1345 1412 denegaverit?

87 1426 253 1496 juramenta
281 1431 373 1481 vestra
390 1443 396 1481 :
414 1443 470 1481 non
497 1427 574 1482 enim
604 1428 715 1482 homini
733 1429 861 1501 jurastis,
889 1429 938 1485 sed
1294 1430 1474 1498 interrogatio
1499 1432 1540 1485 ta.

90 1515 148 1569 lieo
167 1515 289 1570 creatori
304 1520 406 1571 vestro.
426 1518 482 1570 Nos
505 1521 613 1584 autam,
642 1517 693 1588 qui
720 1519 783 1588 ejus
815 1516 939 1572 ministri
1028 1516 1077 1570 Est
1091 1515 1195 1586 aliquis
1210 1515 1303 1588 quiin
1319 1516 1439 1570 consitio
1465 1515 1552 1571 fuerit
1565 1521 1598 1571 nt
1620 1516 1709 1571 homo
1732 1514 1842 1572 interii·

89 1619 200 1669 sumus,
230 1619 288 1659 non
314 1609 457 1659 terrenam
481 1605 671 1660 subeuntium
694 1611 819 1661 vestram
838 1621 940 1661 concu-
993 1609 1115 1669 caretur,
1131 1609 1160 1658 ct
1173 1620 1231 1658 non
1244 1604 1300 1659 fuit
1323 1604 1354 1659 in
1369 1604 1453 1672 iacto,
1469 1609 1497 1659 et
1521 1610 1616 1659 tumen
1633 1621 1685 1677 per
1699 1606 1761 1677 ejus
1775 1619 1843 1660 con·

89 1691 237 1763 pissimus,
252 1691 300 1747 sed
326 1694 448 1748 salutem
472 1693 635 1749 animarum
660 1699 817 1750 vestrarum
842 1695 940 1766 requi·
994 1691 1130 1747 aiiiurnet
1144 1692 1372 1747 exhortationem
1391 1692 1632 1748 interiectusest?

90 1780 192 1835 rimus.
218 1781 319 1836 Cavete
345 1796 381 1835 ne
409 1781 520 1854 aliquid
556 1782 746 1851 abscondatis,
765 1800 797 1838 ex
822 1784 940 1839 alterius
1298 1784 1477 1850 interrogatio
1496 1783 1538 1838 ii.

90 1874 209 1942 peccato
225 1869 549 1926 vestraiiatdamuatio.
1030 1869 1078 1924 Est
1104 1869 1208 1942 aliquis
1237 1870 1288 1942 qni
1322 1871 1519 1927 truncationes
1547 1887 1698 1940 mannum,
1727 1870 1844 1943 pedum,

181 1959 275 2014 Prima
288 1961 465 2028 interrogatio
483 1961 601 2030 episcopi
615 1965 665 2015 ortt
678 1960 737 2030 ejus
762 1962 849 2016 mirsi.
995 1957 1113 2028 tingue,
1134 1962 1164 2013 et
1184 1957 1383 2013 testiculorum
1412 1959 1521 2030 fecerit,
1551 1963 1580 2015 et
1603 1960 1700 2015 oculos
1727 1958 1845 2014 alterius

126 2045 184 2114 (iia
192 2045 302 2116 eodm.)
313 2046 361 2101 Est
371 2046 401 2101 in
411 2047 465 2102 hac
474 2048 610 2119 parochia
619 2048 771 2112 homicida,
785 2048 835 2120 qui
851 2047 942 2104 homi·
996 2046 1122 2100 eruerit?

92 2150 170 2202 nem,
189 2133 239 2189 adt
252 2141 411 2206 spontanea
437 2136 593 2205 voluntate,
623 2141 673 2192 aut
693 2137 866 2208 cupiditatis,
892 2141 942 2192 aut
1117 2161 1121 2170 ·
1297 2136 1477 2203 interrogatio
1500 2139 1541 2189 15.

94 2222 255 2296 rapacitatis
269 2239 364 2290 causa,
380 2227 429 2283 aut
445 2239 522 2292 caso,
537 2228 588 2278 aut
613 2224 724 2292 nolens,
741 2229 791 2279 aut
817 2232 940 2292 coactus,
1032 2223 1079 2278 list
1099 2221 1204 2295 aliquis
1231 2223 1408 2295 conjugatus,
1435 2223 1485 2294 qui
1513 2239 1578 2278 curn
1613 2223 1731 2279 alterius
1756 2239 1845 2279 uxore

94 2316 142 2367 aut
155 2325 210 2382 pro
228 2310 352 2366 vindicta
372 2316 536 2383 parentum,
552 2317 601 2367 aut
629 2314 658 2369 in
683 2315 770 2382 bello,
797 2319 848 2370 aut
857 2316 943 2386 jussu
997 2311 1170 2368 adulterium
1186 2311 1370 2383 perpetravit,
1392 2312 1439 2384 ret
1456 2328 1529 2367 uxor
1543 2327 1608 2366 cum
1627 2310 1745 2367 alterius
1763 2311 1846 2368 viro?

95 2398 218 2466 iiomini,
234 2403 282 2453 aut
295 2398 447 2470 proprium
462 2414 577 2454 servum
589 2399 748 2457 occiderit?
1297 2402 1479 2469 interrogatio
1502 2402 1542 2455 to.

405 2489 586 2557 iuterrogatio
600 2490 627 2543 f.
1033 2490 1079 2544 Eat
1094 2488 1197 2560 aliquis
1216 2505 1333 2544 uxorem
1349 2489 1477 2557 habers,
1492 2487 1542 2559 qui
1558 2487 1747 2543 concubinam
1760 2486 1846 2543 simul

128 2574 177 2628 list
188 2572 292 2646 aliquis
315 2575 468 2647 parricida,
498 2581 548 2632 aut
575 2576 732 2644 fratricida,
749 2577 800 2649 qui
818 2583 941 2650 patrem,
998 2574 1131 2630 habuerit
1143 2575 1274 2630 ancillam
1290 2573 1448 2646 propriam,
1462 2580 1512 2629 aut
1523 2573 1608 2629 aliam
1624 2574 1780 2630 feminam?

93 2667 226 2727 matrem,
247 2678 385 2729 sororem,
413 2664 542 2729 fratrem,
560 2667 733 2721 avunculum
749 2671 799 2722 aot
817 2667 942 2739 aliquem
1298 2664 1480 2729 interrogatio
1501 2664 1543 2716 il.

72 2750 221 2819 ·iiomini,
237 2754 285 2806 aut
300 2751 450 2823 proprium
465 2768 579 2807 servum
592 2754 788 2811 interfecerit?
1033 2750 1082 2803 Est
1106 2749 1211 2821 aliquis
1234 2749 1285 2821 qui
1306 2765 1424 2805 uxorem
1452 2749 1611 2821 legitimam
1639 2748 1793 2817 dimiserit,
1818 2753 1847 2804 et

405 2842 585 2908 interrogatio
601 2845 626 2898 3.
997 2839 1080 2893 alteri
1096 2854 1125 2893 se
1144 2839 1333 2911 conjunxerit,
1352 2843 1380 2893 et
1403 2839 1491 2893 aliam
1513 2839 1543 2893 in
1566 2839 1734 2909 conjugium
1766 2853 1846 2892 acca·

129 2926 178 2981 tto
210 2925 314 2997 aliquis
338 2918 388 2998 qui
405 2928 615 3001 presbyterum,
641 2934 691 2984 aut
713 2929 877 2998 diaconum,
895 2935 944 2985 aut
962 2936 982 2992 c
999 2927 1086 2999 parit.

95 3012 221 3084 aliquem
248 3015 418 3071 clericorum
446 3016 592 3086 occiderit,
613 3019 657 3073 vei
685 3018 781 3090 aliquo
812 3019 944 3074 membro
1304 3017 1485 3087 interrogatio
1502 3018 1544 3071 ta.

96 3100 327 3160 detruncaverit?
1035 3103 1083 3157 list
1098 3101 1195 3174 aliqua
1209 3101 1313 3157 mulier
1332 3118 1397 3173 qua
1413 3103 1505 3157 virum
1526 3102 1677 3176 proprium
1692 3100 1845 3175 dimiserit-i

406 3184 592 3262 interrogatio
608 3194 634 3248 4.
1000 3196 1029 3247 et
1044 3192 1128 3246 alteri
1142 3207 1171 3246 se
1185 3191 1386 3262 conjunxerit?

132 3279 180 3332 list
205 3276 308 3349 aliquis
333 3278 376 3332 rei
415 3280 512 3352 aliqua
545 3282 595 3351 qui
624 3281 765 3338 infantem
794 3284 945 3355 proprium
1300 3282 1480 3349 interrogatio
1501 3284 1543 3337 ta.
1919 3355 1922 3359 Ι

98 3364 283 3435 oppresserit,
296 3364 340 3419 vel
355 3366 590 3422 vestimentorum
605 3370 733 3440 pondere
754 3371 945 3441 suffocaverit,
1035 3368 1108 3424 Sunt
1121 3368 1221 3441 aliqui,
1236 3369 1443 3424 interveniente
1462 3369 1594 3442 repudio,
1608 3369 1659 3442 qui
1675 3367 1849 3425 abinvicem

98 3452 163 3507 etsi
178 3452 354 3509 hociactum
375 3460 418 3509 est
444 3459 509 3510 ante
537 3455 722 3526 baptismum,
747 3465 797 3514 aut
816 3464 879 3530 post
895 3460 946 3515 ba·
1000 3457 1058 3512 sint
1073 3459 1197 3528 separati
1212 3461 1240 3512 at
1252 3457 1292 3512 sio
1304 3458 1457 3513 maneant?

97 3540 341 3612 ptismum,auisi
355 3541 449 3597 infans
476 3543 639 3598 infirmatus
662 3561 714 3616 per
737 3546 945 3618 negligentiam
1301 3565 1480 3633 pggmggggg
1501 3565 1545 3618 20,

97 3630 222 3701 limittit?
236 3631 343 3702 ⁸b³i¹¹⁶
356 3630 500 3702 baptismo
513 3632 637 3687 meist?
1036 3652 1084 3706 Est
1104 3649 1209 3721 aliquis
1221 3650 1270 3722 qui
1294 3651 1402 3723 absque
1427 3668 1565 3706 consensu
1590 3651 1699 3719 uxoris,
1714 3652 1850 3708 derelicto

410 3722 589 3790 ¹²¹²⁰ft⁰iotio
609 3725 634 3777 5.
1001 3739 1131 3810 legitimo
1145 3739 1290 3811 conjugio,
1311 3739 1341 3792 in
1364 3740 1570 3795 monasterium
1584 3740 1751 3796 intraverit?
1813 3740 1819 3750 '

132 3807 180 3862 Est
193 3806 297 3878 aliquis
311 3806 356 3861 vel
375 3807 472 3878 aliqua
485 3809 535 3879 qui
558 3809 676 3864 alterius
703 3813 817 3881 partum
847 3825 946 3864 excus-
1302 3847 1482 3914 [nmmo
1503 3848 1547 3901 Ἡ.

99 3895 175 3960 serit,
197 3895 242 3949 vei
270 3895 294 3950 si
321 3894 384 3966 ipsa
410 3894 517 3951 femina
542 3897 659 3997 propria
682 3899 827 3998 voluntate
861 3915 946 3953 suum
1037 3935 1084 3988 Est
1104 3933 1207 4005 aliquis
1232 3933 1282 4005 qui
1306 3950 1388 3989 suam
1408 3934 1562 4005 conjugem
1577 3934 1708 4007 qumvis
1722 3934 1850 4006 culpabi·

99 3987 214 4054 partum
233 3983 278 4038 vel
294 3988 466 4054 conceptum
491 3991 657 4055 excusserit,
682 3991 710 4041 et
732 3987 945 4042 abortrvnmia-
1002 4021 1058 4077 'em
1073 4021 1133 4076 sine
1148 4021 1276 4093 episcopi
1297 4022 1406 4093 judicio
1430 4022 1600 4093 reliquom?

100 4069 189 4124 ΨΜ
1295 4130 1482 4199 iuterrogatio
1496 4131 1540 4185 22.

963 4210 985 4265 D
1042 4218 1089 4273 Est
1102 4216 1199 4289 aliqua
1212 4216 1315 4272 mulier
1329 4233 1405 4288 quae,
1427 4217 1539 4272 conscio
1553 4216 1612 4273 viro
1631 4234 1695 4285 suo,
1714 4215 1853 4273 fornicata

1000 4304 1107 4361 fueriti

412 4159 592 4225 iuterrogatio
606 4162 632 4215 6.

136 4245 183 4299 ist
196 4243 294 4316 aliqua
319 4244 425 4301 femina
441 4261 506 4317 quie
518 4246 549 4302 in
572 4247 761 4304 fornicatione
784 4250 947 4322 concipiens

100 4332 205 4387 timens
220 4348 256 4387 ue
271 4334 514 4405 manifestaretur,
528 4335 838 4407 infantemproprium,
854 4344 904 4393 aut
917 4339 948 4394 in

100 4435 206 4491 aquanr
228 4421 392 4491 proiecerit‚
415 4427 465 4477 aut
487 4423 518 4477 iu
543 4428 620 4479 terra
650 4426 843 4494 occultaverit,
870 4426 949 4498 qnod
1199 4477 1204 4487 ,
1302 4413 1482 4480 interrogatio
1504 4416 1550 4469 ²3·

100 4509 323 4564 moritdicunt?
1038 4503 1086 4557 Est
1096 4501 1199 4572 aliquis
1215 4516 1305 4558 uxore
1333 4519 1443 4570 careus,
1473 4503 1523 4575 qui
1551 4518 1617 4559 cum
1642 4502 1761 4559 alterins
1784 4519 1851 4558 con·

414 4600 594 4669 interrogatio
605 4605 631 4655 7,
998 4591 1069 4662 juge
1082 4589 1235 4645 fornicatus
1249 4591 1336 4646 fuerit
1348 4609 1355 4646 :
1369 4596 1419 4646 aut
1434 4592 1456 4646 si
1476 4608 1535 4663 qua
1547 4592 1652 4647 mulier
1671 4608 1727 4648 non
1744 4591 1852 4646 habens

137 4686 184 4740 list
212 4685 315 4757 aliquis
340 4686 390 4759 qui
427 4704 544 4743 onorem
571 4705 653 4744 suam
675 4690 782 4763 absque
805 4691 878 4763 lege,
900 4695 951 4746 aut
1002 4679 1094 4734 vnum
1109 4695 1175 4734 0⁰¹³
1190 4680 1308 4734 alterius
1323 4680 1444 4736 marim?

100 4779 175 4829 certa
190 4774 361 4845 probatione
374 4775 570 4832 interfecerit?
1302 4769 1483 4837 interrogatio
1505 4770 1550 4824 24.

414 4865 593 4934 laevaparte
609 4869 636 4921 8,
1038 4855 1086 4910 Est
1096 4853 1199 4927 aliquis
1213 4870 1271 4909 non
1293 4855 1402 4910 habens
1425 4873 1555 4925 uxorem,
1577 4857 1629 4928 qui
1656 4873 1721 4912 cum
1744 4856 1852 4912 femina

132 4951 181 5005 list
195 4948 294 5022 aliqua
307 4950 413 5006 femina
437 4969 502 5024 quae
517 4953 608 5007 virum
633 4968 728 5018 snum,
752 4954 796 5009 vet
821 4955 948 5027 aliquem
1002 4960 1067 5016 quae
1081 4943 1173 4998 virum
1189 4959 1247 4998 non
1261 4944 1348 4998 habet
1361 4944 1517 5000 fornicatus
1531 4944 1638 5001 fuerit?
1739 4983 1747 4995 .

99 5037 246 5094 homiuem
264 5054 315 5111 per
336 5041 440 5096 herbas
465 5047 629 5110 venenatas,
643 5043 688 5097 vel
704 5043 866 5098 mortiferas
895 5061 948 5116 po·
1305 5035 1488 5103 litimiflit'?
1502 5036 1547 5088 ²5·

98 5127 190 5184 dones
204 5127 383 5184 interfecerit
403 5131 445 5185 vei
460 5129 548 5185 alium
564 5130 618 5185 hoc
636 5130 729 5187 facere
744 5131 895 5187 docuerit?
1039 5121 1086 5176 3⁵¹
1098 5120 1201 5191 aliquis
1216 5120 1399 5193 lticlt180r3
1431 5138 1496 5194 (1¹1ae
1521 5121 1662 5204 moechtta
1675 5120 1760 5178 fuerit
1785 5136 1851 5176 cum

413 5220 597 5287 interrogatio
613 5223 638 5274 9.
1003 5207 1202 5264 adolescente?

132 5305 181 5360 Est
197 5304 301 5376 aliquis
316 5308 361 5363 vel
388 5307 486 5378 aliqua
512 5308 562 5379 qui
576 5309 631 5363 hoc
654 5307 763 5375 iecerit,
791 5310 835 5365 rei
859 5309 950 5365 alium
1306 5317 1487 5385 interrogatio
1505 5317 1549 5370 26.

97 5391 190 5447 faeere
217 5394 357 5461 docuerit,
380 5400 411 5450 ut
432 5396 476 5450 vir
512 5412 571 5451 non
604 5397 696 5468 possit
720 5414 867 5470 generare,
899 5402 950 5454 aut
1038 5401 1086 5455 list
1095 5398 1200 5472 aliquis
1222 5401 1271 5472 qui
1286 5402 1487 5472 desponsatum
1501 5401 1628 5471 pueliam
1647 5417 1706 5461 uon
1725 5402 1849 5467 duxerit,

97 5478 387 5554 teminaconcipere?
1003 5492 1032 5543 et
1045 5488 1132 5544 iidem
1148 5489 1358 5561 sponsaliorum
1374 5489 1516 5562 fregerit?
