3878 6112
56 290 89 344 85
886 295 984 352 ACTA.
1777 302 1812 356 dd

55 407 173 464 minicae
187 407 405 464 resurrectionis
417 407 566 481 gaudium,
590 411 653 463 toto
668 409 728 481 jam
743 410 909 466 considente
924 414 945 468 A
964 409 1027 465 bus.
1046 429 1060 462 ιι
1076 411 1137 464 Non
1148 414 1242 480 potest
1253 409 1301 465 bic
1312 410 1432 467 indicari
1452 412 1604 468 concilium
1618 414 1694 471 aliud
1709 420 1813 486 preter

55 498 180 566 mundo,
201 496 306 552 eximia
319 496 474 552 celebravit
488 496 594 568 gloria.
612 497 660 552 llis
674 497 765 569 igitur
775 499 908 554 omnibus
961 497 1036 553 istud
1053 497 1247 569 quoduotaait
1260 499 1409 568 baronius,
1422 516 1526 572 nempe
1538 501 1809 573 seligenstadiense,

53 586 262 641 convenienter
270 584 401 656 expletis,
414 585 584 655 imperator,
593 586 825 658 parthenopolim
840 603 908 658 pro·
960 585 1007 639 cui
1020 584 1045 639 si
1062 583 1192 639 interfuit
1205 584 1232 639 S.
1251 586 1397 656 ilenricus,
1416 604 1530 642 necesse
1557 595 1683 645 osteum
1698 589 1728 645 iu
1742 590 1810 647 Ger·

52 675 158 742 lectus,
183 689 278 729 meros
304 673 367 729 dies
393 674 575 728 Pentecostos
594 674 670 745 apud
685 674 908 731 famosissimum
963 673 1088 727 maniam
1105 672 1221 728 rediisse
1237 679 1304 729 ante
1321 691 1449 731 mansoni
1464 679 1636 748 Augustum,
1661 678 1714 733 sub
1728 679 1811 749 cujus

54 763 190 833 ejusdem
226 761 350 817 civitatis
387 760 632 834 archiepiscopum
665 763 816 831 doronem,
849 779 908 817 non
962 760 1136 832 principium
1162 760 1292 816 habitum
1311 768 1364 830 ost,
1381 764 1535 819 uividein
1559 766 1726 822 collectione
1743 767 1812 822 Lob-

53 849 190 905 interiori
217 849 391 920 gaudiorum
417 849 573 921 dignaeque
602 849 793 905 venerationis
813 850 907 905 studio
963 849 1128 911 boonacol.
1146 850 1207 905 dil.
1222 850 1294 914 uuio
1309 851 1356 906 SS.
1386 857 1480 906 Aureo
1505 857 1533 908 ot
1552 854 1718 910 tustinaoo
1735 871 1810 909 auno

54 937 266 1008 gloriosissimo
293 937 414 1010 peregit.
440 938 510 993 ludo
531 942 641 992 curtem
661 938 782 1008 regiam
807 938 905 994 Alstidi
962 935 1117 991 contulerit
1142 936 1272 1006 Sanctus,
1301 938 1363 993 vido
1378 945 1456 994 torno
1471 941 1508 995 lll
1524 942 1611 1010 lunii,
1632 958 1698 1014 pag.
1714 945 1758 998 78.
1775 945 1810 999 Ut

54 1026 174 1088 dicum,
197 1031 343 1096 repetens,
358 1024 514 1096 habitoque
530 1025 602 1081 inibi
625 1025 769 1097 colloquio
783 1042 849 1081 cum
864 1033 908 1081 tc·
962 1024 1099 1093 praedicto
1113 1024 1213 1079 omnia
1228 1026 1263 1079 ad
1288 1026 1381 1096 justos
1396 1027 1518 1081 calculos
1547 1031 1674 1094 reducas,
1695 1045 1809 1085 necesso

55 1114 116 1168 tius
139 1117 257 1169 unctus
284 1113 437 1185 plebisque
450 1129 601 1180 concursu,
624 1113 818 1185 pioslonitato
842 1131 906 1186 por·
963 1119 1006 1167 est
1021 1113 1124 1178 dicere,
1142 1113 1315 1167 Caesarianas
1330 1117 1426 1183 copias
1441 1116 1493 1170 sub
1505 1118 1592 1170 tinem
1617 1117 1808 1188 annipraece·

56 1201 211 1257 mulcendo
227 1201 373 1273 praedulci,
390 1200 672 1256 soveradistrictiono
687 1217 749 1256 reos
761 1202 904 1257 terrendo.
962 1199 1057 1254 dentis
1072 1200 1101 1254 in
1126 1199 1236 1255 ltaliam
1253 1201 1425 1271 praemissas,
1443 1203 1561 1258 uocibus
1581 1205 1713 1275 Poppone
1737 1207 1808 1261 Tro·

56 1294 179 1361 totaque
206 1289 348 1345 industria
372 1288 494 1360 patriam
522 1289 691 1354 muniendo,
719 1289 795 1343 intra
821 1289 908 1360 huius
936 1295 942 1302 “
963 1287 1068 1342 vicensi
1093 1291 1122 1342 ot
1145 1287 1289 1359 Poligrino
1313 1289 1477 1344 Coloniensi
1493 1292 1644 1361 episcopis.
1661 1309 1808 1364 quassan-

56 1377 212 1447 proaincire
226 1377 355 1432 civitates
368 1381 461 1431 totum
483 1376 563 1432 illum
581 1392 690 1431 annum
705 1375 826 1432 feliciter
839 1392 906 1447 pcr—
962 1383 1024 1429 ctus
1039 1376 1207 1446 Imperator,
1224 1376 1312 1430 natali
1328 1377 1443 1431 Domini
1457 1379 1486 1432 in
1509 1380 1712 1435 Thornoburcb
1729 1381 1807 1436 celo·

55 1465 146 1520 duxit.
165 1485 180 1516 s
198 1466 247 1520 llic
260 1464 380 1530 sistitur,
409 1465 489 1519 nullo
512 1464 611 1518 additu
634 1465 770 1519 verbodo
799 1480 908 1535 praepa·
963 1464 1055 1529 braio,
1085 1469 1118 1518 ut
1143 1468 1243 1518 notant
1264 1465 1388 1519 Annales
1416 1466 1651 1535 Hildosemensos,
1667 1467 1721 1523 sub
1738 1469 1809 1523 anni

54 1555 170 1609 ratione
183 1552 324 1608 morellus
340 1553 375 1608 ad
394 1552 608 1607 celeberrimam
625 1552 837 1625 expeditionem
852 1553 907 1606 lta·
962 1553 1048 1620 hujus
1062 1551 1238 1622 principium
1256 1552 1422 1607 subsecutus
1439 1553 1484 1609 sit.

55 1641 290 1697 lieamadrorsus
314 1641 437 1706 Graecos,
453 1655 578 1712 quornm
608 1640 638 1695 in
662 1640 943 1739 medioSanctumB
999 1643 1058 1695 l5l.
1077 1638 1147 1695 l'alli
1161 1640 1207 1694 hic
1221 1639 1310 1710 igitur
1333 1641 1463 1696 existimo
1477 1642 1651 1698 Schotenum
1678 1647 1807 1698 nostrum

54 1729 206 1785 constituit
219 1745 296 1784 anno
310 1728 452 1801 sequenti,
467 1732 501 1783 ut
515 1744 581 1783 mox
597 1728 733 1784 dicemus.
789 1802 792 1807 ,
961 1727 1029 1782 dnm
1052 1728 1083 1783 in
1100 1728 1260 1782 Annalibus
1283 1729 1343 1783 suis
1360 1730 1641 1786 Pederbornensibus
1667 1731 1702 1785 ad
1732 1731 1808 1786 bunc

90 1820 152 1873 ltu.
172 1839 185 1866 ι
212 1815 358 1889 Sequitur,
385 1815 480 1887 inquit
499 1815 647 1882 numnius,
669 1832 762 1871 annus
781 1816 904 1873 Redorn-
961 1830 1070 1868 annum
1089 1813 1129 1867 ita
1142 1814 1256 1868 scribit:
1274 1837 1285 1864 a
1303 1815 1492 1870 blemorabilis
1506 1817 1560 1871 hoc
1574 1833 1649 1872 anno
1665 1817 1809 1887 expeditio

55 1906 144 1978 pteris
161 1906 258 1962 uxxtl
274 1904 374 1960 indict.
404 1921 431 1971 v,
455 1904 662 1976 quollonricus
682 1905 849 1978 Imperator,
868 1907 905 1959 lo-
961 1900 1068 1969 italica,
1100 1907 1221 1971 urgente
1260 1903 1411 1958 benedicto
1439 1905 1575 1959 Pontillce
1612 1906 1806 1976 perlegales.

55 1993 230 2065 gationibus,
257 1997 291 2048 ιιι
313 1991 439 2046 vidimus
454 1991 729 2060 Northmannorum,
754 1998 842 2064 atque
870 1992 905 2048 ab
961 1989 1051 2054 Quam
1074 1989 1104 2044 in
1119 2005 1180 2044 rem
1196 1990 1337 2060 synodum
1353 1992 1615 2064 Aquisgranensom
1630 1993 1665 2047 ab
1678 1994 1808 2064 impora-

55 2082 116 2153 ipso
125 2080 257 2137 Romano
271 2080 409 2136 Pontibco
426 2079 602 2145 cohortatus,
617 2079 649 2134 in
664 2079 774 2135 ltaliam
790 2096 820 2135 se
834 2095 906 2134 con·
961 2082 1020 2132 tore
1034 2081 1217 2133 convocatam
1243 2079 1361 2134 tradunt
1384 2096 1419 2134 ex
1435 2080 1593 2151 sigeberto,
1610 2080 1807 2137 convenienti·

55 2168 120 2224 tulit
151 2169 289 2223 meamus
312 2167 434 2234 Graecos,
459 2182 511 2221 sua
529 2167 592 2238 jam
618 2168 749 2238 potentia
774 2167 905 2224 Ecclesiae
958 2164 1012 2220 bus
1037 2181 1069 2219 ox
1097 2169 1156 2220 tota
1171 2165 1323 2221 Germania
1350 2167 1501 2238 episcopis.
1518 2168 1573 2225 Sed
1601 2185 1635 2223 ea
1664 2169 1808 2240 expeditio

58 2255 365 2327 itomanaeparendos,
382 2254 547 2309 tremendus
576 2254 636 2326 ipse
651 2255 781 2310 hostibus
795 2256 906 2326 potenti
960 2253 1087 2308 nonnisi
1103 2253 1156 2307 suh
1172 2254 1518 2325 exitumannisuscepla,
1541 2272 1807 2327 magnoarmorum
1879 2288 1890 2307 1

57 2343 192 2411 mercitu,
208 2358 296 2415 quem
310 2342 443 2408 ducebat,
460 2362 472 2392 ι
488 2347 518 2397 ut
533 2343 597 2398 vide
620 2342 684 2398 istic
701 2343 792 2398 fusius
806 2360 904 2398 narre-
959 2345 1109 2411 apparatu.
1127 2361 1138 2389 a
1157 2342 1197 2396 [lo
1221 2355 1255 2395 ea
1278 2341 1387 2412 synodo
1407 2342 1475 2413 quid
1490 2343 1673 2398 statuendum
1695 2344 1733 2399 sit
1745 2359 1809 2399 nec-

57 2437 126 2499 tum,
148 2431 327 2499 intermixto,
351 2445 416 2485 curn
432 2430 461 2487 S.
477 2430 639 2487 ilumuuldo
664 2431 806 2504 colloquio
826 2432 905 2486 aliis·
960 2428 1029 2484 dum
1045 2428 1135 2483 audeo
1156 2427 1292 2496 definire3
1322 2428 1394 2484 mibi
1408 2435 1519 2486 certum
1542 2431 1656 2487 videtur
1683 2447 1741 2487 non
1755 2448 1808 2504 po·

59 2536 111 2593 qua
128 2524 194 2575 tnm
208 2519 244 2574 ad
260 2518 380 2588 bollum,
396 2522 457 2573 tum
473 2518 509 2573 ad
537 2518 718 2574 Casinensem
734 2519 761 2574 S.
792 2518 905 2575 ilenrici
960 2516 1202 2571 tuissessresarenr
1216 2516 1389 2588 Aquisgrani
1416 2519 1593 2573 harereboc
1609 2535 1696 2586 anno,
1721 2536 1807 2592 quom

59 2605 359 2662 commemorationem
384 2604 590 2678 spectantibus,
619 2620 654 2659 ex
680 2604 783 2660 lilabro
799 2604 905 2661 Rudol·
960 2603 1103 2675 expeditio
1128 2604 1224 2658 Italica
1238 2608 1281 2659 tot
1304 2605 1451 2661 mensibus
1475 2607 1637 2677 occuparit;
1664 2594 1826 2680 quemqne'

58 2694 111 2766 pbo
120 2698 152 2749 et
167 2694 262 2748 Leone
284 2692 457 2749 llersicono·:
469 2692 583 2747 breuius
598 2708 649 2746 nos
663 2708 697 2748 ex
721 2693 903 2763 Chronogra·
961 2691 1125 2755 Beneventi,
1150 2707 1184 2746 ex
1208 2691 1365 2762 diplomate
1396 2694 1437 2749 ibi
1466 2694 1532 2749 dato
1558 2695 1644 2750 fuisso
1672 2696 1807 2750 scimnsx
1857 2704 1860 2708 ’

59 2782 122 2852 pbo,
138 2780 192 2852 qui
215 2780 252 2835 ad
276 2781 410 2836 eumdem
426 2795 533 2835 annum
557 2781 651 2836 denuo
674 2780 794 2835 mutilus
818 2780 855 2834 sis
869 2781 904 2837 do
961 2779 1053 2834 ldartii
1080 2781 1156 2834 tuit.
1177 2780 1265 2851 Magis
1287 2780 1317 2834 id
1340 2787 1449 2853 pugnat
1465 2783 1600 2837 adversus
1622 2783 1806 2851 Sebatounm,
1837 2813 1841 2820 ·

60 2869 164 2926 ware
191 2869 277 2941 loqui·
295 2868 408 2940 incipit:
427 2890 441 2918 κ
458 2870 616 2940 imperator
634 2869 746 2923 deloco
764 2869 904 2924 inlocum
960 2868 1011 2939 qui
1025 2883 1101 2922 anuo
1116 2869 1192 2934 tura,
1208 2869 1238 2923 in
1253 2884 1339 2940 quern
1354 2869 1565 2941 expeditionem
1589 2870 1705 2925 dilatam
1717 2870 1807 2941 cupit,

60 2957 275 3028 proficiscendo,
300 2958 426 3028 primum
444 2957 508 3012 urbi
532 2956 741 3024 munitissimae,
755 2957 847 3026 troja
864 2957 940 3011 iri-C
960 2958 1099 3012 Caesarorn
1116 2955 1199 3011 nobis
1227 2957 1343 3011 exbibet
1356 2962 1510 3027 quaternas
1524 2958 1713 3013 donationum
1728 2958 1808 3014 tabu·

61 3045 187 3101 delicet»
204 3045 394 3114 (obsidionem
409 3046 568 3100 accuratius
587 3043 723 3100 describit
737 3044 839 3100 Glaber
854 3044 903 3099 lib.
960 3044 1000 3098 las
1030 3043 1220 3098 paderbornae
1244 3045 1471 3101 subscribentem
1500 3046 1646 3100 mensibus
1671 3045 1807 3101 ianuario

10 3198 12 3203 y
62 3151 95 3203 ur,
109 3151 176 3205 cap.
195 3134 344 3204 l)·cujus
355 3132 498 3188 maenibus
511 3133 671 3204 indigenas.
685 3133 905 3204 provincialium
959 3137 988 3186 et
1014 3131 1178 3198 Februario,
1209 3135 1240 3186 ut
1264 3133 1336 3188 adeo
1353 3134 1463 3188 ltaliam
1488 3134 1638 3204 pervenire
1659 3133 1808 3190 commode

59 3222 209 3294 legatione,
227 3221 331 3277 ditioni
344 3221 432 3292 regite
447 3225 620 3292 cognoverat
643 3221 774 3289 rebelles,
789 3220 905 3276 bellico·
960 3235 1016 3274 non
1030 3219 1164 3290 potuerit,
1182 3221 1282 3274 saltem
1294 3220 1323 3275 in
1338 3223 1482 3292 Apuliam,
1499 3223 1553 3276 nisi
1568 3222 1621 3277 sub
1637 3222 1726 3277 tinem
1740 3223 1808 3277 llar-

60 3326 112 3364 sam
125 3309 240 3366 invexit
247 3309 349 3364 eciem.
362 3310 453 3376 Quam
470 3310 537 3365 licet
550 3308 701 3364 obsidione
727 3309 814 3379 longa
840 3324 905 3362 suo·
959 3309 991 3365 tii
1005 3314 1055 3362 aut
1073 3308 1250 3379 principium
1265 3309 1389 3380 Aprilis;
1413 3309 1500 3381 quisi
1525 3310 1616 3364 tribus
1630 3317 1658 3365 ot
1684 3309 1808 3380 amplius

58 3398 338 3470 rumquosudore....
360 3398 521 3466 devincens,
545 3397 711 3468 incolasque
726 3396 844 3467 hujusce
857 3401 907 3450 aut
959 3395 1106 3451 mensibus
1121 3397 1151 3450 in
1172 3398 1232 3450 sola
1253 3397 1344 3467 Trojae
1370 3398 1519 3452 obsidione
1533 3402 1685 3469 occupatus
1708 3396 1807 3464 fuerit,

57 3487 116 3542 neci
142 3484 262 3541 tradens
286 3491 337 3540 aut
360 3489 458 3557 captos
481 3485 610 3556 colligari
639 3484 818 3557 precipiens,
834 3500 906 3556 quos
960 3500 1046 3555 porro
1071 3483 1101 3537 in
1125 3483 1217 3538 Monte
1242 3484 1342 3539 Casino
1377 3485 1553 3553 decubuerit,
1579 3487 1678 3541 Romae
1704 3485 1808 3540 deinde

56 3579 138 3629 autea
164 3571 328 3627 contumaci
351 3571 447 3627 aninro
470 3571 526 3627 sibi
540 3572 723 3643 ingemuerat
738 3571 904 3638 renitentes,
962 3595 972 3620 «
990 3572 1157 3644 aliquandiu
1174 3578 1314 3640 moratus,
1332 3573 1472 3645 »concipi
1494 3574 1614 3628 omnino
1627 3589 1686 3628 non
1701 3578 1805 3644 potest,

55 3677 105 3716 sno
129 3659 319 3732 postmodum
333 3658 471 3729 dominio,
488 3661 545 3716 lieo
560 3664 742 3729 cooperante,
764 3659 908 3730 gaudebat
959 3664 1001 3714 tot
1013 3676 1058 3714 res
1077 3661 1198 3731 gessisse
1224 3662 1373 3725 Caesarom,
1389 3667 1419 3716 et
1437 3676 1535 3716 menso
1548 3661 1623 3716 iulio
1649 3661 1678 3715 in
1691 3661 1806 3716 Germa·

54 3748 236 3820 subjugatos.
250 3767 266 3799 ι
275 3747 316 3803 Ad
323 3748 561 3818 componendam,
574 3747 650 3819 quod
662 3747 709 3801 hic
718 3747 905 3802 intendimus,
959 3747 1038 3801 niam
1060 3747 1195 3802 reducem
1216 3747 1313 3817 fuisse,
1330 3748 1384 3803 nisi
1397 3748 1535 3803 miracula
1554 3749 1617 3820 quis
1631 3748 1807 3820 fingat,thae

54 3841 223 3905 temporum
236 3834 351 3900 seriem,
366 3835 395 3891 id
410 3851 467 3890 non
485 3835 639 3890 oscitanter
654 3835 798 3889 observari
809 3834 905 3900 velim,
960 3835 1015 3889 hnc
1041 3850 1196 3900 accersere,
1213 3850 1326 3888 necesso
1341 3851 1399 3889 non
1415 3835 1555 3889 existimo.
1584 3837 1672 3890 Aliter
1685 3836 1808 3890 sentien-

55 3924 226 3998 praedictam
239 3923 330 3978 Troice
346 3922 538 3990 obsidionem,
554 3922 622 3977 lotis
632 3922 724 3978 tribus
738 3928 767 3977 et
783 3922 906 3993 amplius
960 3923 1029 3978 dum
1043 3921 1157 3976 videtur
1182 3921 1217 3976 de
1241 3922 1390 3975 sanatione
1404 3923 1505 3976 calculi
1520 3922 1625 3977 ibidem
1636 3939 1689 3993 ope
1704 3923 1731 3978 S.
1753 3924 1807 3978 ile-

57 4009 217 4075 mensibus,
232 4014 303 4063 testo
317 4010 430 4076 Glabro,
447 4008 590 4074 tenuisso;
607 4012 711 4063 utnon
727 4009 794 4063 satis
808 4023 906 4082 prom·
961 4008 1066 4064 nedicli
1085 4009 1247 4078 impetrata,
1264 4025 1351 4078 quarn
1375 4009 1426 4063 etsi
1440 4010 1610 4081 impugnare
1624 4025 1740 4078 prorsus
1756 4025 1807 4061 no·

56 4104 140 4170 ptum
168 4096 207 4153 sit
233 4096 332 4151 omnia
353 4096 519 4151 combinaro
544 4112 608 4168 quae
629 4112 705 4151 anno
730 4101 811 4167 gesta
837 4095 904 4150 scri·
960 4097 1022 4163 lim,
1034 4097 1136 4150 vollem
1150 4102 1257 4150 certoa
1277 4096 1464 4167 scriptoribus
1483 4096 1614 4151 unanimi
1630 4097 1722 4166 magis
1736 4112 1807 4149 con-

57 4190 155 4255 ptores
175 4189 411 4239 commemorant.
440 4184 544 4238 Domus
571 4184 683 4256 reliqua
717 4200 751 4239 ex
779 4183 906 4238 Chrono·
961 4200 1061 4241 seusus
1079 4183 1189 4240 referri.

56 4272 189 4415 ‘riggo-
206 4358 260 4415 Sed
286 4359 331 4414 bis
356 4343 593 4431 prosperitatibus
608 4376 666 4414 non
686 4361 786 4428 elatus,
807 4375 906 4414 verum

57 4447 110 4504 usi
125 4446 322 4502 misericordia
334 4447 483 4517 praeditos,
498 4448 664 4519 hujusmodi
676 4447 834 4510 victoriam,
850 4464 906 4502 non

57 4536 180 4594 saiand
198 4535 311 4592 bomini
320 4536 476 4592 virtutibus
485 4536 659 4603 adscribens,
676 4538 813 4592 Romanae
826 4537 908 4591 Sedis

58 4626 173 4697 apicem
188 4624 367 4681 acceleravit:
387 4624 438 4679 ubi
466 4624 644 4696 aliquamdiu
666 4629 801 4690 moratus,
828 4624 908 4694 regni

58 4714 140 4769 illius
154 4711 342 4785 optimatibus
351 4728 421 4783 paco
431 4714 581 4784 gratiaque
591 4711 636 4766 sui
648 4711 798 4780 redimitis,
810 4711 909 4766 nivosa

56 4800 177 4872 Alpium
204 4797 354 4853 cacumina
370 4798 461 4853 veloci
475 4797 685 4871 transgreditur
712 4813 807 4865 cursu,
831 4803 909 4852 tanta

58 4886 236 4943 mortalitate
250 4885 412 4956 subsecuto,
427 4902 492 4959 quoe
505 4886 550 4942 vix
567 4890 617 4941 sut
630 4886 793 4941 nullatenus
809 4903 909 4941 vocum

58 4975 191 5041 nutibus,
222 4974 267 5031 vel
295 4974 382 5030 etiarn
409 4975 510 5031 olllclis
537 4974 604 5046 styli
636 4975 728 5029 valeat
753 4975 907 5030 enucleari.

58 5062 153 5128 ιὶιιιιιι
181 5060 312 5118 videlicet
334 5062 444 5119 cladem
457 5064 616 5133 Imperator
628 5065 774 5132 Augustus
789 5063 911 5116 evadens

58 5151 172 5205 cautus
186 5149 386 5217 obumbratus,
398 5150 447 5205 sod
461 5165 527 5205 raro
540 5149 630 5204 milite
654 5150 816 5217 comitatus,
832 5166 912 5204 esco-

59 5237 116 5308 ptis
130 5237 179 5293 bis
192 5252 266 5310 quos
287 5236 342 5295 sibi
356 5242 449 5293 mater
462 5239 577 5308 Europa
597 5239 773 5294 occurrendo
787 5238 911 5294 admise-

60 5330 114 5394 rat,
140 5325 327 5383 Germanicas
343 5325 524 5399 pervenitad
548 5342 621 5393 oras,
638 5342 833 5399 magnumque
848 5342 912 5398 syn-

61 5414 142 5470 odale
155 5414 347 5487 colloquium,
361 5414 572 5472 confluentibus
594 5415 720 5488 undique
733 5415 911 5471 diversorum

63 5501 217 5573 wonum
242 5501 381 5574 episcopia
410 5502 440 5557 in
465 5503 596 5574 partibus
610 5503 711 5558 babuit
728 5502 913 5558 occidentali·

1001 4273 1060 4326 l‘o'i.
1076 4270 1220 4342 Anonymi
1234 4287 1295 4342 cap.
1313 4274 1358 4338 ιι,
1384 4272 1458 4343 apud
1483 4288 1536 4326 uos
1555 4289 1634 4327 num.
1650 4275 1695 4338 tu,
1711 4271 1738 4326 S.
1758 4271 1809 4325 Bc-

964 4357 1092 4413 nodictus
1107 4358 1268 4413 medicinali
1285 4360 1369 4428 terro,
1386 4361 1462 4431 quod
1488 4376 1576 4415 manu
1604 4361 1730 4428 tenebat,
1748 4375 1811 4429 par-

964 4451 1023 4501 tem
1038 4446 1118 4500 illam
1135 4446 1274 4519 corporis,
1291 4448 1338 4502 ubi
1354 4449 1478 4502 calculus
1497 4449 1617 4519 jacebat,
1633 4446 1756 4518 aporuit,
1771 4450 1810 4512 ot,

965 4535 1061 4589 evolso
1086 4534 1210 4589 molliter
1224 4536 1343 4600 calculo,
1361 4536 1471 4590 hiatum
1487 4537 1613 4591 vulneris
1627 4534 1721 4590 subita
1738 4534 1812 4588 seni·

965 4626 1022 4678 tute
1042 4623 1256 4693 redintegravit.
1283 4623 1336 4678 Sed
1350 4623 1404 4677 alia
1430 4625 1513 4694 plano
1529 4628 1572 4678 est
1599 4622 1699 4677 Leonis
1714 4619 1811 4676 ldarsi·

965 4711 1028 4764 coni
1057 4711 1197 4779 narretio;
1223 4711 1262 4764 sic
1279 4716 1376 4765 tamen
1401 4718 1432 4765 ut
1458 4716 1580 4782 utraque
1602 4707 1812 4771 convenietin

967 4799 1136 4853 vindicanda
1151 4799 1205 4852 lioc
1228 4800 1291 4869 ipso
1315 4799 1452 4853 miraculo
1477 4799 1602 4870 eorporis
1625 4797 1653 4852 S.
1672 4792 1812 4850 benedicti

967 4890 997 4942 in
1012 4904 1046 4943 oo
1071 4887 1279 4943 archicoenobio
1294 4888 1456 4959 presentia.
1473 4886 1623 4943 Potissima
1637 4883 1726 4955 igitur
1744 4895 1812 4934 con·

967 4976 1104 5032 troversia
1116 4976 1239 5030 Leonem
1255 4976 1332 5031 inter
1342 4976 1390 5031 lib.
1406 4991 1442 5043 ιι,
1455 4992 1517 5046 cap.
1532 4977 1565 5030 tt
1585 4989 1617 5026 ac
1638 4973 1683 5036 tt,
1705 4972 1734 5023 ot
1746 4966 1813 5023 Gal-

968 5065 1010 5118 los
1024 5061 1154 5135 aliosque
1179 5063 1341 5135 scriptores,
1371 5081 1427 5118 nou
1457 5068 1516 5118 tarn
1538 5062 1613 5114 circa
1634 5055 1813 5112 sanationem

967 5151 1059 5221 ipsam
1074 5151 1156 5222 cujus
1171 5156 1341 5223 perpetuom
1361 5153 1579 5204 monumentum
1596 5144 1815 5200 adventantibus

968 5239 1130 5310 quibusque
1152 5238 1280 5294 exbiberi
1304 5239 1430 5303 solitum,
1447 5235 1537 5290 oculis
1557 5233 1613 5305 ipsi
1627 5232 1733 5288 uostris
1746 5231 1815 5286 olim

968 5327 1173 5398 spectavimus3
1190 5343 1277 5400 quam
1302 5327 1376 5381 circa
1401 5324 1537 5394 adjuncto
1564 5322 1695 5387 uertitur,
1721 5333 1815 5391 quiea

968 5414 1055 5470 variis
1073 5415 1150 5470 vario
1172 5419 1316 5480 exornata,
1333 5429 1367 5468 eo
1395 5417 1479 5483 pacto
1496 5410 1642 5466 nonnullis
1657 5407 1816 5464 redduntur

967 5502 1062 5558 dubia.
1089 5505 1204 5573 Astego
1224 5500 1271 5556 hic
1292 5499 1431 5555 arbitrum
1459 5516 1517 5554 non
1542 5513 1614 5568 ag03
1629 5495 1734 5567 quibus
1756 5493 1817 5547 baec
