<?xml version="1.0" encoding="UTF-8"?>
<!DOCTYPE html PUBLIC "-//W3C//DTD XHTML 1.0 Transitional//EN"
    "http://www.w3.org/TR/xhtml1/DTD/xhtml1-transitional.dtd">
<html xmlns="http://www.w3.org/1999/xhtml" xml:lang="en" lang="en">
 <head>
  <title>
</title>
<meta http-equiv="Content-Type" content="text/html;charset=utf-8" />
  <meta name='ocr-system' content='tesseract 3.04.00' />
  <meta name='ocr-capabilities' content='ocr_page ocr_carea ocr_par ocr_line ocrx_word'/>
</head>
<body>
  <div class='ocr_page' id='page_1' title='image "./patrologiaecurs17unkngoog_0103.png"; bbox 0 0 3878 6112; ppageno 0'>
   <div class='ocr_carea' id='block_1_1' title="bbox 72 253 1917 340">
    <p class='ocr_par' dir='ltr' id='par_1_1' title="bbox 72 253 1917 340">
     <span class='ocr_line' id='line_1_1' title="bbox 72 253 1917 340; baseline -0.008 0"><span class='ocrx_word' id='word_1_1' title='bbox 72 253 75 259; x_wconf 12' lang='grc' dir='ltr'><em>ἴ</em></span> <span class='ocrx_word' id='word_1_2' title='bbox 161 287 211 340; x_wconf 78' lang='lat' dir='ltr'><strong><em>its</em></strong></span> <span class='ocrx_word' id='word_1_3' title='bbox 403 335 405 338; x_wconf 78' lang='grc'>,</span> <span class='ocrx_word' id='word_1_4' title='bbox 595 281 623 336; x_wconf 87' lang='lat' dir='ltr'><strong><em>S.</em></strong></span> <span class='ocrx_word' id='word_1_5' title='bbox 646 278 793 338; x_wconf 74' lang='lat' dir='ltr'><strong><em>nausiet</em></strong></span> <span class='ocrx_word' id='word_1_6' title='bbox 810 260 1045 336; x_wconf 66' lang='lat' dir='ltr'><strong><em>insinuabis</em></strong></span> <span class='ocrx_word' id='word_1_7' title='bbox 1062 272 1161 332; x_wconf 74' lang='lat' dir='ltr'><strong><em>scin.</em></strong></span> <span class='ocrx_word' id='word_1_8' title='bbox 1181 304 1216 314; x_wconf 95' lang='lat'>—</span> <span class='ocrx_word' id='word_1_9' title='bbox 1235 272 1476 331; x_wconf 70' lang='lat' dir='ltr'><strong><em>stultissimi.</em></strong></span> <span class='ocrx_word' id='word_1_10' title='bbox 1868 276 1917 329; x_wconf 77' lang='lat' dir='ltr'><strong><em>ris</em></strong></span> 
     </span>
    </p>
   </div>
   <div class='ocr_carea' id='block_1_2' title="bbox 158 391 1918 476">
    <p class='ocr_par' dir='ltr' id='par_1_2' title="bbox 158 391 1918 476">
     <span class='ocr_line' id='line_1_2' title="bbox 158 391 1918 476; baseline -0.009 -12"><span class='ocrx_word' id='word_1_11' title='bbox 158 413 185 465; x_wconf 90' lang='lat' dir='ltr'><strong><em>et</em></strong></span> <span class='ocrx_word' id='word_1_12' title='bbox 193 409 312 464; x_wconf 85' lang='lat' dir='ltr'><strong><em>inuenies</em></strong></span> <span class='ocrx_word' id='word_1_13' title='bbox 326 407 483 476; x_wconf 69' lang='lat' dir='ltr'><strong><em>offinmonis</em></strong></span> <span class='ocrx_word' id='word_1_14' title='bbox 496 421 551 460; x_wconf 89' lang='lat' dir='ltr'><strong><em>mee</em></strong></span> <span class='ocrx_word' id='word_1_15' title='bbox 565 420 682 460; x_wconf 91' lang='lat' dir='ltr'><strong><em>causam.</em></strong></span> <span class='ocrx_word' id='word_1_16' title='bbox 696 407 731 459; x_wconf 81' lang='lat' dir='ltr'><strong><em>at</em></strong></span> <span class='ocrx_word' id='word_1_17' title='bbox 758 402 812 458; x_wconf 83' lang='lat' dir='ltr'><strong><em>alla</em></strong></span> <span class='ocrx_word' id='word_1_18' title='bbox 837 391 1010 457; x_wconf 86' lang='lat' dir='ltr'><strong><em>fiducialiter</em></strong></span> <span class='ocrx_word' id='word_1_19' title='bbox 1027 401 1206 454; x_wconf 78' lang='lat' dir='ltr'><strong><em>Aserenilati</em></strong></span> <span class='ocrx_word' id='word_1_20' title='bbox 1227 402 1314 453; x_wconf 86' lang='lat' dir='ltr'><strong><em>uestra</em></strong></span> <span class='ocrx_word' id='word_1_21' title='bbox 1337 400 1483 453; x_wconf 90' lang='lat' dir='ltr'><strong><em>immensus</em></strong></span> <span class='ocrx_word' id='word_1_22' title='bbox 1508 399 1598 464; x_wconf 77' lang='lat' dir='ltr'><strong><em>refero</em></strong></span> <span class='ocrx_word' id='word_1_23' title='bbox 1624 398 1741 464; x_wconf 89' lang='lat' dir='ltr'><strong><em>qratias,</em></strong></span> <span class='ocrx_word' id='word_1_24' title='bbox 1757 398 1827 466; x_wconf 91' lang='lat' dir='ltr'><strong><em>quia</em></strong></span> <span class='ocrx_word' id='word_1_25' title='bbox 1849 397 1918 450; x_wconf 81' lang='lat' dir='ltr'><strong><em>miii</em></strong></span> 
     </span>
    </p>
   </div>
   <div class='ocr_carea' id='block_1_3' title="bbox 45 485 1939 5597">
    <p class='ocr_par' dir='ltr' id='par_1_3' title="bbox 158 485 1917 1269">
     <span class='ocr_line' id='line_1_3' title="bbox 161 485 1917 568; baseline -0.007 -16"><span class='ocrx_word' id='word_1_26' title='bbox 161 497 338 568; x_wconf 86' lang='lat' dir='ltr'><strong><em>respondens</em></strong></span> <span class='ocrx_word' id='word_1_27' title='bbox 353 496 394 550; x_wconf 90' lang='lat' dir='ltr'><strong><em>ait</em></strong></span> <span class='ocrx_word' id='word_1_28' title='bbox 411 495 600 551; x_wconf 80' lang='lat' dir='ltr'><strong><em>:Cmiscientia</em></strong></span> <span class='ocrx_word' id='word_1_29' title='bbox 618 508 677 548; x_wconf 88' lang='lat' dir='ltr'><strong><em>mea</em></strong></span> <span class='ocrx_word' id='word_1_30' title='bbox 690 491 794 546; x_wconf 90' lang='lat' dir='ltr'><strong><em>munda</em></strong></span> <span class='ocrx_word' id='word_1_31' title='bbox 817 495 866 556; x_wconf 86' lang='lat' dir='ltr'><strong><em>est,</em></strong></span> <span class='ocrx_word' id='word_1_32' title='bbox 890 494 915 544; x_wconf 90' lang='lat' dir='ltr'><strong><em>et</em></strong></span> <span class='ocrx_word' id='word_1_33' title='bbox 943 504 1008 543; x_wconf 91' lang='lat' dir='ltr'><strong><em>aon·</em></strong></span> <span class='ocrx_word' id='word_1_34' title='bbox 1063 487 1199 558; x_wconf 88' lang='lat' dir='ltr'><strong><em>parcenda</em></strong></span> <span class='ocrx_word' id='word_1_35' title='bbox 1218 502 1329 554; x_wconf 83' lang='lat' dir='ltr'><strong><em>qraoem</em></strong></span> <span class='ocrx_word' id='word_1_36' title='bbox 1351 490 1382 541; x_wconf 92' lang='lat' dir='ltr'><strong><em>in</em></strong></span> <span class='ocrx_word' id='word_1_37' title='bbox 1408 502 1449 541; x_wconf 90' lang='lat' dir='ltr'><strong><em>me</em></strong></span> <span class='ocrx_word' id='word_1_38' title='bbox 1463 488 1536 553; x_wconf 81' lang='lat' dir='ltr'><strong><em>ferre</em></strong></span> <span class='ocrx_word' id='word_1_39' title='bbox 1550 488 1711 541; x_wconf 81' lang='lat' dir='ltr'><strong><em>amrmuam</em></strong></span> <span class='ocrx_word' id='word_1_40' title='bbox 1725 485 1815 539; x_wconf 88' lang='lat' dir='ltr'><strong><em>naluit</em></strong></span> <span class='ocrx_word' id='word_1_41' title='bbox 1828 490 1917 540; x_wconf 78' lang='lat' dir='ltr'><strong><em>umtra</em></strong></span> 
     </span>
     <span class='ocr_line' id='line_1_4' title="bbox 160 574 1917 652; baseline -0.009 -10"><span class='ocrx_word' id='word_1_42' title='bbox 160 588 233 642; x_wconf 83' lang='lat' dir='ltr'><strong><em>seius</em></strong></span> <span class='ocrx_word' id='word_1_43' title='bbox 249 599 321 640; x_wconf 89' lang='lat' dir='ltr'><strong><em>meus</em></strong></span> <span class='ocrx_word' id='word_1_44' title='bbox 335 586 365 638; x_wconf 91' lang='lat' dir='ltr'><strong><em>in</em></strong></span> <span class='ocrx_word' id='word_1_45' title='bbox 380 585 482 638; x_wconf 82' lang='lat' dir='ltr'><strong><em>eccelso</em></strong></span> <span class='ocrx_word' id='word_1_46' title='bbox 508 583 669 652; x_wconf 89' lang='lat' dir='ltr'><strong><em>quiaplane</em></strong></span> <span class='ocrx_word' id='word_1_47' title='bbox 683 586 722 635; x_wconf 88' lang='lat' dir='ltr'><strong><em>est</em></strong></span> <span class='ocrx_word' id='word_1_48' title='bbox 741 581 816 634; x_wconf 89' lang='lat' dir='ltr'><strong><em>testis</em></strong></span> <span class='ocrx_word' id='word_1_49' title='bbox 844 579 923 642; x_wconf 87' lang='lat' dir='ltr'><strong><em>mibi,</em></strong></span> <span class='ocrx_word' id='word_1_50' title='bbox 942 579 1010 646; x_wconf 91' lang='lat' dir='ltr'><strong><em>quia</em></strong></span> <span class='ocrx_word' id='word_1_51' title='bbox 1062 576 1252 631; x_wconf 87' lang='lat' dir='ltr'><strong><em>mansuetudo.</em></strong></span> <span class='ocrx_word' id='word_1_52' title='bbox 1284 575 1331 630; x_wconf 87' lang='lat' dir='ltr'><strong><em>llis</em></strong></span> <span class='ocrx_word' id='word_1_53' title='bbox 1363 575 1457 641; x_wconf 89' lang='lat' dir='ltr'><strong><em>dictis,</em></strong></span> <span class='ocrx_word' id='word_1_54' title='bbox 1483 574 1598 629; x_wconf 89' lang='lat' dir='ltr'><strong><em>resedit.</em></strong></span> <span class='ocrx_word' id='word_1_55' title='bbox 1639 575 1726 628; x_wconf 81' lang='lat' dir='ltr'><strong><em>l’orro</em></strong></span> <span class='ocrx_word' id='word_1_56' title='bbox 1771 579 1917 644; x_wconf 76' lang='lat' dir='ltr'>presentes</span> 
     </span>
     <span class='ocr_line' id='line_1_5' title="bbox 159 660 1916 742; baseline -0.008 -11"><span class='ocrx_word' id='word_1_57' title='bbox 159 676 271 742; x_wconf 71' lang='lat' dir='ltr'><strong><em>{miuus</em></strong></span> <span class='ocrx_word' id='word_1_58' title='bbox 296 673 514 742; x_wconf 83' lang='lat' dir='ltr'><strong><em>lrocpessimum,</em></strong></span> <span class='ocrx_word' id='word_1_59' title='bbox 530 671 603 741; x_wconf 91' lang='lat' dir='ltr'><strong><em>quod</em></strong></span> <span class='ocrx_word' id='word_1_60' title='bbox 621 668 750 741; x_wconf 85' lang='lat' dir='ltr'><strong><em>objicitur</em></strong></span> <span class='ocrx_word' id='word_1_61' title='bbox 767 669 835 724; x_wconf 85' lang='lat' dir='ltr'><strong><em>mibi</em></strong></span> <span class='ocrx_word' id='word_1_62' title='bbox 860 682 1008 735; x_wconf 78' lang='lat' dir='ltr'><strong><em>numquam</em></strong></span> <span class='ocrx_word' id='word_1_63' title='bbox 1063 680 1173 725; x_wconf 89' lang='lat' dir='ltr'><strong><em>omues.</em></strong></span> <span class='ocrx_word' id='word_1_64' title='bbox 1194 664 1238 720; x_wconf 91' lang='lat' dir='ltr'><strong><em>bis</em></strong></span> <span class='ocrx_word' id='word_1_65' title='bbox 1254 662 1372 729; x_wconf 89' lang='lat' dir='ltr'><strong><em>auditis,</em></strong></span> <span class='ocrx_word' id='word_1_66' title='bbox 1404 663 1438 718; x_wconf 88' lang='lat' dir='ltr'><strong><em>ed</em></strong></span> <span class='ocrx_word' id='word_1_67' title='bbox 1465 663 1587 717; x_wconf 82' lang='lat' dir='ltr'><strong><em>invicem</em></strong></span> <span class='ocrx_word' id='word_1_68' title='bbox 1614 660 1804 717; x_wconf 85' lang='lat' dir='ltr'><strong><em>conlerebant</em></strong></span> <span class='ocrx_word' id='word_1_69' title='bbox 1821 660 1916 723; x_wconf 59' lang='lat' dir='ltr'><strong><em>,dicen-</em></strong></span> 
     </span>
     <span class='ocr_line' id='line_1_6' title="bbox 158 750 1914 832; baseline -0.008 -15"><span class='ocrx_word' id='word_1_70' title='bbox 158 762 329 832; x_wconf 84' lang='lat' dir='ltr'><strong><em>pcrpctraci.</em></strong></span> <span class='ocrx_word' id='word_1_71' title='bbox 359 760 472 816; x_wconf 79' lang='lat' dir='ltr'><strong><em>Obsecro</em></strong></span> <span class='ocrx_word' id='word_1_72' title='bbox 498 764 533 825; x_wconf 86' lang='lat' dir='ltr'><strong><em>te,</em></strong></span> <span class='ocrx_word' id='word_1_73' title='bbox 551 760 665 813; x_wconf 80' lang='lat' dir='ltr'><em>Domine</em></span> <span class='ocrx_word' id='word_1_74' title='bbox 689 760 728 812; x_wconf 91' lang='lat' dir='ltr'><strong><em>mi</em></strong></span> <span class='ocrx_word' id='word_1_75' title='bbox 755 772 815 822; x_wconf 82' lang='lat' dir='ltr'><strong><em>rec,</em></strong></span> <span class='ocrx_word' id='word_1_76' title='bbox 844 762 877 811; x_wconf 89' lang='lat' dir='ltr'><strong><em>nt</em></strong></span> <span class='ocrx_word' id='word_1_77' title='bbox 890 755 1009 810; x_wconf 77' lang='lat' dir='ltr'><strong><em>uiritim·</em></strong></span> <span class='ocrx_word' id='word_1_78' title='bbox 1064 760 1124 808; x_wconf 86' lang='lat' dir='ltr'><strong><em>tes:</em></strong></span> <span class='ocrx_word' id='word_1_79' title='bbox 1139 753 1217 818; x_wconf 85' lang='lat' dir='ltr'><strong><em>Quod</em></strong></span> <span class='ocrx_word' id='word_1_80' title='bbox 1240 754 1265 807; x_wconf 90' lang='lat' dir='ltr'><strong><em>si</em></strong></span> <span class='ocrx_word' id='word_1_81' title='bbox 1287 753 1440 822; x_wconf 85' lang='lat' dir='ltr'><strong><em>perpetrati</em></strong></span> <span class='ocrx_word' id='word_1_82' title='bbox 1462 752 1569 806; x_wconf 86' lang='lat' dir='ltr'><strong><em>sceleris</em></strong></span> <span class='ocrx_word' id='word_1_83' title='bbox 1601 750 1767 805; x_wconf 89' lang='lat' dir='ltr'><strong><em>conscientia</em></strong></span> <span class='ocrx_word' id='word_1_84' title='bbox 1795 754 1914 803; x_wconf 85' lang='lat' dir='ltr'><strong><em>nostram</em></strong></span> 
     </span>
     <span class='ocr_line' id='line_1_7' title="bbox 162 837 1912 917; baseline -0.007 -14"><span class='ocrx_word' id='word_1_85' title='bbox 162 864 242 916; x_wconf 85' lang='lat' dir='ltr'><strong><em>aqere</em></strong></span> <span class='ocrx_word' id='word_1_86' title='bbox 270 853 296 903; x_wconf 87' lang='lat' dir='ltr'><strong><em>et</em></strong></span> <span class='ocrx_word' id='word_1_87' title='bbox 320 849 485 917; x_wconf 83' lang='lat' dir='ltr'><strong><em>patientiam</em></strong></span> <span class='ocrx_word' id='word_1_88' title='bbox 522 849 552 902; x_wconf 87' lang='lat' dir='ltr'><strong><em>in</em></strong></span> <span class='ocrx_word' id='word_1_89' title='bbox 577 861 618 900; x_wconf 91' lang='lat' dir='ltr'><strong><em>me</em></strong></span> <span class='ocrx_word' id='word_1_90' title='bbox 646 845 779 912; x_wconf 85' lang='lat' dir='ltr'><strong><em>diqneris.</em></strong></span> <span class='ocrx_word' id='word_1_91' title='bbox 820 845 910 898; x_wconf 83' lang='lat' dir='ltr'><strong><em>Honor</em></strong></span> <span class='ocrx_word' id='word_1_92' title='bbox 943 843 1008 910; x_wconf 91' lang='lat' dir='ltr'><strong><em>qui·</em></strong></span> <span class='ocrx_word' id='word_1_93' title='bbox 1063 842 1220 896; x_wconf 73' lang='lat' dir='ltr'><strong><em>stimularet</em></strong></span> <span class='ocrx_word' id='word_1_94' title='bbox 1239 839 1388 906; x_wconf 84' lang='lat' dir='ltr'><strong><em>dominam,</em></strong></span> <span class='ocrx_word' id='word_1_95' title='bbox 1403 854 1575 909; x_wconf 78' lang='lat' dir='ltr'><strong><em>nequaquam</em></strong></span> <span class='ocrx_word' id='word_1_96' title='bbox 1596 837 1706 894; x_wconf 86' lang='lat' dir='ltr'><strong><em>sibimet</em></strong></span> <span class='ocrx_word' id='word_1_97' title='bbox 1720 838 1912 905; x_wconf 74' lang='lat' dir='ltr'><strong><em>pronissimum</em></strong></span> 
     </span>
     <span class='ocr_line' id='line_1_8' title="bbox 162 925 1911 1005; baseline -0.007 -14"><span class='ocrx_word' id='word_1_98' title='bbox 162 936 223 991; x_wconf 85' lang='lat' dir='ltr'><strong><em>dem</em></strong></span> <span class='ocrx_word' id='word_1_99' title='bbox 250 939 333 991; x_wconf 88' lang='lat' dir='ltr'><strong><em>totius</em></strong></span> <span class='ocrx_word' id='word_1_100' title='bbox 358 937 468 1005; x_wconf 88' lang='lat' dir='ltr'><strong><em>imperii</em></strong></span> <span class='ocrx_word' id='word_1_101' title='bbox 491 950 543 1004; x_wconf 87' lang='lat' dir='ltr'><strong><em>per</em></strong></span> <span class='ocrx_word' id='word_1_102' title='bbox 561 949 605 993; x_wconf 81' lang='lat' dir='ltr'><strong><em>me</em></strong></span> <span class='ocrx_word' id='word_1_103' title='bbox 621 933 730 989; x_wconf 79' lang='lat' dir='ltr'><strong><em>uidetur</em></strong></span> <span class='ocrx_word' id='word_1_104' title='bbox 752 934 922 997; x_wconf 88' lang='lat' dir='ltr'><strong><em>imminutas,</em></strong></span> <span class='ocrx_word' id='word_1_105' title='bbox 961 928 1009 983; x_wconf 89' lang='lat' dir='ltr'><strong><em>scd</em></strong></span> <span class='ocrx_word' id='word_1_106' title='bbox 1063 930 1232 984; x_wconf 80' lang='lat' dir='ltr'><strong><em>lacenamen</em></strong></span> <span class='ocrx_word' id='word_1_107' title='bbox 1261 932 1431 998; x_wconf 73' lang='lat' dir='ltr'><strong><em>proponeret,</em></strong></span> <span class='ocrx_word' id='word_1_108' title='bbox 1459 930 1541 982; x_wconf 88' lang='lat' dir='ltr'><strong><em>immo</em></strong></span> <span class='ocrx_word' id='word_1_109' title='bbox 1564 929 1648 981; x_wconf 83' lang='lat' dir='ltr'><strong><em>etiam</em></strong></span> <span class='ocrx_word' id='word_1_110' title='bbox 1670 925 1706 980; x_wconf 90' lang='lat' dir='ltr'><strong><em>ab</em></strong></span> <span class='ocrx_word' id='word_1_111' title='bbox 1724 927 1791 980; x_wconf 91' lang='lat' dir='ltr'><strong><em>aliis</em></strong></span> <span class='ocrx_word' id='word_1_112' title='bbox 1814 940 1911 995; x_wconf 89' lang='lat' dir='ltr'><strong><em>propa-</em></strong></span> 
     </span>
     <span class='ocr_line' id='line_1_9' title="bbox 162 1013 1910 1095; baseline -0.008 -14"><span class='ocrx_word' id='word_1_113' title='bbox 162 1027 265 1081; x_wconf 87' lang='lat' dir='ltr'><strong><em>aolente</em></strong></span> <span class='ocrx_word' id='word_1_114' title='bbox 283 1029 336 1082; x_wconf 85' lang='lat' dir='ltr'><strong><em>Deo</em></strong></span> <span class='ocrx_word' id='word_1_115' title='bbox 363 1027 524 1095; x_wconf 81' lang='lat' dir='ltr'><strong><em>quantocius</em></strong></span> <span class='ocrx_word' id='word_1_116' title='bbox 547 1040 599 1094; x_wconf 91' lang='lat' dir='ltr'><strong><em>per</em></strong></span> <span class='ocrx_word' id='word_1_117' title='bbox 624 1039 667 1078; x_wconf 85' lang='lat' dir='ltr'><strong><em>mr</em></strong></span> <span class='ocrx_word' id='word_1_118' title='bbox 697 1021 904 1092; x_wconf 55' lang='lat' dir='ltr'><strong><em>reformabitmq</em></strong></span> <span class='ocrx_word' id='word_1_119' title='bbox 936 1018 1009 1089; x_wconf 91' lang='lat' dir='ltr'><strong><em>quod</em></strong></span> <span class='ocrx_word' id='word_1_120' title='bbox 1063 1020 1145 1073; x_wconf 90' lang='lat' dir='ltr'><strong><em>situm</em></strong></span> <span class='ocrx_word' id='word_1_121' title='bbox 1159 1017 1319 1086; x_wconf 76' lang='lat' dir='ltr'><strong><em>repulsaret.</em></strong></span> <span class='ocrx_word' id='word_1_122' title='bbox 1337 1017 1595 1089; x_wconf 27' lang='lat' dir='ltr'><strong><em>Interea-vomeres</em></strong></span> <span class='ocrx_word' id='word_1_123' title='bbox 1617 1013 1805 1069; x_wconf 86' lang='lat' dir='ltr'><strong><em>vehementer</em></strong></span> <span class='ocrx_word' id='word_1_124' title='bbox 1832 1014 1910 1083; x_wconf 89' lang='lat' dir='ltr'><strong><em>igniti</em></strong></span> 
     </span>
     <span class='ocr_line' id='line_1_10' title="bbox 163 1101 1910 1184; baseline -0.007 -16"><span class='ocrx_word' id='word_1_125' title='bbox 163 1115 281 1184; x_wconf 83' lang='lat' dir='ltr'><strong><em>qualiter</em></strong></span> <span class='ocrx_word' id='word_1_126' title='bbox 316 1117 377 1184; x_wconf 69' lang='lat' dir='ltr'><strong><em>{teri</em></strong></span> <span class='ocrx_word' id='word_1_127' title='bbox 402 1116 499 1184; x_wconf 88' lang='lat' dir='ltr'><strong><em>possit,</em></strong></span> <span class='ocrx_word' id='word_1_128' title='bbox 514 1115 540 1168; x_wconf 91' lang='lat' dir='ltr'><strong><em>si</em></strong></span> <span class='ocrx_word' id='word_1_129' title='bbox 566 1115 603 1168; x_wconf 90' lang='lat' dir='ltr'><strong><em>sit</em></strong></span> <span class='ocrx_word' id='word_1_130' title='bbox 621 1128 680 1167; x_wconf 89' lang='lat' dir='ltr'><strong><em>eum</em></strong></span> <span class='ocrx_word' id='word_1_131' title='bbox 710 1111 875 1180; x_wconf 83' lang='lat' dir='ltr'><strong><em>beneplacito</em></strong></span> <span class='ocrx_word' id='word_1_132' title='bbox 909 1113 1006 1174; x_wconf 86' lang='lat' dir='ltr'><strong><em>aestro,</em></strong></span> <span class='ocrx_word' id='word_1_133' title='bbox 1062 1106 1092 1160; x_wconf 90' lang='lat' dir='ltr'><strong><em>in</em></strong></span> <span class='ocrx_word' id='word_1_134' title='bbox 1107 1120 1194 1161; x_wconf 90' lang='lat' dir='ltr'><strong><em>unam</em></strong></span> <span class='ocrx_word' id='word_1_135' title='bbox 1210 1103 1296 1159; x_wconf 87' lang='lat' dir='ltr'><strong><em>delati</em></strong></span> <span class='ocrx_word' id='word_1_136' title='bbox 1311 1109 1379 1158; x_wconf 89' lang='lat' dir='ltr'><strong><em>sunt</em></strong></span> <span class='ocrx_word' id='word_1_137' title='bbox 1404 1103 1562 1170; x_wconf 87' lang='lat' dir='ltr'><strong><em>basilicam,</em></strong></span> <span class='ocrx_word' id='word_1_138' title='bbox 1577 1103 1608 1157; x_wconf 91' lang='lat' dir='ltr'><strong><em>in</em></strong></span> <span class='ocrx_word' id='word_1_139' title='bbox 1636 1101 1792 1175; x_wconf 86' lang='lat' dir='ltr'><strong><em>quabeata</em></strong></span> <span class='ocrx_word' id='word_1_140' title='bbox 1820 1102 1910 1157; x_wconf 86' lang='lat' dir='ltr'><strong><em>Cune-</em></strong></span> 
     </span>
     <span class='ocr_line' id='line_1_11' title="bbox 163 1190 1909 1269; baseline -0.006 -14"><span class='ocrx_word' id='word_1_141' title='bbox 163 1202 278 1258; x_wconf 85' lang='lat' dir='ltr'><strong><em>breriter</em></strong></span> <span class='ocrx_word' id='word_1_142' title='bbox 303 1205 424 1258; x_wconf 88' lang='lat' dir='ltr'><strong><em>insinua.</em></strong></span> <span class='ocrx_word' id='word_1_143' title='bbox 440 1202 489 1256; x_wconf 86' lang='lat' dir='ltr'><strong><em>llis</em></strong></span> <span class='ocrx_word' id='word_1_144' title='bbox 520 1200 636 1265; x_wconf 77' lang='lat' dir='ltr'><strong><em>eruditis,</em></strong></span> <span class='ocrx_word' id='word_1_145' title='bbox 661 1199 820 1268; x_wconf 85' lang='lat' dir='ltr'><strong><em>imperator</em></strong></span> <span class='ocrx_word' id='word_1_146' title='bbox 846 1197 1008 1269; x_wconf 82' lang='lat' dir='ltr'><strong><em>aliquantu·</em></strong></span> <span class='ocrx_word' id='word_1_147' title='bbox 1063 1193 1168 1264; x_wconf 85' lang='lat' dir='ltr'><strong><em>gundis</em></strong></span> <span class='ocrx_word' id='word_1_148' title='bbox 1184 1209 1200 1248; x_wconf 88' lang='lat' dir='ltr'><strong><em>a</em></strong></span> <span class='ocrx_word' id='word_1_149' title='bbox 1216 1193 1329 1248; x_wconf 86' lang='lat' dir='ltr'><strong><em>dnobus</em></strong></span> <span class='ocrx_word' id='word_1_150' title='bbox 1344 1191 1489 1264; x_wconf 88' lang='lat' dir='ltr'><strong><em>episcopis</em></strong></span> <span class='ocrx_word' id='word_1_151' title='bbox 1509 1190 1690 1263; x_wconf 74' lang='lat' dir='ltr'><strong><em>dignioribus</em></strong></span> <span class='ocrx_word' id='word_1_152' title='bbox 1710 1190 1785 1245; x_wconf 90' lang='lat' dir='ltr'><strong><em>sicut</em></strong></span> <span class='ocrx_word' id='word_1_153' title='bbox 1798 1191 1859 1245; x_wconf 85' lang='lat' dir='ltr'><strong><em>oris</em></strong></span> <span class='ocrx_word' id='word_1_154' title='bbox 1879 1193 1909 1245; x_wconf 85' lang='lat' dir='ltr'><strong><em>nd</em></strong></span> 
     </span>
    </p>

    <p class='ocr_par' dir='ltr' id='par_1_4' title="bbox 112 1277 1911 1970">
     <span class='ocr_line' id='line_1_12' title="bbox 112 1277 1910 1361; baseline -0.008 -15"><span class='ocrx_word' id='word_1_155' title='bbox 112 1277 116 1281; x_wconf 36' lang='lat'><strong>¹</strong></span> <span class='ocrx_word' id='word_1_156' title='bbox 162 1290 224 1345; x_wconf 91' lang='lat' dir='ltr'><strong><em>lum</em></strong></span> <span class='ocrx_word' id='word_1_157' title='bbox 252 1291 413 1361; x_wconf 90' lang='lat' dir='ltr'><strong><em>mitigatus,</em></strong></span> <span class='ocrx_word' id='word_1_158' title='bbox 427 1294 495 1343; x_wconf 91' lang='lat' dir='ltr'><strong><em>tnnc</em></strong></span> <span class='ocrx_word' id='word_1_159' title='bbox 522 1288 639 1342; x_wconf 89' lang='lat' dir='ltr'><strong><em>demum</em></strong></span> <span class='ocrx_word' id='word_1_160' title='bbox 656 1287 784 1358; x_wconf 87' lang='lat' dir='ltr'><strong><em>percepit</em></strong></span> <span class='ocrx_word' id='word_1_161' title='bbox 798 1301 862 1340; x_wconf 88' lang='lat' dir='ltr'><strong><em>eam</em></strong></span> <span class='ocrx_word' id='word_1_162' title='bbox 883 1285 1010 1340; x_wconf 87' lang='lat' dir='ltr'><strong><em>residere</em></strong></span> <span class='ocrx_word' id='word_1_163' title='bbox 1064 1283 1206 1337; x_wconf 73' lang='lat' dir='ltr'><strong><em>uictimam</em></strong></span> <span class='ocrx_word' id='word_1_164' title='bbox 1227 1281 1395 1350; x_wconf 82' lang='lat' dir='ltr'><strong><em>ducebatur,</em></strong></span> <span class='ocrx_word' id='word_1_165' title='bbox 1411 1295 1498 1352; x_wconf 87' lang='lat' dir='ltr'><strong><em>quam</em></strong></span> <span class='ocrx_word' id='word_1_166' title='bbox 1515 1280 1619 1335; x_wconf 83' lang='lat' dir='ltr'><strong><em>Christi</em></strong></span> <span class='ocrx_word' id='word_1_167' title='bbox 1634 1280 1779 1335; x_wconf 86' lang='lat' dir='ltr'><strong><em>confessor</em></strong></span> <span class='ocrx_word' id='word_1_168' title='bbox 1792 1280 1910 1334; x_wconf 83' lang='lat' dir='ltr'><strong><em>etresli·</em></strong></span> 
     </span>
     <span class='ocr_line' id='line_1_13' title="bbox 161 1367 1910 1450; baseline -0.006 -18"><span class='ocrx_word' id='word_1_169' title='bbox 161 1385 191 1434; x_wconf 88' lang='lat' dir='ltr'><strong><em>at</em></strong></span> <span class='ocrx_word' id='word_1_170' title='bbox 204 1380 328 1450; x_wconf 82' lang='lat' dir='ltr'><strong><em>qualiter</em></strong></span> <span class='ocrx_word' id='word_1_171' title='bbox 349 1377 403 1432; x_wconf 85' lang='lat' dir='ltr'><strong><em>hec</em></strong></span> <span class='ocrx_word' id='word_1_172' title='bbox 428 1376 492 1430; x_wconf 84' lang='lat' dir='ltr'><strong><em>lieri</em></strong></span> <span class='ocrx_word' id='word_1_173' title='bbox 505 1378 623 1446; x_wconf 81' lang='lat' dir='ltr'><strong><em>possent</em></strong></span> <span class='ocrx_word' id='word_1_174' title='bbox 643 1374 764 1428; x_wconf 87' lang='lat' dir='ltr'><strong><em>edicere.</em></strong></span> <span class='ocrx_word' id='word_1_175' title='bbox 781 1375 822 1428; x_wconf 79' lang='lat' dir='ltr'><strong><em>nd</em></strong></span> <span class='ocrx_word' id='word_1_176' title='bbox 857 1374 910 1428; x_wconf 89' lang='lat' dir='ltr'><strong><em>hec</em></strong></span> <span class='ocrx_word' id='word_1_177' title='bbox 932 1373 1006 1428; x_wconf 85' lang='lat' dir='ltr'><strong><em>illa:</em></strong></span> <span class='ocrx_word' id='word_1_178' title='bbox 1063 1371 1112 1444; x_wconf 89' lang='lat' dir='ltr'><strong><em>gin</em></strong></span> <span class='ocrx_word' id='word_1_179' title='bbox 1128 1371 1310 1442; x_wconf 80' lang='lat' dir='ltr'><strong><em>sequebatur.</em></strong></span> <span class='ocrx_word' id='word_1_180' title='bbox 1334 1370 1388 1435; x_wconf 86' lang='lat' dir='ltr'><strong><em>Oui</em></strong></span> <span class='ocrx_word' id='word_1_181' title='bbox 1402 1370 1500 1424; x_wconf 85' lang='lat' dir='ltr'><strong><em>ridens</em></strong></span> <span class='ocrx_word' id='word_1_182' title='bbox 1516 1384 1645 1423; x_wconf 85' lang='lat' dir='ltr'><strong><em>vomeres</em></strong></span> <span class='ocrx_word' id='word_1_183' title='bbox 1672 1367 1815 1422; x_wconf 82' lang='lat' dir='ltr'><strong><em>scintillas</em></strong></span> <span class='ocrx_word' id='word_1_184' title='bbox 1840 1368 1910 1438; x_wconf 85' lang='lat' dir='ltr'><strong><em>ignis</em></strong></span> 
     </span>
     <span class='ocr_line' id='line_1_14' title="bbox 161 1457 1909 1535; baseline -0.007 -13"><span class='ocrx_word' id='word_1_185' title='bbox 161 1469 302 1535; x_wconf 71' lang='lat' dir='ltr'><strong><em>Maiestas,</em></strong></span> <span class='ocrx_word' id='word_1_186' title='bbox 320 1465 415 1535; x_wconf 90' lang='lat' dir='ltr'><strong><em>inquit</em></strong></span> <span class='ocrx_word' id='word_1_187' title='bbox 437 1468 537 1528; x_wconf 84' lang='lat' dir='ltr'><strong><em>uestra,</em></strong></span> <span class='ocrx_word' id='word_1_188' title='bbox 566 1462 682 1527; x_wconf 77' lang='lat' dir='ltr'><strong><em>domine,</em></strong></span> <span class='ocrx_word' id='word_1_189' title='bbox 704 1462 842 1531; x_wconf 80' lang='lat' dir='ltr'><strong><em>principes</em></strong></span> <span class='ocrx_word' id='word_1_190' title='bbox 867 1461 1008 1514; x_wconf 89' lang='lat' dir='ltr'><strong><em>uniuersos</em></strong></span> <span class='ocrx_word' id='word_1_191' title='bbox 1063 1459 1283 1532; x_wconf 82' lang='lat' dir='ltr'><strong><em>reparantes,in</em></strong></span> <span class='ocrx_word' id='word_1_192' title='bbox 1295 1458 1337 1513; x_wconf 87' lang='lat' dir='ltr'><strong><em>ira</em></strong></span> <span class='ocrx_word' id='word_1_193' title='bbox 1350 1457 1673 1519; x_wconf 85' lang='lat' dir='ltr'><strong><em>misericordiememor,</em></strong></span> <span class='ocrx_word' id='word_1_194' title='bbox 1689 1472 1813 1522; x_wconf 85' lang='lat' dir='ltr'><strong><em>mernor,</em></strong></span> <span class='ocrx_word' id='word_1_195' title='bbox 1830 1458 1909 1510; x_wconf 84' lang='lat' dir='ltr'><strong><em>etiam</em></strong></span> 
     </span>
     <span class='ocr_line' id='line_1_15' title="bbox 163 1545 1911 1622; baseline -0.005 -15"><span class='ocrx_word' id='word_1_196' title='bbox 163 1560 218 1608; x_wconf 82' lang='lat' dir='ltr'><strong><em>lam</em></strong></span> <span class='ocrx_word' id='word_1_197' title='bbox 239 1554 377 1622; x_wconf 89' lang='lat' dir='ltr'><strong><em>episcopos</em></strong></span> <span class='ocrx_word' id='word_1_198' title='bbox 392 1566 475 1621; x_wconf 90' lang='lat' dir='ltr'><strong><em>quam</em></strong></span> <span class='ocrx_word' id='word_1_199' title='bbox 496 1551 578 1603; x_wconf 88' lang='lat' dir='ltr'><strong><em>laicas</em></strong></span> <span class='ocrx_word' id='word_1_200' title='bbox 606 1548 643 1602; x_wconf 90' lang='lat' dir='ltr'><strong><em>ad</em></strong></span> <span class='ocrx_word' id='word_1_201' title='bbox 667 1552 768 1602; x_wconf 87' lang='lat' dir='ltr'><strong><em>curtem</em></strong></span> <span class='ocrx_word' id='word_1_202' title='bbox 782 1548 885 1614; x_wconf 89' lang='lat' dir='ltr'><strong><em>reqiarn</em></strong></span> <span class='ocrx_word' id='word_1_203' title='bbox 914 1562 1006 1601; x_wconf 79' lang='lat' dir='ltr'><strong><em>atmbe-</em></strong></span> <span class='ocrx_word' id='word_1_204' title='bbox 1063 1547 1180 1618; x_wconf 91' lang='lat' dir='ltr'><strong><em>pristini</em></strong></span> <span class='ocrx_word' id='word_1_205' title='bbox 1211 1547 1319 1602; x_wconf 87' lang='lat' dir='ltr'><strong><em>amoris</em></strong></span> <span class='ocrx_word' id='word_1_206' title='bbox 1336 1545 1407 1601; x_wconf 80' lang='lat' dir='ltr'><strong><em>dixit</em></strong></span> <span class='ocrx_word' id='word_1_207' title='bbox 1425 1547 1459 1601; x_wconf 88' lang='lat' dir='ltr'><strong><em>ad</em></strong></span> <span class='ocrx_word' id='word_1_208' title='bbox 1481 1561 1567 1600; x_wconf 86' lang='lat' dir='ltr'><strong><em>eam:</em></strong></span> <span class='ocrx_word' id='word_1_209' title='bbox 1595 1545 1713 1611; x_wconf 83' lang='lat' dir='ltr'><strong><em>Quiesce,</em></strong></span> <span class='ocrx_word' id='word_1_210' title='bbox 1738 1545 1853 1599; x_wconf 90' lang='lat' dir='ltr'><strong><em>domina</em></strong></span> <span class='ocrx_word' id='word_1_211' title='bbox 1879 1549 1911 1599; x_wconf 84' lang='lat' dir='ltr'><strong><em>ni</em></strong></span> 
     </span>
     <span class='ocr_line' id='line_1_16' title="bbox 161 1633 1909 1706; baseline -0.003 -14"><span class='ocrx_word' id='word_1_212' title='bbox 161 1638 332 1706; x_wconf 74' lang='lat' dir='ltr'><strong><em>nirejubeat,</em></strong></span> <span class='ocrx_word' id='word_1_213' title='bbox 349 1642 375 1691; x_wconf 89' lang='lat' dir='ltr'><strong><em>et</em></strong></span> <span class='ocrx_word' id='word_1_214' title='bbox 390 1636 559 1706; x_wconf 81' lang='lat' dir='ltr'><strong><em>presentibus</em></strong></span> <span class='ocrx_word' id='word_1_215' title='bbox 574 1634 695 1689; x_wconf 88' lang='lat' dir='ltr'><strong><em>omnibus</em></strong></span> <span class='ocrx_word' id='word_1_216' title='bbox 724 1648 807 1688; x_wconf 90' lang='lat' dir='ltr'><strong><em>caasa</em></strong></span> <span class='ocrx_word' id='word_1_217' title='bbox 826 1633 859 1687; x_wconf 91' lang='lat' dir='ltr'><strong><em>ole</em></strong></span> <span class='ocrx_word' id='word_1_218' title='bbox 874 1648 930 1702; x_wconf 90' lang='lat' dir='ltr'><strong><em>quo</em></strong></span> <span class='ocrx_word' id='word_1_219' title='bbox 946 1636 1007 1700; x_wconf 85' lang='lat' dir='ltr'><strong><em>aqi·</em></strong></span> <span class='ocrx_word' id='word_1_220' title='bbox 1065 1638 1265 1699; x_wconf 88' lang='lat' dir='ltr'><strong><em>amantissima,</em></strong></span> <span class='ocrx_word' id='word_1_221' title='bbox 1294 1639 1399 1705; x_wconf 83' lang='lat' dir='ltr'><strong><em>quiesce</em></strong></span> <span class='ocrx_word' id='word_1_222' title='bbox 1439 1635 1510 1689; x_wconf 82' lang='lat' dir='ltr'><strong><em>milri</em></strong></span> <span class='ocrx_word' id='word_1_223' title='bbox 1529 1633 1798 1701; x_wconf 88' lang='lat' dir='ltr'><strong><em>desiderantissima,</em></strong></span> <span class='ocrx_word' id='word_1_224' title='bbox 1825 1649 1909 1704; x_wconf 89' lang='lat' dir='ltr'><strong><em>parce,</em></strong></span> 
     </span>
     <span class='ocr_line' id='line_1_17' title="bbox 162 1721 1911 1795; baseline -0.003 -14"><span class='ocrx_word' id='word_1_225' title='bbox 162 1730 208 1781; x_wconf 93' lang='lat' dir='ltr'><strong><em>tur</em></strong></span> <span class='ocrx_word' id='word_1_226' title='bbox 230 1725 326 1781; x_wconf 85' lang='lat' dir='ltr'><strong><em>ordine</em></strong></span> <span class='ocrx_word' id='word_1_227' title='bbox 336 1723 488 1794; x_wconf 82' lang='lat' dir='ltr'><strong><em>judiciaria</em></strong></span> <span class='ocrx_word' id='word_1_228' title='bbox 501 1724 654 1785; x_wconf 80' lang='lat' dir='ltr'><strong><em>ventiletur,</em></strong></span> <span class='ocrx_word' id='word_1_229' title='bbox 671 1728 696 1776; x_wconf 90' lang='lat' dir='ltr'><strong><em>et</em></strong></span> <span class='ocrx_word' id='word_1_230' title='bbox 722 1721 860 1792; x_wconf 84' lang='lat' dir='ltr'><strong><em>quidquid</em></strong></span> <span class='ocrx_word' id='word_1_231' title='bbox 875 1724 931 1791; x_wconf 90' lang='lat' dir='ltr'><strong><em>ipsi</em></strong></span> <span class='ocrx_word' id='word_1_232' title='bbox 943 1736 1010 1787; x_wconf 80' lang='lat' dir='ltr'><strong><em>suq-</em></strong></span> <span class='ocrx_word' id='word_1_233' title='bbox 1066 1740 1157 1795; x_wconf 91' lang='lat' dir='ltr'><strong><em>queso,</em></strong></span> <span class='ocrx_word' id='word_1_234' title='bbox 1168 1725 1271 1778; x_wconf 85' lang='lat' dir='ltr'><strong><em>tibimet</em></strong></span> <span class='ocrx_word' id='word_1_235' title='bbox 1285 1726 1351 1793; x_wconf 88' lang='lat' dir='ltr'><strong><em>ipsi,</em></strong></span> <span class='ocrx_word' id='word_1_236' title='bbox 1364 1728 1391 1778; x_wconf 89' lang='lat' dir='ltr'><strong><em>et</em></strong></span> <span class='ocrx_word' id='word_1_237' title='bbox 1405 1738 1440 1778; x_wconf 85' lang='lat' dir='ltr'><strong><em>ne</em></strong></span> <span class='ocrx_word' id='word_1_238' title='bbox 1452 1725 1540 1778; x_wconf 88' lang='lat' dir='ltr'><strong><em>inires</em></strong></span> <span class='ocrx_word' id='word_1_239' title='bbox 1563 1724 1594 1776; x_wconf 92' lang='lat' dir='ltr'><strong><em>in</em></strong></span> <span class='ocrx_word' id='word_1_240' title='bbox 1604 1721 1746 1791; x_wconf 80' lang='lat' dir='ltr'><strong><em>judicium</em></strong></span> <span class='ocrx_word' id='word_1_241' title='bbox 1775 1722 1834 1788; x_wconf 82' lang='lat' dir='ltr'><strong><em>boc,</em></strong></span> <span class='ocrx_word' id='word_1_242' title='bbox 1852 1721 1911 1776; x_wconf 80' lang='lat' dir='ltr'><strong><em>liar-</em></strong></span> 
     </span>
     <span class='ocr_line' id='line_1_18' title="bbox 161 1809 1910 1882; baseline -0.003 -12"><span class='ocrx_word' id='word_1_243' title='bbox 161 1816 293 1882; x_wconf 72' lang='lat' dir='ltr'><strong><em>possenna</em></strong></span> <span class='ocrx_word' id='word_1_244' title='bbox 307 1814 383 1868; x_wconf 89' lang='lat' dir='ltr'><strong><em>salae</em></strong></span> <span class='ocrx_word' id='word_1_245' title='bbox 410 1814 507 1867; x_wconf 83' lang='lat' dir='ltr'><strong><em>bonore</em></strong></span> <span class='ocrx_word' id='word_1_246' title='bbox 523 1816 610 1866; x_wconf 86' lang='lat' dir='ltr'><strong><em>uestro</em></strong></span> <span class='ocrx_word' id='word_1_247' title='bbox 637 1813 699 1880; x_wconf 73' lang='lat' dir='ltr'><strong><em>pieri</em></strong></span> <span class='ocrx_word' id='word_1_248' title='bbox 725 1812 835 1880; x_wconf 88' lang='lat' dir='ltr'><strong><em>poterit.</em></strong></span> <span class='ocrx_word' id='word_1_249' title='bbox 858 1811 943 1881; x_wconf 89' lang='lat' dir='ltr'><strong><em>Spero</em></strong></span> <span class='ocrx_word' id='word_1_250' title='bbox 959 1826 1009 1864; x_wconf 91' lang='lat' dir='ltr'><strong><em>au·</em></strong></span> <span class='ocrx_word' id='word_1_251' title='bbox 1064 1814 1145 1869; x_wconf 90' lang='lat' dir='ltr'><strong><em>ribile</em></strong></span> <span class='ocrx_word' id='word_1_252' title='bbox 1174 1815 1256 1868; x_wconf 88' lang='lat' dir='ltr'><strong><em>etiam</em></strong></span> <span class='ocrx_word' id='word_1_253' title='bbox 1279 1812 1317 1866; x_wconf 90' lang='lat' dir='ltr'><strong><em>ad</em></strong></span> <span class='ocrx_word' id='word_1_254' title='bbox 1336 1811 1520 1879; x_wconf 68' lang='lat' dir='ltr'><strong><em>audiendum</em></strong></span> <span class='ocrx_word' id='word_1_255' title='bbox 1543 1810 1622 1867; x_wconf 81' lang='lat' dir='ltr'><strong><em>credo</em></strong></span> <span class='ocrx_word' id='word_1_256' title='bbox 1640 1809 1711 1865; x_wconf 89' lang='lat' dir='ltr'><strong><em>enim</em></strong></span> <span class='ocrx_word' id='word_1_257' title='bbox 1732 1815 1758 1865; x_wconf 89' lang='lat' dir='ltr'><strong><em>te</em></strong></span> <span class='ocrx_word' id='word_1_258' title='bbox 1771 1812 1910 1864; x_wconf 87' lang='lat' dir='ltr'><strong><em>immunem</em></strong></span> 
     </span>
     <span class='ocr_line' id='line_1_19' title="bbox 163 1899 1909 1970; baseline -0.003 -11"><span class='ocrx_word' id='word_1_259' title='bbox 163 1911 216 1958; x_wconf 91' lang='lat' dir='ltr'><strong><em>tem</em></strong></span> <span class='ocrx_word' id='word_1_260' title='bbox 234 1904 268 1958; x_wconf 90' lang='lat' dir='ltr'><strong><em>de</em></strong></span> <span class='ocrx_word' id='word_1_261' title='bbox 290 1902 387 1957; x_wconf 88' lang='lat' dir='ltr'><strong><em>diuina</em></strong></span> <span class='ocrx_word' id='word_1_262' title='bbox 400 1899 596 1967; x_wconf 87' lang='lat' dir='ltr'><strong><em>misericordia,</em></strong></span> <span class='ocrx_word' id='word_1_263' title='bbox 612 1899 685 1968; x_wconf 89' lang='lat' dir='ltr'><strong><em>quod</em></strong></span> <span class='ocrx_word' id='word_1_264' title='bbox 698 1900 800 1968; x_wconf 84' lang='lat' dir='ltr'><strong><em>eripiat</em></strong></span> <span class='ocrx_word' id='word_1_265' title='bbox 814 1912 862 1954; x_wconf 87' lang='lat' dir='ltr'><strong><em>nos</em></strong></span> <span class='ocrx_word' id='word_1_266' title='bbox 877 1899 932 1954; x_wconf 89' lang='lat' dir='ltr'><strong><em>luto</em></strong></span> <span class='ocrx_word' id='word_1_267' title='bbox 943 1900 1010 1965; x_wconf 80' lang='lat' dir='ltr'><strong><em>fecis</em></strong></span> <span class='ocrx_word' id='word_1_268' title='bbox 1064 1917 1120 1958; x_wconf 88' lang='lat' dir='ltr'><strong><em>esse</em></strong></span> <span class='ocrx_word' id='word_1_269' title='bbox 1133 1902 1168 1956; x_wconf 89' lang='lat' dir='ltr'><strong><em>ab</em></strong></span> <span class='ocrx_word' id='word_1_270' title='bbox 1184 1903 1257 1956; x_wconf 89' lang='lat' dir='ltr'><strong><em>amni</em></strong></span> <span class='ocrx_word' id='word_1_271' title='bbox 1270 1903 1392 1956; x_wconf 88' lang='lat' dir='ltr'><strong><em>crimine.</em></strong></span> <span class='ocrx_word' id='word_1_272' title='bbox 1405 1901 1455 1955; x_wconf 86' lang='lat' dir='ltr'><strong><em>llla</em></strong></span> <span class='ocrx_word' id='word_1_273' title='bbox 1470 1916 1573 1956; x_wconf 90' lang='lat' dir='ltr'><strong><em>sereno</em></strong></span> <span class='ocrx_word' id='word_1_274' title='bbox 1587 1901 1666 1955; x_wconf 78' lang='lat' dir='ltr'><strong><em>nullu</em></strong></span> <span class='ocrx_word' id='word_1_275' title='bbox 1689 1899 1842 1970; x_wconf 89' lang='lat' dir='ltr'><strong><em>respondit</em></strong></span> <span class='ocrx_word' id='word_1_276' title='bbox 1870 1901 1909 1954; x_wconf 86' lang='lat' dir='ltr'><strong><em>ei:</em></strong></span> 
     </span>
    </p>

    <p class='ocr_par' dir='ltr' id='par_1_5' title="bbox 115 1986 1912 2684">
     <span class='ocr_line' id='line_1_20' title="bbox 115 1986 1911 2059; baseline -0.001 -16"><span class='ocrx_word' id='word_1_277' title='bbox 115 2022 128 2043; x_wconf 46' lang='lat' dir='ltr'>x</span> <span class='ocrx_word' id='word_1_278' title='bbox 163 1991 246 2059; x_wconf 74' lang='lat' dir='ltr'><strong><em>buqus</em></strong></span> <span class='ocrx_word' id='word_1_279' title='bbox 262 1995 286 2045; x_wconf 89' lang='lat' dir='ltr'><strong><em>et</em></strong></span> <span class='ocrx_word' id='word_1_280' title='bbox 304 1991 423 2045; x_wconf 90' lang='lat' dir='ltr'><strong><em>miseria.</em></strong></span> <span class='ocrx_word' id='word_1_281' title='bbox 439 1989 509 2043; x_wconf 90' lang='lat' dir='ltr'><strong><em>Cum</em></strong></span> <span class='ocrx_word' id='word_1_282' title='bbox 524 1989 577 2043; x_wconf 89' lang='lat' dir='ltr'><strong><em>bec</em></strong></span> <span class='ocrx_word' id='word_1_283' title='bbox 591 1987 676 2042; x_wconf 86' lang='lat' dir='ltr'><strong><em>verba</em></strong></span> <span class='ocrx_word' id='word_1_284' title='bbox 699 1986 851 2059; x_wconf 89' lang='lat' dir='ltr'><strong><em>prudentis</em></strong></span> <span class='ocrx_word' id='word_1_285' title='bbox 884 1987 1009 2058; x_wconf 88' lang='lat' dir='ltr'><strong><em>impera·</em></strong></span> <span class='ocrx_word' id='word_1_286' title='bbox 1065 1990 1142 2058; x_wconf 77' lang='lat' dir='ltr'><strong><em>osred</em></strong></span> <span class='ocrx_word' id='word_1_287' title='bbox 1160 1991 1186 2044; x_wconf 90' lang='lat' dir='ltr'><strong><em>si</em></strong></span> <span class='ocrx_word' id='word_1_288' title='bbox 1205 1989 1280 2044; x_wconf 86' lang='lat' dir='ltr'><strong><em>uobis</em></strong></span> <span class='ocrx_word' id='word_1_289' title='bbox 1304 1990 1374 2044; x_wconf 79' lang='lat' dir='ltr'><strong><em>milri</em></strong></span> <span class='ocrx_word' id='word_1_290' title='bbox 1396 1989 1570 2059; x_wconf 85' lang='lat' dir='ltr'><strong><em>parcentibus</em></strong></span> <span class='ocrx_word' id='word_1_291' title='bbox 1603 1988 1640 2044; x_wconf 88' lang='lat' dir='ltr'><strong><em>cd</em></strong></span> <span class='ocrx_word' id='word_1_292' title='bbox 1666 2002 1775 2059; x_wconf 64' lang='lat' dir='ltr'><strong><em>masan</em></strong></span> <span class='ocrx_word' id='word_1_293' title='bbox 1809 2002 1911 2041; x_wconf 79' lang='lat' dir='ltr'><strong><em>evasae</em></strong></span> 
     </span>
     <span class='ocr_line' id='line_1_21' title="bbox 162 2073 1909 2149; baseline -0.005 -15"><span class='ocrx_word' id='word_1_294' title='bbox 162 2079 240 2136; x_wconf 85' lang='lat' dir='ltr'><strong><em>tricis</em></strong></span> <span class='ocrx_word' id='word_1_295' title='bbox 260 2079 369 2149; x_wconf 89' lang='lat' dir='ltr'><strong><em>optime</em></strong></span> <span class='ocrx_word' id='word_1_296' title='bbox 387 2077 532 2147; x_wconf 78' lang='lat' dir='ltr'><strong><em>placerent</em></strong></span> <span class='ocrx_word' id='word_1_297' title='bbox 560 2075 590 2128; x_wconf 92' lang='lat' dir='ltr'><strong><em>in</em></strong></span> <span class='ocrx_word' id='word_1_298' title='bbox 618 2079 774 2145; x_wconf 89' lang='lat' dir='ltr'><strong><em>conspectu</em></strong></span> <span class='ocrx_word' id='word_1_299' title='bbox 799 2073 948 2146; x_wconf 89' lang='lat' dir='ltr'><strong><em>principis,</em></strong></span> <span class='ocrx_word' id='word_1_300' title='bbox 974 2073 1008 2128; x_wconf 94' lang='lat' dir='ltr'><strong><em>ad</em></strong></span> <span class='ocrx_word' id='word_1_301' title='bbox 1062 2079 1208 2149; x_wconf 74' lang='lat' dir='ltr'><strong><em>judiciam,</em></strong></span> <span class='ocrx_word' id='word_1_302' title='bbox 1233 2078 1280 2133; x_wconf 79' lang='lat' dir='ltr'><strong><em>sed</em></strong></span> <span class='ocrx_word' id='word_1_303' title='bbox 1304 2094 1357 2132; x_wconf 87' lang='lat' dir='ltr'><strong><em>nan</em></strong></span> <span class='ocrx_word' id='word_1_304' title='bbox 1386 2078 1512 2144; x_wconf 79' lang='lat' dir='ltr'><strong><em>eandam,</em></strong></span> <span class='ocrx_word' id='word_1_305' title='bbox 1532 2077 1605 2146; x_wconf 85' lang='lat' dir='ltr'><strong><em>quad</em></strong></span> <span class='ocrx_word' id='word_1_306' title='bbox 1632 2078 1760 2131; x_wconf 69' lang='lat' dir='ltr'><strong><em>hammus</em></strong></span> <span class='ocrx_word' id='word_1_307' title='bbox 1789 2078 1909 2129; x_wconf 80' lang='lat' dir='ltr'><strong><em>innocens</em></strong></span> 
     </span>
     <span class='ocr_line' id='line_1_22' title="bbox 161 2163 1910 2238; baseline -0.002 -16"><span class='ocrx_word' id='word_1_308' title='bbox 161 2168 251 2238; x_wconf 88' lang='lat' dir='ltr'><strong><em>ipsius</em></strong></span> <span class='ocrx_word' id='word_1_309' title='bbox 275 2165 430 2236; x_wconf 88' lang='lat' dir='ltr'><strong><em>imperium</em></strong></span> <span class='ocrx_word' id='word_1_310' title='bbox 456 2164 599 2236; x_wconf 88' lang='lat' dir='ltr'><strong><em>principes</em></strong></span> <span class='ocrx_word' id='word_1_311' title='bbox 618 2168 815 2219; x_wconf 88' lang='lat' dir='ltr'><strong><em>convenerunt</em></strong></span> <span class='ocrx_word' id='word_1_312' title='bbox 844 2163 875 2218; x_wconf 89' lang='lat' dir='ltr'><strong><em>iu</em></strong></span> <span class='ocrx_word' id='word_1_313' title='bbox 907 2179 1008 2218; x_wconf 90' lang='lat' dir='ltr'><strong><em>unam.</em></strong></span> <span class='ocrx_word' id='word_1_314' title='bbox 1063 2169 1184 2223; x_wconf 76' lang='lat' dir='ltr'><strong><em>sustinui</em></strong></span> <span class='ocrx_word' id='word_1_315' title='bbox 1202 2169 1360 2221; x_wconf 83' lang='lat' dir='ltr'><strong><em>convicium.</em></strong></span> <span class='ocrx_word' id='word_1_316' title='bbox 1399 2166 1571 2235; x_wconf 83' lang='lat' dir='ltr'><strong><em>Quapropter</em></strong></span> <span class='ocrx_word' id='word_1_317' title='bbox 1599 2178 1704 2219; x_wconf 87' lang='lat' dir='ltr'><strong><em>necesse</em></strong></span> <span class='ocrx_word' id='word_1_318' title='bbox 1727 2169 1778 2231; x_wconf 83' lang='lat' dir='ltr'><strong><em>ast,</em></strong></span> <span class='ocrx_word' id='word_1_319' title='bbox 1815 2171 1846 2218; x_wconf 88' lang='lat' dir='ltr'><strong><em>ul</em></strong></span> <span class='ocrx_word' id='word_1_320' title='bbox 1868 2165 1910 2217; x_wconf 83' lang='lat' dir='ltr'><strong><em>bac</em></strong></span> 
     </span>
     <span class='ocr_line' id='line_1_23' title="bbox 164 2252 1909 2325; baseline -0.004 -13"><span class='ocrx_word' id='word_1_321' title='bbox 164 2255 273 2322; x_wconf 77' lang='lat' dir='ltr'><strong><em>ouibus</em></strong></span> <span class='ocrx_word' id='word_1_322' title='bbox 288 2270 353 2310; x_wconf 89' lang='lat' dir='ltr'><strong><em>cum</em></strong></span> <span class='ocrx_word' id='word_1_323' title='bbox 373 2254 546 2325; x_wconf 81' lang='lat' dir='ltr'><strong><em>imperatore</em></strong></span> <span class='ocrx_word' id='word_1_324' title='bbox 575 2252 741 2308; x_wconf 89' lang='lat' dir='ltr'><strong><em>sedentibus</em></strong></span> <span class='ocrx_word' id='word_1_325' title='bbox 768 2252 798 2306; x_wconf 92' lang='lat' dir='ltr'><strong><em>in</em></strong></span> <span class='ocrx_word' id='word_1_326' title='bbox 825 2252 1010 2322; x_wconf 65' lang='lat' dir='ltr'><strong><em>judiciuin·</em></strong></span> <span class='ocrx_word' id='word_1_327' title='bbox 1064 2256 1198 2320; x_wconf 84' lang='lat' dir='ltr'><strong><em>eaamine,</em></strong></span> <span class='ocrx_word' id='word_1_328' title='bbox 1229 2255 1290 2309; x_wconf 89' lang='lat' dir='ltr'><strong><em>licet</em></strong></span> <span class='ocrx_word' id='word_1_329' title='bbox 1311 2256 1347 2309; x_wconf 91' lang='lat' dir='ltr'><strong><em>sit</em></strong></span> <span class='ocrx_word' id='word_1_330' title='bbox 1362 2254 1492 2320; x_wconf 75' lang='lat' dir='ltr'><strong><em>terribile,</em></strong></span> <span class='ocrx_word' id='word_1_331' title='bbox 1513 2270 1555 2309; x_wconf 89' lang='lat' dir='ltr'><strong><em>me</em></strong></span> <span class='ocrx_word' id='word_1_332' title='bbox 1572 2253 1716 2308; x_wconf 77' lang='lat' dir='ltr'><strong><em>accelmm</em></strong></span> <span class='ocrx_word' id='word_1_333' title='bbox 1747 2268 1909 2322; x_wconf 78' lang='lat' dir='ltr'><strong><em>eapurpare,</em></strong></span> 
     </span>
     <span class='ocr_line' id='line_1_24' title="bbox 160 2340 1912 2413; baseline -0.002 -14"><span class='ocrx_word' id='word_1_334' title='bbox 160 2345 247 2401; x_wconf 86' lang='lat' dir='ltr'><strong><em>travit</em></strong></span> <span class='ocrx_word' id='word_1_335' title='bbox 276 2341 446 2413; x_wconf 79' lang='lat' dir='ltr'><strong><em>imperatrix</em></strong></span> <span class='ocrx_word' id='word_1_336' title='bbox 462 2340 665 2412; x_wconf 85' lang='lat' dir='ltr'><strong><em>imperterrita,</em></strong></span> <span class='ocrx_word' id='word_1_337' title='bbox 692 2345 720 2395; x_wconf 89' lang='lat' dir='ltr'><strong><em>et</em></strong></span> <span class='ocrx_word' id='word_1_338' title='bbox 734 2357 815 2396; x_wconf 87' lang='lat' dir='ltr'><strong><em>secus</em></strong></span> <span class='ocrx_word' id='word_1_339' title='bbox 831 2340 919 2412; x_wconf 87' lang='lat' dir='ltr'><strong><em>pedes</em></strong></span> <span class='ocrx_word' id='word_1_340' title='bbox 941 2342 1009 2396; x_wconf 90' lang='lat' dir='ltr'><strong><em>olim</em></strong></span> <span class='ocrx_word' id='word_1_341' title='bbox 1064 2344 1158 2410; x_wconf 81' lang='lat' dir='ltr'><strong><em>alliis,</em></strong></span> <span class='ocrx_word' id='word_1_342' title='bbox 1175 2344 1224 2412; x_wconf 91' lang='lat' dir='ltr'><strong><em>qui</em></strong></span> <span class='ocrx_word' id='word_1_343' title='bbox 1238 2343 1367 2397; x_wconf 78' lang='lat' dir='ltr'><strong><em>hactenus</em></strong></span> <span class='ocrx_word' id='word_1_344' title='bbox 1383 2344 1452 2397; x_wconf 79' lang='lat' dir='ltr'><strong><em>mita</em></strong></span> <span class='ocrx_word' id='word_1_345' title='bbox 1465 2341 1652 2408; x_wconf 77' lang='lat' dir='ltr'><strong><em>detrahebant,</em></strong></span> <span class='ocrx_word' id='word_1_346' title='bbox 1676 2340 1737 2409; x_wconf 85' lang='lat' dir='ltr'><strong><em>jarn</em></strong></span> <span class='ocrx_word' id='word_1_347' title='bbox 1764 2340 1912 2396; x_wconf 88' lang='lat' dir='ltr'><strong><em>detaralia</em></strong></span> 
     </span>
     <span class='ocr_line' id='line_1_25' title="bbox 162 2428 1910 2501; baseline -0.004 -11"><span class='ocrx_word' id='word_1_348' title='bbox 162 2432 257 2490; x_wconf 86' lang='lat' dir='ltr'><strong><em>dilecti</em></strong></span> <span class='ocrx_word' id='word_1_349' title='bbox 278 2431 323 2486; x_wconf 89' lang='lat' dir='ltr'><strong><em>sni</em></strong></span> <span class='ocrx_word' id='word_1_350' title='bbox 338 2430 453 2496; x_wconf 86' lang='lat' dir='ltr'><strong><em>resedit,</em></strong></span> <span class='ocrx_word' id='word_1_351' title='bbox 481 2429 604 2501; x_wconf 90' lang='lat' dir='ltr'><strong><em>nigraet</em></strong></span> <span class='ocrx_word' id='word_1_352' title='bbox 619 2429 744 2483; x_wconf 80' lang='lat' dir='ltr'><strong><em>formose</em></strong></span> <span class='ocrx_word' id='word_1_353' title='bbox 767 2428 1008 2492; x_wconf 84' lang='lat' dir='ltr'><strong><em>illinierusalem,</em></strong></span> <span class='ocrx_word' id='word_1_354' title='bbox 1065 2429 1273 2499; x_wconf 77' lang='lat' dir='ltr'><strong><em>dedunequnde</em></strong></span> <span class='ocrx_word' id='word_1_355' title='bbox 1292 2431 1420 2500; x_wconf 89' lang='lat' dir='ltr'><strong><em>loquendi</em></strong></span> <span class='ocrx_word' id='word_1_356' title='bbox 1445 2433 1571 2486; x_wconf 87' lang='lat' dir='ltr'><strong><em>materia.</em></strong></span> <span class='ocrx_word' id='word_1_357' title='bbox 1602 2429 1649 2483; x_wconf 89' lang='lat' dir='ltr'><strong><em>llis</em></strong></span> <span class='ocrx_word' id='word_1_358' title='bbox 1677 2428 1770 2496; x_wconf 84' lang='lat' dir='ltr'><strong><em>dictis,</em></strong></span> <span class='ocrx_word' id='word_1_359' title='bbox 1797 2429 1910 2484; x_wconf 78' lang='lat' dir='ltr'><strong><em>inducis·</em></strong></span> 
     </span>
     <span class='ocr_line' id='line_1_26' title="bbox 162 2517 1909 2594; baseline -0.003 -16"><span class='ocrx_word' id='word_1_360' title='bbox 162 2522 246 2594; x_wconf 89' lang='lat' dir='ltr'><strong><em>nigra</em></strong></span> <span class='ocrx_word' id='word_1_361' title='bbox 271 2536 323 2592; x_wconf 90' lang='lat' dir='ltr'><strong><em>per</em></strong></span> <span class='ocrx_word' id='word_1_362' title='bbox 345 2518 505 2584; x_wconf 79' lang='lat' dir='ltr'><strong><em>infamiam,</em></strong></span> <span class='ocrx_word' id='word_1_363' title='bbox 533 2517 660 2573; x_wconf 83' lang='lat' dir='ltr'><strong><em>formosa</em></strong></span> <span class='ocrx_word' id='word_1_364' title='bbox 678 2533 732 2589; x_wconf 93' lang='lat' dir='ltr'><strong><em>per</em></strong></span> <span class='ocrx_word' id='word_1_365' title='bbox 757 2517 962 2583; x_wconf 89' lang='lat' dir='ltr'><strong><em>innocentiam,</em></strong></span> <span class='ocrx_word' id='word_1_366' title='bbox 983 2523 1012 2572; x_wconf 89' lang='lat' dir='ltr'><strong><em>et</em></strong></span> <span class='ocrx_word' id='word_1_367' title='bbox 1065 2520 1130 2576; x_wconf 90' lang='lat' dir='ltr'><strong><em>liter</em></strong></span> <span class='ocrx_word' id='word_1_368' title='bbox 1157 2517 1284 2586; x_wconf 87' lang='lat' dir='ltr'><strong><em>accessit,</em></strong></span> <span class='ocrx_word' id='word_1_369' title='bbox 1317 2523 1347 2573; x_wconf 91' lang='lat' dir='ltr'><strong><em>et</em></strong></span> <span class='ocrx_word' id='word_1_370' title='bbox 1370 2520 1487 2574; x_wconf 81' lang='lat' dir='ltr'><strong><em>elevatis</em></strong></span> <span class='ocrx_word' id='word_1_371' title='bbox 1517 2518 1606 2574; x_wconf 89' lang='lat' dir='ltr'><strong><em>oculis</em></strong></span> <span class='ocrx_word' id='word_1_372' title='bbox 1627 2517 1777 2579; x_wconf 87' lang='lat' dir='ltr'><strong><em>inceium.</em></strong></span> <span class='ocrx_word' id='word_1_373' title='bbox 1819 2518 1909 2572; x_wconf 86' lang='lat' dir='ltr'><strong><em>dixit:</em></strong></span> 
     </span>
     <span class='ocr_line' id='line_1_27' title="bbox 160 2605 1912 2684; baseline -0.003 -18"><span class='ocrx_word' id='word_1_374' title='bbox 160 2628 213 2684; x_wconf 88' lang='lat' dir='ltr'><strong><em>per</em></strong></span> <span class='ocrx_word' id='word_1_375' title='bbox 237 2611 292 2665; x_wconf 90' lang='lat' dir='ltr'><strong><em>hoc</em></strong></span> <span class='ocrx_word' id='word_1_376' title='bbox 317 2623 416 2663; x_wconf 84' lang='lat' dir='ltr'><strong><em>revera</em></strong></span> <span class='ocrx_word' id='word_1_377' title='bbox 438 2606 497 2662; x_wconf 88' lang='lat' dir='ltr'><strong><em>filia</em></strong></span> <span class='ocrx_word' id='word_1_378' title='bbox 512 2606 682 2674; x_wconf 83' lang='lat' dir='ltr'><strong><em>ierusalem,</em></strong></span> <span class='ocrx_word' id='word_1_379' title='bbox 700 2622 755 2677; x_wconf 89' lang='lat' dir='ltr'><strong><em>que</em></strong></span> <span class='ocrx_word' id='word_1_380' title='bbox 784 2611 877 2660; x_wconf 85' lang='lat' dir='ltr'><strong><em>semel</em></strong></span> <span class='ocrx_word' id='word_1_381' title='bbox 907 2605 1009 2677; x_wconf 88' lang='lat' dir='ltr'><strong><em>ipsam,</em></strong></span> <span class='ocrx_word' id='word_1_382' title='bbox 1065 2610 1184 2676; x_wconf 81' lang='lat' dir='ltr'><strong><em>Domine,</em></strong></span> <span class='ocrx_word' id='word_1_383' title='bbox 1213 2606 1323 2676; x_wconf 78' lang='lat' dir='ltr'><strong><em>adiutor</em></strong></span> <span class='ocrx_word' id='word_1_384' title='bbox 1346 2613 1371 2662; x_wconf 92' lang='lat' dir='ltr'><strong><em>et</em></strong></span> <span class='ocrx_word' id='word_1_385' title='bbox 1401 2613 1536 2679; x_wconf 87' lang='lat' dir='ltr'><strong><em>protector</em></strong></span> <span class='ocrx_word' id='word_1_386' title='bbox 1565 2620 1639 2661; x_wconf 89' lang='lat' dir='ltr'><strong><em>meus</em></strong></span> <span class='ocrx_word' id='word_1_387' title='bbox 1674 2621 1707 2659; x_wconf 91' lang='lat' dir='ltr'><strong><em>ne</em></strong></span> <span class='ocrx_word' id='word_1_388' title='bbox 1740 2605 1912 2675; x_wconf 86' lang='lat' dir='ltr'><strong><em>derelinquas</em></strong></span> 
     </span>
    </p>

    <p class='ocr_par' dir='ltr' id='par_1_6' title="bbox 45 2691 1914 3034">
     <span class='ocr_line' id='line_1_28' title="bbox 45 2691 1914 2767; baseline -0.004 -14"><span class='ocrx_word' id='word_1_389' title='bbox 45 2694 47 2701; x_wconf 76' lang='grc'>’</span> <span class='ocrx_word' id='word_1_390' title='bbox 160 2697 211 2753; x_wconf 89' lang='lat' dir='ltr'><strong><em>sed</em></strong></span> <span class='ocrx_word' id='word_1_391' title='bbox 230 2700 259 2752; x_wconf 92' lang='lat' dir='ltr'><strong><em>et</em></strong></span> <span class='ocrx_word' id='word_1_392' title='bbox 282 2712 407 2762; x_wconf 88' lang='lat' dir='ltr'><strong><em>causam,</em></strong></span> <span class='ocrx_word' id='word_1_393' title='bbox 423 2711 504 2749; x_wconf 89' lang='lat' dir='ltr'><strong><em>snam</em></strong></span> <span class='ocrx_word' id='word_1_394' title='bbox 521 2694 838 2750; x_wconf 86' lang='lat' dir='ltr'><strong><em>divinecommcndavit</em></strong></span> <span class='ocrx_word' id='word_1_395' title='bbox 858 2694 1010 2765; x_wconf 85' lang='lat' dir='ltr'><strong><em>providen-</em></strong></span> <span class='ocrx_word' id='word_1_396' title='bbox 1064 2713 1119 2767; x_wconf 82' lang='lat' dir='ltr'><strong><em>ma;</em></strong></span> <span class='ocrx_word' id='word_1_397' title='bbox 1144 2696 1257 2761; x_wconf 67' lang='lat' dir='ltr'><strong><em>festina,</em></strong></span> <span class='ocrx_word' id='word_1_398' title='bbox 1285 2696 1407 2764; x_wconf 81' lang='lat' dir='ltr'><strong><em>Domine,</em></strong></span> <span class='ocrx_word' id='word_1_399' title='bbox 1431 2711 1464 2751; x_wconf 89' lang='lat' dir='ltr'><strong><em>ne</em></strong></span> <span class='ocrx_word' id='word_1_400' title='bbox 1489 2694 1655 2757; x_wconf 78' lang='lat' dir='ltr'><strong><em>tardaveris,</em></strong></span> <span class='ocrx_word' id='word_1_401' title='bbox 1684 2691 1732 2746; x_wconf 89' lang='lat' dir='ltr'><strong><em>sed</em></strong></span> <span class='ocrx_word' id='word_1_402' title='bbox 1755 2694 1914 2763; x_wconf 86' lang='lat' dir='ltr'><strong><em>inpresenti</em></strong></span> 
     </span>
     <span class='ocr_line' id='line_1_29' title="bbox 159 2781 1913 2856; baseline -0.002 -16"><span class='ocrx_word' id='word_1_403' title='bbox 159 2786 209 2842; x_wconf 84' lang='lat' dir='ltr'><strong><em>tie.</em></strong></span> <span class='ocrx_word' id='word_1_404' title='bbox 241 2786 320 2840; x_wconf 89' lang='lat' dir='ltr'><strong><em>Tunc</em></strong></span> <span class='ocrx_word' id='word_1_405' title='bbox 346 2785 521 2856; x_wconf 87' lang='lat' dir='ltr'><strong><em>proloquens</em></strong></span> <span class='ocrx_word' id='word_1_406' title='bbox 548 2799 598 2838; x_wconf 84' lang='lat' dir='ltr'><strong><em>rer</em></strong></span> <span class='ocrx_word' id='word_1_407' title='bbox 627 2799 696 2839; x_wconf 82' lang='lat' dir='ltr'><strong><em>voce</em></strong></span> <span class='ocrx_word' id='word_1_408' title='bbox 722 2783 891 2838; x_wconf 83' lang='lat' dir='ltr'><strong><em>lacrimabili</em></strong></span> <span class='ocrx_word' id='word_1_409' title='bbox 936 2783 1012 2838; x_wconf 79' lang='lat' dir='ltr'><strong><em>dixit</em></strong></span> <span class='ocrx_word' id='word_1_410' title='bbox 1065 2784 1240 2841; x_wconf 82' lang='lat' dir='ltr'><strong><em>tribulatione</em></strong></span> <span class='ocrx_word' id='word_1_411' title='bbox 1262 2782 1376 2837; x_wconf 89' lang='lat' dir='ltr'><strong><em>subucni</em></strong></span> <span class='ocrx_word' id='word_1_412' title='bbox 1402 2786 1499 2839; x_wconf 75' lang='lat' dir='ltr'><strong><em>anullo</em></strong></span> <span class='ocrx_word' id='word_1_413' title='bbox 1532 2788 1585 2837; x_wconf 89' lang='lat' dir='ltr'><strong><em>tae.</em></strong></span> <span class='ocrx_word' id='word_1_414' title='bbox 1610 2782 1656 2848; x_wconf 76' lang='lat' dir='ltr'><strong><em>Te,</em></strong></span> <span class='ocrx_word' id='word_1_415' title='bbox 1686 2781 1812 2846; x_wconf 86' lang='lat' dir='ltr'><strong><em>Domine,</em></strong></span> <span class='ocrx_word' id='word_1_416' title='bbox 1837 2783 1913 2842; x_wconf 85' lang='lat' dir='ltr'><strong><em>auius</em></strong></span> 
     </span>
     <span class='ocr_line' id='line_1_30' title="bbox 159 2871 1913 2946; baseline -0.003 -18"><span class='ocrx_word' id='word_1_417' title='bbox 159 2873 340 2946; x_wconf 88' lang='lat' dir='ltr'><strong><em>principibus</em></strong></span> <span class='ocrx_word' id='word_1_418' title='bbox 368 2871 509 2927; x_wconf 77' lang='lat' dir='ltr'><strong><em>universis</em></strong></span> <span class='ocrx_word' id='word_1_419' title='bbox 526 2872 571 2927; x_wconf 91' lang='lat'><strong><em>:0</em></strong></span> <span class='ocrx_word' id='word_1_420' title='bbox 592 2871 686 2926; x_wconf 85' lang='lat' dir='ltr'><strong><em>dilecti</em></strong></span> <span class='ocrx_word' id='word_1_421' title='bbox 707 2874 760 2926; x_wconf 88' lang='lat' dir='ltr'><strong><em>mei</em></strong></span> <span class='ocrx_word' id='word_1_422' title='bbox 792 2873 931 2941; x_wconf 85' lang='lat' dir='ltr'><strong><em>principes</em></strong></span> <span class='ocrx_word' id='word_1_423' title='bbox 952 2872 1010 2938; x_wconf 87' lang='lat' dir='ltr'><strong><em>qlo·</em></strong></span> <span class='ocrx_word' id='word_1_424' title='bbox 1065 2878 1149 2932; x_wconf 73' lang='lat' dir='ltr'><strong><em>aculis</em></strong></span> <span class='ocrx_word' id='word_1_425' title='bbox 1163 2875 1277 2930; x_wconf 73' lang='lat' dir='ltr'><strong><em>ananei</em></strong></span> <span class='ocrx_word' id='word_1_426' title='bbox 1292 2878 1389 2944; x_wconf 81' lang='lat' dir='ltr'><strong><em>aperta</em></strong></span> <span class='ocrx_word' id='word_1_427' title='bbox 1414 2876 1479 2927; x_wconf 86' lang='lat' dir='ltr'><strong><em>suni</em></strong></span> <span class='ocrx_word' id='word_1_428' title='bbox 1504 2873 1605 2937; x_wconf 90' lang='lat' dir='ltr'><strong><em>omnia,</em></strong></span> <span class='ocrx_word' id='word_1_429' title='bbox 1649 2873 1684 2934; x_wconf 91' lang='lat' dir='ltr'><strong><em>te,</em></strong></span> <span class='ocrx_word' id='word_1_430' title='bbox 1708 2871 1834 2938; x_wconf 89' lang='lat' dir='ltr'><strong><em>inquam,</em></strong></span> <span class='ocrx_word' id='word_1_431' title='bbox 1864 2871 1913 2925; x_wconf 77' lang='lat' dir='ltr'><strong><em>lle</em></strong></span> 
     </span>
     <span class='ocr_line' id='line_1_31' title="bbox 161 2959 1912 3034; baseline -0.003 -16"><span class='ocrx_word' id='word_1_432' title='bbox 161 2964 239 3028; x_wconf 83' lang='lat' dir='ltr'><strong><em>riori,</em></strong></span> <span class='ocrx_word' id='word_1_433' title='bbox 267 2963 361 3016; x_wconf 88' lang='lat' dir='ltr'><strong><em>estimo</em></strong></span> <span class='ocrx_word' id='word_1_434' title='bbox 384 2961 467 3029; x_wconf 88' lang='lat' dir='ltr'><strong><em>plane</em></strong></span> <span class='ocrx_word' id='word_1_435' title='bbox 493 2975 665 3030; x_wconf 90' lang='lat' dir='ltr'><strong><em>nequaquam</em></strong></span> <span class='ocrx_word' id='word_1_436' title='bbox 696 2959 865 3015; x_wconf 87' lang='lat' dir='ltr'><strong><em>nobilitatem</em></strong></span> <span class='ocrx_word' id='word_1_437' title='bbox 891 2965 1008 3014; x_wconf 77' lang='lat' dir='ltr'><strong><em>aesinam</em></strong></span> <span class='ocrx_word' id='word_1_438' title='bbox 1026 2961 1046 3017; x_wconf 82' lang='lat' dir='ltr'>C</span> <span class='ocrx_word' id='word_1_439' title='bbox 1066 2967 1146 3034; x_wconf 74' lang='lat' dir='ltr'><strong><em>nune,</em></strong></span> <span class='ocrx_word' id='word_1_440' title='bbox 1164 2971 1256 3020; x_wconf 88' lang='lat' dir='ltr'><strong><em>testem</em></strong></span> <span class='ocrx_word' id='word_1_441' title='bbox 1279 2964 1358 3019; x_wconf 85' lang='lat' dir='ltr'><strong><em>bodie</em></strong></span> <span class='ocrx_word' id='word_1_442' title='bbox 1379 2964 1482 3028; x_wconf 85' lang='lat' dir='ltr'><strong><em>invoco,</em></strong></span> <span class='ocrx_word' id='word_1_443' title='bbox 1509 2965 1576 3031; x_wconf 89' lang='lat' dir='ltr'><strong><em>quia</em></strong></span> <span class='ocrx_word' id='word_1_444' title='bbox 1599 2976 1647 3016; x_wconf 89' lang='lat' dir='ltr'><strong><em>nea</em></strong></span> <span class='ocrx_word' id='word_1_445' title='bbox 1666 2960 1736 3014; x_wconf 83' lang='lat' dir='ltr'><strong><em>buna</em></strong></span> <span class='ocrx_word' id='word_1_446' title='bbox 1762 2964 1912 3030; x_wconf 77' lang='lat' dir='ltr'><strong><em>presentem</em></strong></span> 
     </span>
    </p>

    <p class='ocr_par' dir='ltr' id='par_1_7' title="bbox 94 3047 1913 3914">
     <span class='ocr_line' id='line_1_32' title="bbox 94 3047 1910 3123; baseline 0.002 -25"><span class='ocrx_word' id='word_1_447' title='bbox 94 3082 102 3098; x_wconf 50' lang='grc' dir='ltr'><em>Ι</em></span> <span class='ocrx_word' id='word_1_448' title='bbox 161 3048 338 3118; x_wconf 88' lang='lat' dir='ltr'><strong><em>latere,quod</em></strong></span> <span class='ocrx_word' id='word_1_449' title='bbox 359 3063 409 3117; x_wconf 89' lang='lat' dir='ltr'><strong><em>per</em></strong></span> <span class='ocrx_word' id='word_1_450' title='bbox 422 3047 479 3101; x_wconf 89' lang='lat' dir='ltr'><strong><em>dies</em></strong></span> <span class='ocrx_word' id='word_1_451' title='bbox 505 3049 611 3118; x_wconf 86' lang='lat' dir='ltr'><strong><em>aliquot</em></strong></span> <span class='ocrx_word' id='word_1_452' title='bbox 626 3049 746 3102; x_wconf 91' lang='lat' dir='ltr'><strong><em>sustinui</em></strong></span> <span class='ocrx_word' id='word_1_453' title='bbox 777 3048 961 3118; x_wconf 80' lang='lat' dir='ltr'><strong><em>obprobrium,</em></strong></span> <span class='ocrx_word' id='word_1_454' title='bbox 984 3057 1010 3105; x_wconf 91' lang='lat' dir='ltr'><strong><em>et</em></strong></span> <span class='ocrx_word' id='word_1_455' title='bbox 1064 3055 1230 3119; x_wconf 87' lang='lat' dir='ltr'><strong><em>lleinricum,</em></strong></span> <span class='ocrx_word' id='word_1_456' title='bbox 1255 3068 1302 3108; x_wconf 87' lang='lat' dir='ltr'><strong><em>nec</em></strong></span> <span class='ocrx_word' id='word_1_457' title='bbox 1328 3065 1491 3123; x_wconf 86' lang='lat' dir='ltr'><strong><em>quemquam</em></strong></span> <span class='ocrx_word' id='word_1_458' title='bbox 1505 3052 1695 3108; x_wconf 87' lang='lat' dir='ltr'><strong><em>uirumalium</em></strong></span> <span class='ocrx_word' id='word_1_459' title='bbox 1718 3050 1827 3105; x_wconf 85' lang='lat' dir='ltr'><strong><em>carnali</em></strong></span> <span class='ocrx_word' id='word_1_460' title='bbox 1843 3063 1910 3103; x_wconf 86' lang='lat' dir='ltr'><strong><em>corn-</em></strong></span> 
     </span>
     <span class='ocr_line' id='line_1_33' title="bbox 161 3136 1910 3210; baseline -0.001 -17"><span class='ocrx_word' id='word_1_461' title='bbox 161 3140 268 3209; x_wconf 89' lang='lat' dir='ltr'><strong><em>operuit</em></strong></span> <span class='ocrx_word' id='word_1_462' title='bbox 286 3137 408 3202; x_wconf 71' lang='lat' dir='ltr'><strong><em>confusio</em></strong></span> <span class='ocrx_word' id='word_1_463' title='bbox 431 3137 530 3202; x_wconf 74' lang='lat' dir='ltr'><strong><em>faciem</em></strong></span> <span class='ocrx_word' id='word_1_464' title='bbox 553 3150 649 3204; x_wconf 91' lang='lat' dir='ltr'><strong><em>meam,</em></strong></span> <span class='ocrx_word' id='word_1_465' title='bbox 670 3140 782 3206; x_wconf 90' lang='lat' dir='ltr'><strong><em>propter</em></strong></span> <span class='ocrx_word' id='word_1_466' title='bbox 805 3136 879 3205; x_wconf 93' lang='lat' dir='ltr'><strong><em>quod</em></strong></span> <span class='ocrx_word' id='word_1_467' title='bbox 895 3142 1008 3207; x_wconf 90' lang='lat' dir='ltr'><strong><em>potissi·</em></strong></span> <span class='ocrx_word' id='word_1_468' title='bbox 1063 3143 1161 3196; x_wconf 85' lang='lat' dir='ltr'><strong><em>marcio</em></strong></span> <span class='ocrx_word' id='word_1_469' title='bbox 1176 3144 1297 3210; x_wconf 84' lang='lat' dir='ltr'><strong><em>coqnoui.</em></strong></span> <span class='ocrx_word' id='word_1_470' title='bbox 1314 3140 1375 3205; x_wconf 80' lang='lat' dir='ltr'><strong><em>Quo</em></strong></span> <span class='ocrx_word' id='word_1_471' title='bbox 1389 3138 1497 3206; x_wconf 88' lang='lat' dir='ltr'><strong><em>audita,</em></strong></span> <span class='ocrx_word' id='word_1_472' title='bbox 1526 3155 1575 3194; x_wconf 85' lang='lat' dir='ltr'><strong><em>rex</em></strong></span> <span class='ocrx_word' id='word_1_473' title='bbox 1598 3138 1759 3205; x_wconf 84' lang='lat' dir='ltr'><strong><em>infremuit,</em></strong></span> <span class='ocrx_word' id='word_1_474' title='bbox 1779 3143 1910 3192; x_wconf 86' lang='lat' dir='ltr'><strong><em>elsecre·</em></strong></span> 
     </span>
     <span class='ocr_line' id='line_1_34' title="bbox 160 3223 1911 3300; baseline -0.002 -19"><span class='ocrx_word' id='word_1_475' title='bbox 160 3242 235 3282; x_wconf 87' lang='lat' dir='ltr'><strong><em>mum</em></strong></span> <span class='ocrx_word' id='word_1_476' title='bbox 261 3239 307 3280; x_wconf 87' lang='lat' dir='ltr'><strong><em>uos</em></strong></span> <span class='ocrx_word' id='word_1_477' title='bbox 323 3226 463 3280; x_wconf 88' lang='lat' dir='ltr'><strong><em>conuenire</em></strong></span> <span class='ocrx_word' id='word_1_478' title='bbox 488 3223 572 3289; x_wconf 89' lang='lat' dir='ltr'><strong><em>uolui,</em></strong></span> <span class='ocrx_word' id='word_1_479' title='bbox 602 3225 731 3292; x_wconf 87' lang='lat' dir='ltr'><strong><em>quatinus</em></strong></span> <span class='ocrx_word' id='word_1_480' title='bbox 754 3225 788 3279; x_wconf 90' lang='lat' dir='ltr'><strong><em>ab</em></strong></span> <span class='ocrx_word' id='word_1_481' title='bbox 808 3226 1009 3283; x_wconf 88' lang='lat' dir='ltr'><strong><em>immineniibus</em></strong></span> <span class='ocrx_word' id='word_1_482' title='bbox 1064 3233 1125 3285; x_wconf 92' lang='lat' dir='ltr'><strong><em>tum</em></strong></span> <span class='ocrx_word' id='word_1_483' title='bbox 1150 3247 1234 3284; x_wconf 78' lang='lat' dir='ltr'><strong><em>suarm</em></strong></span> <span class='ocrx_word' id='word_1_484' title='bbox 1263 3228 1349 3285; x_wconf 86' lang='lat' dir='ltr'><strong><em>celari</em></strong></span> <span class='ocrx_word' id='word_1_485' title='bbox 1363 3227 1492 3298; x_wconf 82' lang='lat' dir='ltr'><strong><em>cupiens,</em></strong></span> <span class='ocrx_word' id='word_1_486' title='bbox 1516 3232 1545 3281; x_wconf 89' lang='lat' dir='ltr'><strong><em>et</em></strong></span> <span class='ocrx_word' id='word_1_487' title='bbox 1573 3227 1637 3283; x_wconf 90' lang='lat' dir='ltr'><strong><em>ideo</em></strong></span> <span class='ocrx_word' id='word_1_488' title='bbox 1665 3225 1810 3300; x_wconf 88' lang='lat' dir='ltr'><strong><em>loquentis</em></strong></span> <span class='ocrx_word' id='word_1_489' title='bbox 1830 3223 1911 3296; x_wconf 87' lang='lat' dir='ltr'><strong><em>oppi-</em></strong></span> 
     </span>
     <span class='ocr_line' id='line_1_35' title="bbox 160 3301 1913 3390; baseline 0.001 -23"><span class='ocrx_word' id='word_1_490' title='bbox 160 3310 337 3368; x_wconf 89' lang='lat' dir='ltr'><strong><em>incommodis</em></strong></span> <span class='ocrx_word' id='word_1_491' title='bbox 365 3314 452 3365; x_wconf 82' lang='lat' dir='ltr'><strong><em>cestre</em></strong></span> <span class='ocrx_word' id='word_1_492' title='bbox 465 3310 609 3380; x_wconf 87' lang='lat' dir='ltr'><strong><em>prudentie</em></strong></span> <span class='ocrx_word' id='word_1_493' title='bbox 632 3313 747 3367; x_wconf 69' lang='lat' dir='ltr'><strong><em>&#39;consitio</em></strong></span> <span class='ocrx_word' id='word_1_494' title='bbox 764 3314 869 3368; x_wconf 91' lang='lat' dir='ltr'><strong><em>ualeam</em></strong></span> <span class='ocrx_word' id='word_1_495' title='bbox 894 3315 1007 3371; x_wconf 90' lang='lat' dir='ltr'><strong><em>absolui.</em></strong></span> <span class='ocrx_word' id='word_1_496' title='bbox 1042 3301 1123 3372; x_wconf 72' lang='lat' dir='ltr'><strong><em>&#39;lare</em></strong></span> <span class='ocrx_word' id='word_1_497' title='bbox 1150 3323 1294 3390; x_wconf 80' lang='lat' dir='ltr'><strong><em>satagens,</em></strong></span> <span class='ocrx_word' id='word_1_498' title='bbox 1316 3316 1451 3372; x_wconf 90' lang='lat' dir='ltr'><strong><em>atrociter</em></strong></span> <span class='ocrx_word' id='word_1_499' title='bbox 1483 3316 1662 3386; x_wconf 85' lang='lat' dir='ltr'><strong><em>compressit,</em></strong></span> <span class='ocrx_word' id='word_1_500' title='bbox 1692 3332 1724 3370; x_wconf 84' lang='lat' dir='ltr'><strong><em>ex</em></strong></span> <span class='ocrx_word' id='word_1_501' title='bbox 1753 3330 1812 3386; x_wconf 90' lang='lat' dir='ltr'><strong><em>quo</em></strong></span> <span class='ocrx_word' id='word_1_502' title='bbox 1839 3313 1913 3368; x_wconf 80' lang='lat' dir='ltr'><strong><em>linea</em></strong></span> 
     </span>
     <span class='ocr_line' id='line_1_36' title="bbox 160 3398 1911 3478; baseline 0 -23"><span class='ocrx_word' id='word_1_503' title='bbox 160 3401 237 3456; x_wconf 83' lang='lat' dir='ltr'><strong><em>liuns</em></strong></span> <span class='ocrx_word' id='word_1_504' title='bbox 246 3402 339 3468; x_wconf 90' lang='lat' dir='ltr'><strong><em>itaque</em></strong></span> <span class='ocrx_word' id='word_1_505' title='bbox 353 3414 371 3452; x_wconf 94' lang='lat' dir='ltr'><strong><em>a</em></strong></span> <span class='ocrx_word' id='word_1_506' title='bbox 386 3404 479 3454; x_wconf 88' lang='lat' dir='ltr'><strong><em>uestra</em></strong></span> <span class='ocrx_word' id='word_1_507' title='bbox 494 3398 635 3453; x_wconf 84' lang='lat' dir='ltr'><strong><em>dilectione</em></strong></span> <span class='ocrx_word' id='word_1_508' title='bbox 649 3402 769 3469; x_wconf 87' lang='lat' dir='ltr'><strong><em>requiro,</em></strong></span> <span class='ocrx_word' id='word_1_509' title='bbox 784 3404 894 3456; x_wconf 90' lang='lat' dir='ltr'><strong><em>cuinam</em></strong></span> <span class='ocrx_word' id='word_1_510' title='bbox 908 3409 1010 3458; x_wconf 87' lang='lat' dir='ltr'><strong><em>senten·</em></strong></span> <span class='ocrx_word' id='word_1_511' title='bbox 1064 3406 1172 3477; x_wconf 91' lang='lat' dir='ltr'><strong><em>copiosi</em></strong></span> <span class='ocrx_word' id='word_1_512' title='bbox 1197 3404 1347 3478; x_wconf 80' lang='lat' dir='ltr'><strong><em>sanguinis</em></strong></span> <span class='ocrx_word' id='word_1_513' title='bbox 1370 3403 1496 3471; x_wconf 85' lang='lat' dir='ltr'><strong><em>elllnxit;</em></strong></span> <span class='ocrx_word' id='word_1_514' title='bbox 1521 3421 1579 3475; x_wconf 91' lang='lat' dir='ltr'><strong><em>quo</em></strong></span> <span class='ocrx_word' id='word_1_515' title='bbox 1604 3404 1676 3467; x_wconf 87' lang='lat' dir='ltr'><strong><em>riso,</em></strong></span> <span class='ocrx_word' id='word_1_516' title='bbox 1694 3404 1855 3475; x_wconf 88' lang='lat' dir='ltr'><strong><em>imperator</em></strong></span> <span class='ocrx_word' id='word_1_517' title='bbox 1867 3418 1911 3455; x_wconf 89' lang='lat' dir='ltr'><strong><em>sn·</em></strong></span> 
     </span>
     <span class='ocr_line' id='line_1_37' title="bbox 162 3486 1911 3565; baseline 0 -22"><span class='ocrx_word' id='word_1_518' title='bbox 162 3490 198 3543; x_wconf 88' lang='lat' dir='ltr'><strong><em>tie</em></strong></span> <span class='ocrx_word' id='word_1_519' title='bbox 225 3487 460 3542; x_wconf 87' lang='lat' dir='ltr'><strong><em>matronadebeat</em></strong></span> <span class='ocrx_word' id='word_1_520' title='bbox 480 3486 629 3555; x_wconf 74' lang='lat' dir='ltr'><strong><em>subjacere,</em></strong></span> <span class='ocrx_word' id='word_1_521' title='bbox 654 3503 706 3557; x_wconf 90' lang='lat' dir='ltr'><strong><em>que</em></strong></span> <span class='ocrx_word' id='word_1_522' title='bbox 724 3493 873 3560; x_wconf 80' lang='lat' dir='ltr'><strong><em>emtempto</em></strong></span> <span class='ocrx_word' id='word_1_523' title='bbox 898 3492 1011 3560; x_wconf 77' lang='lat' dir='ltr'><strong><em>coniuqe</em></strong></span> <span class='ocrx_word' id='word_1_524' title='bbox 1064 3493 1297 3549; x_wconf 87' lang='lat' dir='ltr'><strong><em>bitaaeaductus</em></strong></span> <span class='ocrx_word' id='word_1_525' title='bbox 1320 3491 1491 3565; x_wconf 79' lang='lat' dir='ltr'><strong><em>penitentia,</em></strong></span> <span class='ocrx_word' id='word_1_526' title='bbox 1518 3490 1596 3548; x_wconf 87' lang='lat' dir='ltr'><strong><em>sserit</em></strong></span> <span class='ocrx_word' id='word_1_527' title='bbox 1623 3507 1731 3558; x_wconf 85' lang='lat' dir='ltr'><strong><em>amare,</em></strong></span> <span class='ocrx_word' id='word_1_528' title='bbox 1763 3495 1792 3546; x_wconf 88' lang='lat' dir='ltr'><strong><em>et</em></strong></span> <span class='ocrx_word' id='word_1_529' title='bbox 1819 3489 1911 3545; x_wconf 88' lang='lat' dir='ltr'><strong><em>doluit</em></strong></span> 
     </span>
     <span class='ocr_line' id='line_1_38' title="bbox 162 3575 1910 3656; baseline 0.001 -26"><span class='ocrx_word' id='word_1_530' title='bbox 162 3578 280 3645; x_wconf 85' lang='lat' dir='ltr'><strong><em>leqitimo</em></strong></span> <span class='ocrx_word' id='word_1_531' title='bbox 304 3577 388 3631; x_wconf 85' lang='lat' dir='ltr'><strong><em>aliurn</em></strong></span> <span class='ocrx_word' id='word_1_532' title='bbox 415 3576 441 3630; x_wconf 86' lang='lat' dir='ltr'><strong><em>ei</em></strong></span> <span class='ocrx_word' id='word_1_533' title='bbox 466 3575 646 3645; x_wconf 88' lang='lat' dir='ltr'><strong><em>superducere</em></strong></span> <span class='ocrx_word' id='word_1_534' title='bbox 671 3581 875 3647; x_wconf 86' lang='lat' dir='ltr'><strong><em>presumpserit.</em></strong></span> <span class='ocrx_word' id='word_1_535' title='bbox 897 3579 1010 3637; x_wconf 87' lang='lat' dir='ltr'><strong><em>Obsecro</em></strong></span> <span class='ocrx_word' id='word_1_536' title='bbox 1064 3598 1240 3653; x_wconf 89' lang='lat' dir='ltr'><strong><em>supeream,</em></strong></span> <span class='ocrx_word' id='word_1_537' title='bbox 1258 3582 1330 3636; x_wconf 84' lang='lat' dir='ltr'><strong><em>sicut</em></strong></span> <span class='ocrx_word' id='word_1_538' title='bbox 1349 3579 1440 3635; x_wconf 87' lang='lat' dir='ltr'><strong><em>doleri</em></strong></span> <span class='ocrx_word' id='word_1_539' title='bbox 1461 3580 1532 3634; x_wconf 90' lang='lat' dir='ltr'><strong><em>solet</em></strong></span> <span class='ocrx_word' id='word_1_540' title='bbox 1560 3580 1589 3635; x_wconf 89' lang='lat' dir='ltr'><strong><em>in</em></strong></span> <span class='ocrx_word' id='word_1_541' title='bbox 1606 3584 1699 3635; x_wconf 91' lang='lat' dir='ltr'><strong><em>morte</em></strong></span> <span class='ocrx_word' id='word_1_542' title='bbox 1715 3575 1910 3656; x_wconf 77' lang='lat' dir='ltr'><strong><em>primogeniti.</em></strong></span> 
     </span>
     <span class='ocr_line' id='line_1_39' title="bbox 160 3664 1911 3739; baseline -0.001 -18"><span class='ocrx_word' id='word_1_543' title='bbox 160 3680 223 3733; x_wconf 76' lang='lat' dir='ltr'><strong><em>erqo</em></strong></span> <span class='ocrx_word' id='word_1_544' title='bbox 237 3664 438 3720; x_wconf 88' lang='lat' dir='ltr'><strong><em>etobseerando</em></strong></span> <span class='ocrx_word' id='word_1_545' title='bbox 458 3666 591 3734; x_wconf 84' lang='lat' dir='ltr'><strong><em>precipio,</em></strong></span> <span class='ocrx_word' id='word_1_546' title='bbox 607 3669 637 3719; x_wconf 91' lang='lat' dir='ltr'><strong><em>ut</em></strong></span> <span class='ocrx_word' id='word_1_547' title='bbox 651 3664 721 3733; x_wconf 83' lang='lat' dir='ltr'><strong><em>leqes</em></strong></span> <span class='ocrx_word' id='word_1_548' title='bbox 748 3672 774 3722; x_wconf 90' lang='lat' dir='ltr'><strong><em>et</em></strong></span> <span class='ocrx_word' id='word_1_549' title='bbox 788 3667 895 3723; x_wconf 84' lang='lat' dir='ltr'><strong><em>decreta</em></strong></span> <span class='ocrx_word' id='word_1_550' title='bbox 919 3670 1010 3739; x_wconf 83' lang='lat' dir='ltr'><strong><em>majo-</em></strong></span> <span class='ocrx_word' id='word_1_551' title='bbox 1064 3672 1129 3726; x_wconf 78' lang='lat' dir='ltr'><strong><em>Erat</em></strong></span> <span class='ocrx_word' id='word_1_552' title='bbox 1154 3671 1232 3726; x_wconf 90' lang='lat' dir='ltr'><strong><em>anim</em></strong></span> <span class='ocrx_word' id='word_1_553' title='bbox 1247 3670 1396 3725; x_wconf 83' lang='lat' dir='ltr'><strong><em>fasciculus</em></strong></span> <span class='ocrx_word' id='word_1_554' title='bbox 1413 3669 1501 3723; x_wconf 90' lang='lat' dir='ltr'><strong><em>mirre</em></strong></span> <span class='ocrx_word' id='word_1_555' title='bbox 1523 3668 1626 3725; x_wconf 89' lang='lat' dir='ltr'><strong><em>dilecta</em></strong></span> <span class='ocrx_word' id='word_1_556' title='bbox 1651 3683 1704 3723; x_wconf 90' lang='lat' dir='ltr'><strong><em>sua</em></strong></span> <span class='ocrx_word' id='word_1_557' title='bbox 1728 3666 1794 3722; x_wconf 89' lang='lat' dir='ltr'><strong><em>sibi.</em></strong></span> <span class='ocrx_word' id='word_1_558' title='bbox 1825 3665 1911 3738; x_wconf 88' lang='lat' dir='ltr'><strong><em>igitar</em></strong></span> 
     </span>
     <span class='ocr_line' id='line_1_40' title="bbox 158 3752 1907 3830; baseline -0.001 -21"><span class='ocrx_word' id='word_1_559' title='bbox 158 3769 221 3809; x_wconf 90' lang='lat' dir='ltr'><strong><em>rum</em></strong></span> <span class='ocrx_word' id='word_1_560' title='bbox 244 3754 397 3818; x_wconf 85' lang='lat' dir='ltr'><strong><em>recolentes,</em></strong></span> <span class='ocrx_word' id='word_1_561' title='bbox 425 3756 510 3822; x_wconf 75' lang='lat' dir='ltr'><strong><em>praru</em></strong></span> <span class='ocrx_word' id='word_1_562' title='bbox 529 3753 641 3821; x_wconf 84' lang='lat' dir='ltr'><strong><em>justitia</em></strong></span> <span class='ocrx_word' id='word_1_563' title='bbox 668 3753 822 3820; x_wconf 85' lang='lat' dir='ltr'><strong><em>dictaverit,</em></strong></span> <span class='ocrx_word' id='word_1_564' title='bbox 850 3759 1010 3812; x_wconf 90' lang='lat' dir='ltr'><strong><em>sententiam</em></strong></span> <span class='ocrx_word' id='word_1_565' title='bbox 1063 3759 1125 3830; x_wconf 89' lang='lat' dir='ltr'><strong><em>ipse</em></strong></span> <span class='ocrx_word' id='word_1_566' title='bbox 1139 3758 1321 3814; x_wconf 86' lang='lat' dir='ltr'><strong><em>retrocedens</em></strong></span> <span class='ocrx_word' id='word_1_567' title='bbox 1340 3756 1447 3812; x_wconf 86' lang='lat' dir='ltr'><strong><em>exitum</em></strong></span> <span class='ocrx_word' id='word_1_568' title='bbox 1463 3755 1505 3811; x_wconf 91' lang='lat' dir='ltr'><strong><em>rei</em></strong></span> <span class='ocrx_word' id='word_1_569' title='bbox 1525 3756 1724 3828; x_wconf 88' lang='lat' dir='ltr'><strong><em>gemebundus</em></strong></span> <span class='ocrx_word' id='word_1_570' title='bbox 1744 3752 1907 3826; x_wconf 76' lang='lat' dir='ltr'><strong><em>expectavit.</em></strong></span> 
     </span>
     <span class='ocr_line' id='line_1_41' title="bbox 157 3841 1795 3914; baseline -0.001 -18"><span class='ocrx_word' id='word_1_571' title='bbox 157 3842 319 3911; x_wconf 68' lang='lat' dir='ltr'><strong><em>proferatis.</em></strong></span> <span class='ocrx_word' id='word_1_572' title='bbox 348 3841 525 3909; x_wconf 86' lang='lat' dir='ltr'><strong><em>llisauditis,</em></strong></span> <span class='ocrx_word' id='word_1_573' title='bbox 552 3846 611 3896; x_wconf 84' lang='lat' dir='ltr'><strong><em>lam</em></strong></span> <span class='ocrx_word' id='word_1_574' title='bbox 635 3841 780 3914; x_wconf 86' lang='lat' dir='ltr'><strong><em>principes</em></strong></span> <span class='ocrx_word' id='word_1_575' title='bbox 805 3858 893 3914; x_wconf 90' lang='lat' dir='ltr'><strong><em>quam</em></strong></span> <span class='ocrx_word' id='word_1_576' title='bbox 914 3845 1010 3900; x_wconf 89' lang='lat' dir='ltr'><strong><em>omnis</em></strong></span> <span class='ocrx_word' id='word_1_577' title='bbox 1102 3845 1134 3899; x_wconf 90' lang='lat' dir='ltr'><strong><em>ln</em></strong></span> <span class='ocrx_word' id='word_1_578' title='bbox 1151 3844 1356 3899; x_wconf 83' lang='lat' dir='ltr'><strong><em>Dominouero</em></strong></span> <span class='ocrx_word' id='word_1_579' title='bbox 1376 3841 1569 3913; x_wconf 86' lang='lat' dir='ltr'><strong><em>posuitspem</em></strong></span> <span class='ocrx_word' id='word_1_580' title='bbox 1580 3847 1677 3896; x_wconf 88' lang='lat' dir='ltr'><strong><em>sancte</em></strong></span> <span class='ocrx_word' id='word_1_581' title='bbox 1695 3841 1795 3912; x_wconf 80' lang='lat' dir='ltr'><strong><em>virago</em></strong></span> 
     </span>
    </p>

    <p class='ocr_par' dir='ltr' id='par_1_8' title="bbox 66 3916 1939 5597">
     <span class='ocr_line' id='line_1_42' title="bbox 66 3916 1904 4005; baseline -0.002 -22"><span class='ocrx_word' id='word_1_582' title='bbox 66 3916 74 3932; x_wconf 74' lang='lat'><em>⁰</em></span> <span class='ocrx_word' id='word_1_583' title='bbox 158 3928 207 3984; x_wconf 87' lang='lat' dir='ltr'><strong><em>illa</em></strong></span> <span class='ocrx_word' id='word_1_584' title='bbox 223 3929 373 3985; x_wconf 80' lang='lat' dir='ltr'><strong><em>advocatia</em></strong></span> <span class='ocrx_word' id='word_1_585' title='bbox 396 3929 528 3984; x_wconf 88' lang='lat' dir='ltr'><strong><em>lacrimas</em></strong></span> <span class='ocrx_word' id='word_1_586' title='bbox 543 3929 700 3984; x_wconf 74' lang='lat' dir='ltr'><strong><em>fundebanl</em></strong></span> <span class='ocrx_word' id='word_1_587' title='bbox 726 3931 898 3999; x_wconf 89' lang='lat' dir='ltr'><strong><em>uberrimas,</em></strong></span> <span class='ocrx_word' id='word_1_588' title='bbox 914 3932 1008 4005; x_wconf 85' lang='lat' dir='ltr'><strong><em>impe·</em></strong></span> <span class='ocrx_word' id='word_1_589' title='bbox 1099 3937 1191 4004; x_wconf 74' lang='lat' dir='ltr'><strong><em>Atque</em></strong></span> <span class='ocrx_word' id='word_1_590' title='bbox 1211 3948 1286 4004; x_wconf 85' lang='lat' dir='ltr'><strong><em>genu</em></strong></span> <span class='ocrx_word' id='word_1_591' title='bbox 1301 3930 1381 3986; x_wconf 84' lang='lat' dir='ltr'><strong><em>llerit</em></strong></span> <span class='ocrx_word' id='word_1_592' title='bbox 1395 3937 1587 4002; x_wconf 88' lang='lat' dir='ltr'><strong><em>repetensque</em></strong></span> <span class='ocrx_word' id='word_1_593' title='bbox 1616 3944 1729 4002; x_wconf 87' lang='lat' dir='ltr'><strong><em>precem</em></strong></span> <span class='ocrx_word' id='word_1_594' title='bbox 1745 3928 1795 3999; x_wconf 89' lang='lat' dir='ltr'><strong><em>pia</em></strong></span> <span class='ocrx_word' id='word_1_595' title='bbox 1819 3926 1904 3984; x_wconf 80' lang='lat' dir='ltr'><strong><em>dixit:</em></strong></span> 
     </span>
     <span class='ocr_line' id='line_1_43' title="bbox 159 4016 1835 4093; baseline -0.001 -21"><span class='ocrx_word' id='word_1_596' title='bbox 159 4017 257 4073; x_wconf 88' lang='lat' dir='ltr'><strong><em>retrici</em></strong></span> <span class='ocrx_word' id='word_1_597' title='bbox 282 4033 388 4089; x_wconf 89' lang='lat' dir='ltr'><strong><em>penam</em></strong></span> <span class='ocrx_word' id='word_1_598' title='bbox 418 4023 449 4072; x_wconf 90' lang='lat' dir='ltr'><strong><em>ut</em></strong></span> <span class='ocrx_word' id='word_1_599' title='bbox 477 4017 617 4089; x_wconf 90' lang='lat' dir='ltr'><strong><em>putabant</em></strong></span> <span class='ocrx_word' id='word_1_600' title='bbox 641 4033 760 4088; x_wconf 86' lang='lat' dir='ltr'><strong><em>pessare</em></strong></span> <span class='ocrx_word' id='word_1_601' title='bbox 789 4021 1008 4093; x_wconf 87' lang='lat' dir='ltr'><strong><em>compatientes,</em></strong></span> <span class='ocrx_word' id='word_1_602' title='bbox 1100 4021 1172 4091; x_wconf 83' lang='lat' dir='ltr'><strong><em>Rea,</em></strong></span> <span class='ocrx_word' id='word_1_603' title='bbox 1187 4021 1282 4090; x_wconf 72' lang='lat' dir='ltr'><strong><em>opilea</em></strong></span> <span class='ocrx_word' id='word_1_604' title='bbox 1296 4018 1403 4086; x_wconf 92' lang='lat' dir='ltr'><strong><em>mundi,</em></strong></span> <span class='ocrx_word' id='word_1_605' title='bbox 1415 4020 1547 4088; x_wconf 68' lang='lat' dir='ltr'><strong><em>ferapem</em></strong></span> <span class='ocrx_word' id='word_1_606' title='bbox 1560 4016 1835 4085; x_wconf 82' lang='lat' dir='ltr'><strong><em>misereCunequndi.</em></strong></span> 
     </span>
     <span class='ocr_line' id='line_1_44' title="bbox 160 4100 1936 4178; baseline 0.001 -19"><span class='ocrx_word' id='word_1_607' title='bbox 160 4121 247 4177; x_wconf 88' lang='lat' dir='ltr'><strong><em>qnam</em></strong></span> <span class='ocrx_word' id='word_1_608' title='bbox 273 4105 411 4161; x_wconf 88' lang='lat' dir='ltr'><strong><em>unimode</em></strong></span> <span class='ocrx_word' id='word_1_609' title='bbox 439 4105 700 4177; x_wconf 85' lang='lat' dir='ltr'><strong><em>virtutepredilam</em></strong></span> <span class='ocrx_word' id='word_1_610' title='bbox 726 4115 955 4178; x_wconf 87' lang='lat' dir='ltr'><strong><em>essennrerant;</em></strong></span> <span class='ocrx_word' id='word_1_611' title='bbox 981 4116 1010 4165; x_wconf 91' lang='lat' dir='ltr'><strong><em>et</em></strong></span> <span class='ocrx_word' id='word_1_612' title='bbox 1099 4109 1131 4163; x_wconf 83' lang='lat' dir='ltr'><strong><em>Et</em></strong></span> <span class='ocrx_word' id='word_1_613' title='bbox 1141 4124 1205 4162; x_wconf 87' lang='lat' dir='ltr'><strong><em>curn</em></strong></span> <span class='ocrx_word' id='word_1_614' title='bbox 1227 4112 1373 4178; x_wconf 88' lang='lat' dir='ltr'><strong><em>presentes</em></strong></span> <span class='ocrx_word' id='word_1_615' title='bbox 1384 4110 1542 4161; x_wconf 89' lang='lat' dir='ltr'><strong><em>tremerent</em></strong></span> <span class='ocrx_word' id='word_1_616' title='bbox 1555 4105 1652 4172; x_wconf 89' lang='lat' dir='ltr'><strong><em>nimis,</em></strong></span> <span class='ocrx_word' id='word_1_617' title='bbox 1671 4104 1844 4176; x_wconf 81' lang='lat' dir='ltr'><strong><em>aspicienles</em></strong></span> <span class='ocrx_word' id='word_1_618' title='bbox 1933 4100 1936 4105; x_wconf 78' lang='grc'><strong>’</strong></span> 
     </span>
     <span class='ocr_line' id='line_1_45' title="bbox 158 4193 1937 4266; baseline 0.001 -19"><span class='ocrx_word' id='word_1_619' title='bbox 158 4193 223 4248; x_wconf 92' lang='lat' dir='ltr'><strong><em>ideo</em></strong></span> <span class='ocrx_word' id='word_1_620' title='bbox 248 4194 440 4248; x_wconf 86' lang='lat' dir='ltr'><strong><em>detrectantes</em></strong></span> <span class='ocrx_word' id='word_1_621' title='bbox 471 4194 500 4247; x_wconf 92' lang='lat' dir='ltr'><strong><em>in</em></strong></span> <span class='ocrx_word' id='word_1_622' title='bbox 530 4209 592 4248; x_wconf 86' lang='lat' dir='ltr'><strong><em>eam</em></strong></span> <span class='ocrx_word' id='word_1_623' title='bbox 621 4194 695 4249; x_wconf 88' lang='lat' dir='ltr'><strong><em>iarre</em></strong></span> <span class='ocrx_word' id='word_1_624' title='bbox 721 4196 904 4266; x_wconf 86' lang='lat' dir='ltr'><strong><em>sententiam,</em></strong></span> <span class='ocrx_word' id='word_1_625' title='bbox 922 4199 1008 4254; x_wconf 88' lang='lat' dir='ltr'><strong><em>variis</em></strong></span> <span class='ocrx_word' id='word_1_626' title='bbox 1099 4196 1259 4252; x_wconf 84' lang='lat' dir='ltr'><strong><em>Candaules</em></strong></span> <span class='ocrx_word' id='word_1_627' title='bbox 1277 4210 1417 4262; x_wconf 77' lang='lat' dir='ltr'><strong><em>vomeres,</em></strong></span> <span class='ocrx_word' id='word_1_628' title='bbox 1447 4193 1566 4249; x_wconf 83' lang='lat' dir='ltr'><strong><em>calcarit</em></strong></span> <span class='ocrx_word' id='word_1_629' title='bbox 1584 4193 1729 4265; x_wconf 88' lang='lat' dir='ltr'><strong><em>eosquasi</em></strong></span> <span class='ocrx_word' id='word_1_630' title='bbox 1744 4193 1841 4250; x_wconf 82' lang='lat' dir='ltr'><strong><em>llores.</em></strong></span> <span class='ocrx_word' id='word_1_631' title='bbox 1932 4200 1937 4217; x_wconf 84' lang='lat'><em>¹</em></span> 
     </span>
     <span class='ocr_line' id='line_1_46' title="bbox 159 4246 1939 4356; baseline 0.001 -21"><span class='ocrx_word' id='word_1_632' title='bbox 159 4280 312 4354; x_wconf 87' lang='lat' dir='ltr'><strong><em>colloquiis</em></strong></span> <span class='ocrx_word' id='word_1_633' title='bbox 326 4286 440 4351; x_wconf 88' lang='lat' dir='ltr'><strong><em>tempus</em></strong></span> <span class='ocrx_word' id='word_1_634' title='bbox 470 4280 659 4337; x_wconf 87' lang='lat' dir='ltr'><strong><em>redimebant.</em></strong></span> <span class='ocrx_word' id='word_1_635' title='bbox 689 4283 769 4349; x_wconf 86' lang='lat' dir='ltr'><strong><em>Quod</em></strong></span> <span class='ocrx_word' id='word_1_636' title='bbox 785 4283 833 4338; x_wconf 89' lang='lat' dir='ltr'><strong><em>illa</em></strong></span> <span class='ocrx_word' id='word_1_637' title='bbox 849 4246 1045 4356; x_wconf 82' lang='lat' dir='ltr'><strong><em>pmdenter⁰</em></strong></span> <span class='ocrx_word' id='word_1_638' title='bbox 1099 4283 1224 4339; x_wconf 90' lang='lat' dir='ltr'><strong><em>Undenis</em></strong></span> <span class='ocrx_word' id='word_1_639' title='bbox 1249 4282 1549 4355; x_wconf 86' lang='lat' dir='ltr'><strong><em>ipseperagretis,nil</em></strong></span> <span class='ocrx_word' id='word_1_640' title='bbox 1566 4281 1766 4354; x_wconf 86' lang='lat' dir='ltr'><strong><em>qnoqnalesa,</em></strong></span> <span class='ocrx_word' id='word_1_641' title='bbox 1935 4300 1939 4356; x_wconf 74' lang='grc' dir='ltr'>Ι</span> 
     </span>
     <span class='ocr_line' id='line_1_47' title="bbox 161 4368 1939 4442; baseline 0.002 -17"><span class='ocrx_word' id='word_1_642' title='bbox 161 4369 390 4425; x_wconf 85' lang='lat' dir='ltr'><strong><em>animadvertens</em></strong></span> <span class='ocrx_word' id='word_1_643' title='bbox 410 4374 438 4424; x_wconf 87' lang='lat' dir='ltr'><strong><em>et</em></strong></span> <span class='ocrx_word' id='word_1_644' title='bbox 452 4368 577 4424; x_wconf 86' lang='lat' dir='ltr'><strong><em>leminea</em></strong></span> <span class='ocrx_word' id='word_1_645' title='bbox 609 4371 719 4441; x_wconf 88' lang='lat' dir='ltr'><strong><em>pectori</em></strong></span> <span class='ocrx_word' id='word_1_646' title='bbox 744 4370 856 4428; x_wconf 80' lang='lat' dir='ltr'><strong><em>uirilem</em></strong></span> <span class='ocrx_word' id='word_1_647' title='bbox 876 4374 1007 4429; x_wconf 87' lang='lat' dir='ltr'><strong><em>inserens</em></strong></span> <span class='ocrx_word' id='word_1_648' title='bbox 1095 4370 1177 4427; x_wconf 85' lang='lat' dir='ltr'><strong><em>Stans</em></strong></span> <span class='ocrx_word' id='word_1_649' title='bbox 1199 4386 1287 4442; x_wconf 86' lang='lat' dir='ltr'><strong><em>saper</em></strong></span> <span class='ocrx_word' id='word_1_650' title='bbox 1315 4371 1476 4427; x_wconf 85' lang='lat' dir='ltr'><strong><em>extremum</em></strong></span> <span class='ocrx_word' id='word_1_651' title='bbox 1509 4379 1654 4427; x_wconf 86' lang='lat' dir='ltr'><strong><em>vomerem</em></strong></span> <span class='ocrx_word' id='word_1_652' title='bbox 1677 4369 1901 4439; x_wconf 61' lang='lat' dir='ltr'><strong><em>veremudum·</em></strong></span> <span class='ocrx_word' id='word_1_653' title='bbox 1937 4422 1939 4428; x_wconf 54' lang='lat'><strong><em>.</em></strong></span> 
     </span>
     <span class='ocr_line' id='line_1_48' title="bbox 159 4456 1937 4534; baseline 0 -21"><span class='ocrx_word' id='word_1_654' title='bbox 159 4457 302 4524; x_wconf 85' lang='lat' dir='ltr'><strong><em>animum,</em></strong></span> <span class='ocrx_word' id='word_1_655' title='bbox 316 4471 435 4527; x_wconf 77' lang='lat' dir='ltr'><strong><em>surgens</em></strong></span> <span class='ocrx_word' id='word_1_656' title='bbox 451 4462 480 4511; x_wconf 89' lang='lat' dir='ltr'><strong><em>et</em></strong></span> <span class='ocrx_word' id='word_1_657' title='bbox 491 4460 568 4511; x_wconf 89' lang='lat' dir='ltr'><strong><em>stans</em></strong></span> <span class='ocrx_word' id='word_1_658' title='bbox 583 4456 612 4512; x_wconf 93' lang='lat' dir='ltr'><strong><em>in</em></strong></span> <span class='ocrx_word' id='word_1_659' title='bbox 626 4457 733 4525; x_wconf 89' lang='lat' dir='ltr'><strong><em>madio,</em></strong></span> <span class='ocrx_word' id='word_1_660' title='bbox 760 4460 938 4534; x_wconf 86' lang='lat' dir='ltr'><strong><em>prestitoque</em></strong></span> <span class='ocrx_word' id='word_1_661' title='bbox 953 4461 1007 4516; x_wconf 89' lang='lat' dir='ltr'><strong><em>sibi</em></strong></span> <span class='ocrx_word' id='word_1_662' title='bbox 1731 4458 1873 4530; x_wconf 85' lang='lat' dir='ltr'><strong><em>[premam</em></strong></span> <span class='ocrx_word' id='word_1_663' title='bbox 1931 4528 1937 4533; x_wconf 33' lang='grc' dir='ltr'>Ι</span> 
     </span>
     <span class='ocr_line' id='line_1_49' title="bbox 160 4544 1855 4620; baseline 0 -19"><span class='ocrx_word' id='word_1_664' title='bbox 160 4545 287 4613; x_wconf 88' lang='lat' dir='ltr'><strong><em>silentio,</em></strong></span> <span class='ocrx_word' id='word_1_665' title='bbox 312 4544 361 4599; x_wconf 89' lang='lat' dir='ltr'><strong><em>sed</em></strong></span> <span class='ocrx_word' id='word_1_666' title='bbox 383 4549 411 4601; x_wconf 88' lang='lat' dir='ltr'><strong><em>et</em></strong></span> <span class='ocrx_word' id='word_1_667' title='bbox 435 4544 569 4600; x_wconf 87' lang='lat' dir='ltr'><strong><em>omnibus</em></strong></span> <span class='ocrx_word' id='word_1_668' title='bbox 582 4545 608 4600; x_wconf 90' lang='lat' dir='ltr'><strong><em>ei</em></strong></span> <span class='ocrx_word' id='word_1_669' title='bbox 635 4553 798 4602; x_wconf 86' lang='lat' dir='ltr'><strong><em>reverenter</em></strong></span> <span class='ocrx_word' id='word_1_670' title='bbox 824 4550 1008 4606; x_wconf 78' lang='lat' dir='ltr'><strong><em>auscultanti·</em></strong></span> <span class='ocrx_word' id='word_1_671' title='bbox 1096 4548 1203 4619; x_wconf 82' lang='lat' dir='ltr'><strong><em>Regem</em></strong></span> <span class='ocrx_word' id='word_1_672' title='bbox 1223 4546 1358 4616; x_wconf 84' lang='lat' dir='ltr'><strong><em>laudarit,</em></strong></span> <span class='ocrx_word' id='word_1_673' title='bbox 1372 4563 1424 4618; x_wconf 93' lang='lat' dir='ltr'><strong><em>per</em></strong></span> <span class='ocrx_word' id='word_1_674' title='bbox 1438 4563 1524 4620; x_wconf 88' lang='lat' dir='ltr'><strong><em>quern</em></strong></span> <span class='ocrx_word' id='word_1_675' title='bbox 1546 4547 1681 4603; x_wconf 83' lang='lat' dir='ltr'><strong><em>Seianam</em></strong></span> <span class='ocrx_word' id='word_1_676' title='bbox 1701 4546 1855 4620; x_wconf 75' lang='lat' dir='ltr'><strong><em>superans</em></strong></span> 
     </span>
     <span class='ocr_line' id='line_1_50' title="bbox 158 4632 1933 4709; baseline 0 -21"><span class='ocrx_word' id='word_1_677' title='bbox 158 4635 213 4691; x_wconf 90' lang='lat' dir='ltr'><strong><em>bus</em></strong></span> <span class='ocrx_word' id='word_1_678' title='bbox 237 4635 384 4704; x_wconf 76' lang='lat' dir='ltr'><strong><em>eleganter</em></strong></span> <span class='ocrx_word' id='word_1_679' title='bbox 411 4634 555 4706; x_wconf 87' lang='lat' dir='ltr'><strong><em>allegabat</em></strong></span> <span class='ocrx_word' id='word_1_680' title='bbox 577 4633 675 4690; x_wconf 88' lang='lat' dir='ltr'><strong><em>dicens</em></strong></span> <span class='ocrx_word' id='word_1_681' title='bbox 705 4651 713 4691; x_wconf 80' lang='lat' dir='ltr'><strong><em>s</em></strong></span> <span class='ocrx_word' id='word_1_682' title='bbox 737 4638 911 4708; x_wconf 83' lang='lat' dir='ltr'><strong><em>Oprincipes</em></strong></span> <span class='ocrx_word' id='word_1_683' title='bbox 934 4641 1008 4695; x_wconf 89' lang='lat' dir='ltr'><strong><em>omni</em></strong></span> <span class='ocrx_word' id='word_1_684' title='bbox 1060 4639 1158 4709; x_wconf 86' lang='lat' dir='ltr'><strong><em>ltaque</em></strong></span> <span class='ocrx_word' id='word_1_685' title='bbox 1177 4653 1241 4692; x_wconf 85' lang='lat' dir='ltr'><strong><em>curn</em></strong></span> <span class='ocrx_word' id='word_1_686' title='bbox 1268 4635 1436 4708; x_wconf 86' lang='lat' dir='ltr'><strong><em>imperatrix</em></strong></span> <span class='ocrx_word' id='word_1_687' title='bbox 1460 4635 1557 4692; x_wconf 90' lang='lat' dir='ltr'><strong><em>inclita</em></strong></span> <span class='ocrx_word' id='word_1_688' title='bbox 1585 4636 1621 4691; x_wconf 90' lang='lat' dir='ltr'><strong><em>de</em></strong></span> <span class='ocrx_word' id='word_1_689' title='bbox 1636 4635 1749 4707; x_wconf 88' lang='lat' dir='ltr'><strong><em>objecto</em></strong></span> <span class='ocrx_word' id='word_1_690' title='bbox 1779 4634 1833 4690; x_wconf 88' lang='lat' dir='ltr'><strong><em>sibi</em></strong></span> <span class='ocrx_word' id='word_1_691' title='bbox 1852 4632 1899 4688; x_wconf 87' lang='lat' dir='ltr'><strong><em>cri·</em></strong></span> <span class='ocrx_word' id='word_1_692' title='bbox 1929 4660 1933 4683; x_wconf 89' lang='lat'>:</span> 
     </span>
     <span class='ocr_line' id='line_1_51' title="bbox 159 4721 1934 4796; baseline -0.002 -16"><span class='ocrx_word' id='word_1_693' title='bbox 159 4725 258 4780; x_wconf 86' lang='lat' dir='ltr'><strong><em>bonore</em></strong></span> <span class='ocrx_word' id='word_1_694' title='bbox 271 4722 351 4789; x_wconf 83' lang='lat' dir='ltr'><strong><em>diqni</em></strong></span> <span class='ocrx_word' id='word_1_695' title='bbox 368 4726 394 4776; x_wconf 91' lang='lat' dir='ltr'><strong><em>et</em></strong></span> <span class='ocrx_word' id='word_1_696' title='bbox 416 4723 485 4776; x_wconf 82' lang='lat' dir='ltr'><strong><em>milri</em></strong></span> <span class='ocrx_word' id='word_1_697' title='bbox 508 4721 601 4778; x_wconf 86' lang='lat' dir='ltr'><strong><em>dilecti</em></strong></span> <span class='ocrx_word' id='word_1_698' title='bbox 615 4724 676 4794; x_wconf 74' lang='lat' dir='ltr'><strong><em>jam</em></strong></span> <span class='ocrx_word' id='word_1_699' title='bbox 701 4723 805 4779; x_wconf 89' lang='lat' dir='ltr'><strong><em>dudum</em></strong></span> <span class='ocrx_word' id='word_1_700' title='bbox 831 4727 908 4782; x_wconf 90' lang='lat' dir='ltr'><strong><em>uobis</em></strong></span> <span class='ocrx_word' id='word_1_701' title='bbox 932 4743 1007 4782; x_wconf 89' lang='lat' dir='ltr'><strong><em>com-</em></strong></span> <span class='ocrx_word' id='word_1_702' title='bbox 1061 4725 1139 4780; x_wconf 87' lang='lat' dir='ltr'><strong><em>mine</em></strong></span> <span class='ocrx_word' id='word_1_703' title='bbox 1168 4724 1235 4780; x_wconf 88' lang='lat' dir='ltr'><strong><em>salis</em></strong></span> <span class='ocrx_word' id='word_1_704' title='bbox 1262 4724 1409 4780; x_wconf 80' lang='lat' dir='ltr'><strong><em>evidenter</em></strong></span> <span class='ocrx_word' id='word_1_705' title='bbox 1443 4730 1518 4780; x_wconf 88' lang='lat' dir='ltr'><strong><em>esset</em></strong></span> <span class='ocrx_word' id='word_1_706' title='bbox 1553 4729 1720 4796; x_wconf 85' lang='lat' dir='ltr'><strong><em>expurgate,</em></strong></span> <span class='ocrx_word' id='word_1_707' title='bbox 1754 4723 1900 4796; x_wconf 76' lang='lat' dir='ltr'><strong><em>imperator</em></strong></span> <span class='ocrx_word' id='word_1_708' title='bbox 1930 4738 1934 4743; x_wconf 92' lang='lat'>·</span> 
     </span>
     <span class='ocr_line' id='line_1_52' title="bbox 156 4809 1902 4885; baseline -0.001 -18"><span class='ocrx_word' id='word_1_709' title='bbox 156 4812 261 4882; x_wconf 89' lang='lat' dir='ltr'><strong><em>placuit</em></strong></span> <span class='ocrx_word' id='word_1_710' title='bbox 286 4811 429 4873; x_wconf 88' lang='lat' dir='ltr'><strong><em>uniuersis.</em></strong></span> <span class='ocrx_word' id='word_1_711' title='bbox 457 4815 483 4864; x_wconf 90' lang='lat' dir='ltr'><strong><em>et</em></strong></span> <span class='ocrx_word' id='word_1_712' title='bbox 511 4810 649 4866; x_wconf 84' lang='lat' dir='ltr'><strong><em>dominum</em></strong></span> <span class='ocrx_word' id='word_1_713' title='bbox 675 4812 719 4866; x_wconf 90' lang='lat' dir='ltr'><strong><em>uel</em></strong></span> <span class='ocrx_word' id='word_1_714' title='bbox 745 4813 884 4881; x_wconf 74' lang='lat' dir='ltr'><strong><em>conjuqem</em></strong></span> <span class='ocrx_word' id='word_1_715' title='bbox 920 4830 1008 4870; x_wconf 89' lang='lat' dir='ltr'><strong><em>meum</em></strong></span> <span class='ocrx_word' id='word_1_716' title='bbox 1061 4813 1191 4868; x_wconf 89' lang='lat' dir='ltr'><strong><em>animum</em></strong></span> <span class='ocrx_word' id='word_1_717' title='bbox 1218 4814 1280 4882; x_wconf 65' lang='lat' dir='ltr'><strong><em>mus</em></strong></span> <span class='ocrx_word' id='word_1_718' title='bbox 1301 4812 1451 4868; x_wconf 90' lang='lat' dir='ltr'><strong><em>blandiciis</em></strong></span> <span class='ocrx_word' id='word_1_719' title='bbox 1488 4812 1610 4868; x_wconf 87' lang='lat' dir='ltr'><strong><em>delinire</em></strong></span> <span class='ocrx_word' id='word_1_720' title='bbox 1651 4811 1789 4885; x_wconf 82' lang='lat' dir='ltr'><strong><em>gestiens,</em></strong></span> <span class='ocrx_word' id='word_1_721' title='bbox 1821 4809 1902 4884; x_wconf 85' lang='lat' dir='ltr'><strong><em>ipsias</em></strong></span> 
     </span>
     <span class='ocr_line' id='line_1_53' title="bbox 157 4885 1936 4974; baseline 0.001 -18"><span class='ocrx_word' id='word_1_722' title='bbox 157 4901 285 4957; x_wconf 74' lang='lat' dir='ltr'><strong><em>dilemum</em></strong></span> <span class='ocrx_word' id='word_1_723' title='bbox 302 4900 480 4969; x_wconf 87' lang='lat' dir='ltr'><strong><em>imperatoria</em></strong></span> <span class='ocrx_word' id='word_1_724' title='bbox 494 4897 629 4966; x_wconf 83' lang='lat' dir='ltr'><strong><em>dipaitate</em></strong></span> <span class='ocrx_word' id='word_1_725' title='bbox 641 4899 811 4955; x_wconf 85' lang='lat' dir='ltr'><strong><em>sublimastis</em></strong></span> <span class='ocrx_word' id='word_1_726' title='bbox 834 4909 859 4957; x_wconf 91' lang='lat' dir='ltr'><strong><em>et</em></strong></span> <span class='ocrx_word' id='word_1_727' title='bbox 873 4918 915 4959; x_wconf 89' lang='lat' dir='ltr'><strong><em>me</em></strong></span> <span class='ocrx_word' id='word_1_728' title='bbox 937 4918 1007 4973; x_wconf 85' lang='lat' dir='ltr'><strong><em>par·</em></strong></span> <span class='ocrx_word' id='word_1_729' title='bbox 1061 4903 1148 4957; x_wconf 77' lang='lat' dir='ltr'><strong><em>sacns</em></strong></span> <span class='ocrx_word' id='word_1_730' title='bbox 1162 4901 1283 4974; x_wconf 80' lang='lat' dir='ltr'><strong><em>podibus</em></strong></span> <span class='ocrx_word' id='word_1_731' title='bbox 1309 4902 1487 4973; x_wconf 88' lang='lat' dir='ltr'><strong><em>provolutus,</em></strong></span> <span class='ocrx_word' id='word_1_732' title='bbox 1502 4900 1542 4956; x_wconf 89' lang='lat' dir='ltr'><strong><em>nil</em></strong></span> <span class='ocrx_word' id='word_1_733' title='bbox 1557 4917 1565 4956; x_wconf 90' lang='lat'>:</span> <span class='ocrx_word' id='word_1_734' title='bbox 1583 4885 1718 4968; x_wconf 64' lang='lat' dir='ltr'><strong><em>&#39;Placarn</em></strong></span> <span class='ocrx_word' id='word_1_735' title='bbox 1733 4900 1846 4957; x_wconf 82' lang='lat' dir='ltr'><strong><em>domino</em></strong></span> <span class='ocrx_word' id='word_1_736' title='bbox 1861 4897 1902 4964; x_wconf 65' lang='lat' dir='ltr'><strong><em>ul.</em></strong></span> <span class='ocrx_word' id='word_1_737' title='bbox 1934 4969 1936 4972; x_wconf 10' lang='grc' dir='ltr'><em>Α</em></span> 
     </span>
     <span class='ocr_line' id='line_1_54' title="bbox 157 4984 1906 5060; baseline -0.001 -17"><span class='ocrx_word' id='word_1_738' title='bbox 157 4991 266 5059; x_wconf 86' lang='lat' dir='ltr'><strong><em>ticipem</em></strong></span> <span class='ocrx_word' id='word_1_739' title='bbox 280 4989 360 5058; x_wconf 85' lang='lat' dir='ltr'><strong><em>repni</em></strong></span> <span class='ocrx_word' id='word_1_740' title='bbox 383 4987 516 5055; x_wconf 82' lang='lat' dir='ltr'><strong><em>ejurasse</em></strong></span> <span class='ocrx_word' id='word_1_741' title='bbox 544 4988 679 5055; x_wconf 80' lang='lat' dir='ltr'><strong><em>coluistis,</em></strong></span> <span class='ocrx_word' id='word_1_742' title='bbox 704 4993 729 5042; x_wconf 88' lang='lat' dir='ltr'><strong><em>et</em></strong></span> <span class='ocrx_word' id='word_1_743' title='bbox 757 4993 812 5043; x_wconf 89' lang='lat' dir='ltr'><strong><em>tam</em></strong></span> <span class='ocrx_word' id='word_1_744' title='bbox 840 4993 889 5045; x_wconf 80' lang='lat' dir='ltr'><strong><em>liei</em></strong></span> <span class='ocrx_word' id='word_1_745' title='bbox 914 4994 1008 5060; x_wconf 85' lang='lat' dir='ltr'><strong><em>qratia</em></strong></span> <span class='ocrx_word' id='word_1_746' title='bbox 1061 4995 1116 5046; x_wconf 92' lang='lat' dir='ltr'><strong><em>esto</em></strong></span> <span class='ocrx_word' id='word_1_747' title='bbox 1135 4991 1219 5045; x_wconf 80' lang='lat' dir='ltr'><strong><em>miani</em></strong></span> <span class='ocrx_word' id='word_1_748' title='bbox 1241 4989 1399 5060; x_wconf 86' lang='lat' dir='ltr'><strong><em>placabilis,</em></strong></span> <span class='ocrx_word' id='word_1_749' title='bbox 1424 4996 1450 5046; x_wconf 91' lang='lat' dir='ltr'><strong><em>et</em></strong></span> <span class='ocrx_word' id='word_1_750' title='bbox 1473 5005 1507 5044; x_wconf 91' lang='lat' dir='ltr'><strong><em>ne</em></strong></span> <span class='ocrx_word' id='word_1_751' title='bbox 1532 4991 1649 5060; x_wconf 89' lang='lat' dir='ltr'><strong><em>repellas</em></strong></span> <span class='ocrx_word' id='word_1_752' title='bbox 1662 5005 1705 5046; x_wconf 85' lang='lat' dir='ltr'><strong><em>nse</em></strong></span> <span class='ocrx_word' id='word_1_753' title='bbox 1726 5006 1745 5044; x_wconf 92' lang='lat' dir='ltr'><strong><em>a</em></strong></span> <span class='ocrx_word' id='word_1_754' title='bbox 1767 4984 1906 5057; x_wconf 79' lang='lat' dir='ltr'><strong><em>orarunt</em></strong></span> 
     </span>
     <span class='ocr_line' id='line_1_55' title="bbox 157 5076 1939 5148; baseline 0.001 -17"><span class='ocrx_word' id='word_1_755' title='bbox 157 5093 239 5146; x_wconf 92' lang='lat' dir='ltr'><strong><em>quam</em></strong></span> <span class='ocrx_word' id='word_1_756' title='bbox 258 5081 349 5132; x_wconf 87' lang='lat' dir='ltr'><strong><em>uestra</em></strong></span> <span class='ocrx_word' id='word_1_757' title='bbox 377 5077 568 5132; x_wconf 87' lang='lat' dir='ltr'><strong><em>constitutione</em></strong></span> <span class='ocrx_word' id='word_1_758' title='bbox 585 5078 680 5130; x_wconf 87' lang='lat' dir='ltr'><strong><em>ceteris</em></strong></span> <span class='ocrx_word' id='word_1_759' title='bbox 709 5076 862 5131; x_wconf 86' lang='lat' dir='ltr'><strong><em>bominibus</em></strong></span> <span class='ocrx_word' id='word_1_760' title='bbox 876 5082 1007 5148; x_wconf 87' lang='lat' dir='ltr'><strong><em>preston·</em></strong></span> <span class='ocrx_word' id='word_1_761' title='bbox 1062 5078 1205 5134; x_wconf 89' lang='lat' dir='ltr'><strong><em>dilectione</em></strong></span> <span class='ocrx_word' id='word_1_762' title='bbox 1228 5084 1285 5133; x_wconf 90' lang='lat' dir='ltr'><strong><em>tua.</em></strong></span> <span class='ocrx_word' id='word_1_763' title='bbox 1313 5078 1457 5148; x_wconf 81' lang='lat' dir='ltr'><strong><em>Equidem,</em></strong></span> <span class='ocrx_word' id='word_1_764' title='bbox 1484 5080 1584 5145; x_wconf 81' lang='lat' dir='ltr'><strong><em>faleor,</em></strong></span> <span class='ocrx_word' id='word_1_765' title='bbox 1598 5079 1711 5148; x_wconf 87' lang='lat' dir='ltr'><strong><em>peccaui</em></strong></span> <span class='ocrx_word' id='word_1_766' title='bbox 1724 5081 1750 5132; x_wconf 90' lang='lat' dir='ltr'><strong><em>et</em></strong></span> <span class='ocrx_word' id='word_1_767' title='bbox 1780 5078 1906 5146; x_wconf 71' lang='lat' dir='ltr'><strong><em>insipien</em></strong></span> <span class='ocrx_word' id='word_1_768' title='bbox 1937 5109 1939 5115; x_wconf 44' lang='grc' dir='ltr'><strong><em>ι</em></strong></span> 
     </span>
     <span class='ocr_line' id='line_1_56' title="bbox 157 5161 1939 5234; baseline 0 -15"><span class='ocrx_word' id='word_1_769' title='bbox 157 5166 239 5219; x_wconf 85' lang='lat' dir='ltr'><strong><em>tiores</em></strong></span> <span class='ocrx_word' id='word_1_770' title='bbox 268 5178 324 5219; x_wconf 87' lang='lat' dir='ltr'><strong><em>esse</em></strong></span> <span class='ocrx_word' id='word_1_771' title='bbox 359 5163 530 5218; x_wconf 86' lang='lat' dir='ltr'><strong><em>uidebamur.</em></strong></span> <span class='ocrx_word' id='word_1_772' title='bbox 559 5161 630 5229; x_wconf 81' lang='lat' dir='ltr'><strong><em>Quia</em></strong></span> <span class='ocrx_word' id='word_1_773' title='bbox 667 5162 756 5232; x_wconf 86' lang='lat' dir='ltr'><strong><em>iqitur</em></strong></span> <span class='ocrx_word' id='word_1_774' title='bbox 795 5166 867 5220; x_wconf 90' lang='lat' dir='ltr'><strong><em>inter</em></strong></span> <span class='ocrx_word' id='word_1_775' title='bbox 890 5165 1008 5233; x_wconf 68' lang='lat' dir='ltr'><strong><em>laninas</em></strong></span> <span class='ocrx_word' id='word_1_776' title='bbox 1063 5167 1105 5220; x_wconf 85' lang='lat' dir='ltr'><strong><em>ter</em></strong></span> <span class='ocrx_word' id='word_1_777' title='bbox 1118 5169 1162 5234; x_wconf 87' lang='lat' dir='ltr'><strong><em>eqi</em></strong></span> <span class='ocrx_word' id='word_1_778' title='bbox 1176 5169 1206 5221; x_wconf 92' lang='lat' dir='ltr'><strong><em>in</em></strong></span> <span class='ocrx_word' id='word_1_779' title='bbox 1232 5181 1261 5221; x_wconf 91' lang='lat' dir='ltr'><strong><em>eo</em></strong></span> <span class='ocrx_word' id='word_1_780' title='bbox 1286 5166 1359 5234; x_wconf 89' lang='lat' dir='ltr'><strong><em>quad</em></strong></span> <span class='ocrx_word' id='word_1_781' title='bbox 1386 5166 1512 5221; x_wconf 87' lang='lat' dir='ltr'><strong><em>molestus</em></strong></span> <span class='ocrx_word' id='word_1_782' title='bbox 1537 5167 1583 5232; x_wconf 72' lang='lat' dir='ltr'><strong><em>sui</em></strong></span> <span class='ocrx_word' id='word_1_783' title='bbox 1610 5165 1671 5231; x_wconf 89' lang='lat' dir='ltr'><strong><em>tibi,</em></strong></span> <span class='ocrx_word' id='word_1_784' title='bbox 1690 5178 1762 5219; x_wconf 88' lang='lat' dir='ltr'><strong><em>nunc</em></strong></span> <span class='ocrx_word' id='word_1_785' title='bbox 1778 5164 1843 5233; x_wconf 70' lang='lat' dir='ltr'><strong><em>ianr</em></strong></span> <span class='ocrx_word' id='word_1_786' title='bbox 1862 5175 1909 5230; x_wconf 77' lang='lat' dir='ltr'><strong><em>aar</em></strong></span> <span class='ocrx_word' id='word_1_787' title='bbox 1936 5203 1939 5232; x_wconf 35' lang='grc' dir='ltr'><em>ρ</em></span> 
     </span>
     <span class='ocr_line' id='line_1_57' title="bbox 155 5250 1910 5324; baseline -0.001 -18"><span class='ocrx_word' id='word_1_788' title='bbox 155 5255 391 5322; x_wconf 87' lang='lat' dir='ltr'><strong><em>prestantioresse</em></strong></span> <span class='ocrx_word' id='word_1_789' title='bbox 408 5251 513 5319; x_wconf 86' lang='lat' dir='ltr'><strong><em>uideor,</em></strong></span> <span class='ocrx_word' id='word_1_790' title='bbox 534 5251 583 5306; x_wconf 91' lang='lat' dir='ltr'><strong><em>sed</em></strong></span> <span class='ocrx_word' id='word_1_791' title='bbox 591 5253 651 5321; x_wconf 74' lang='lat' dir='ltr'><strong><em>iam</em></strong></span> <span class='ocrx_word' id='word_1_792' title='bbox 670 5267 742 5307; x_wconf 90' lang='lat' dir='ltr'><strong><em>nunc</em></strong></span> <span class='ocrx_word' id='word_1_793' title='bbox 766 5252 799 5308; x_wconf 87' lang='lat' dir='ltr'><strong><em>dc</em></strong></span> <span class='ocrx_word' id='word_1_794' title='bbox 819 5257 936 5324; x_wconf 86' lang='lat' dir='ltr'><strong><em>pessimo</em></strong></span> <span class='ocrx_word' id='word_1_795' title='bbox 954 5256 1007 5309; x_wconf 89' lang='lat' dir='ltr'><strong><em>cri-</em></strong></span> <span class='ocrx_word' id='word_1_796' title='bbox 1061 5256 1246 5324; x_wconf 88' lang='lat' dir='ltr'><strong><em>penitentiam.</em></strong></span> <span class='ocrx_word' id='word_1_797' title='bbox 1275 5253 1417 5310; x_wconf 78' lang='lat' dir='ltr'><strong><em>Adlereat</em></strong></span> <span class='ocrx_word' id='word_1_798' title='bbox 1432 5254 1528 5321; x_wconf 83' lang='lat' dir='ltr'><strong><em>linqua</em></strong></span> <span class='ocrx_word' id='word_1_799' title='bbox 1551 5268 1612 5307; x_wconf 89' lang='lat' dir='ltr'><strong><em>mea</em></strong></span> <span class='ocrx_word' id='word_1_800' title='bbox 1625 5252 1753 5320; x_wconf 80' lang='lat' dir='ltr'><strong><em>faucibus</em></strong></span> <span class='ocrx_word' id='word_1_801' title='bbox 1786 5250 1910 5313; x_wconf 71' lang='lat' dir='ltr'><strong><em>terimi</em></strong></span> 
     </span>
     <span class='ocr_line' id='line_1_58' title="bbox 157 5339 1909 5412; baseline -0.001 -18"><span class='ocrx_word' id='word_1_802' title='bbox 157 5341 230 5394; x_wconf 90' lang='lat' dir='ltr'><strong><em>mine</em></strong></span> <span class='ocrx_word' id='word_1_803' title='bbox 260 5341 378 5407; x_wconf 82' lang='lat' dir='ltr'><strong><em>mausor,</em></strong></span> <span class='ocrx_word' id='word_1_804' title='bbox 402 5355 506 5396; x_wconf 87' lang='lat' dir='ltr'><strong><em>necesse</em></strong></span> <span class='ocrx_word' id='word_1_805' title='bbox 528 5344 568 5395; x_wconf 88' lang='lat' dir='ltr'><strong><em>est</em></strong></span> <span class='ocrx_word' id='word_1_806' title='bbox 600 5346 631 5395; x_wconf 91' lang='lat' dir='ltr'><strong><em>ut</em></strong></span> <span class='ocrx_word' id='word_1_807' title='bbox 657 5341 865 5410; x_wconf 86' lang='lat' dir='ltr'><strong><em>perjudicium</em></strong></span> <span class='ocrx_word' id='word_1_808' title='bbox 887 5343 1008 5397; x_wconf 89' lang='lat' dir='ltr'><strong><em>durissi·</em></strong></span> <span class='ocrx_word' id='word_1_809' title='bbox 1061 5341 1178 5398; x_wconf 89' lang='lat' dir='ltr'><strong><em>nontibi</em></strong></span> <span class='ocrx_word' id='word_1_810' title='bbox 1190 5341 1320 5397; x_wconf 77' lang='lat' dir='ltr'><strong><em>decetmo</em></strong></span> <span class='ocrx_word' id='word_1_811' title='bbox 1342 5357 1389 5411; x_wconf 85' lang='lat' dir='ltr'><strong><em>eqo</em></strong></span> <span class='ocrx_word' id='word_1_812' title='bbox 1414 5341 1582 5408; x_wconf 76' lang='lat' dir='ltr'><strong><em>satisfecero,</em></strong></span> <span class='ocrx_word' id='word_1_813' title='bbox 1606 5339 1783 5412; x_wconf 88' lang='lat' dir='ltr'><strong><em>quoadusque</em></strong></span> <span class='ocrx_word' id='word_1_814' title='bbox 1809 5341 1909 5394; x_wconf 71' lang='lat' dir='ltr'><strong><em>eirea</em></strong></span> 
     </span>
     <span class='ocr_line' id='line_1_59' title="bbox 157 5425 1909 5504; baseline 0 -22"><span class='ocrx_word' id='word_1_815' title='bbox 157 5442 241 5498; x_wconf 88' lang='lat' dir='ltr'><strong><em>mum,</em></strong></span> <span class='ocrx_word' id='word_1_816' title='bbox 271 5427 373 5483; x_wconf 89' lang='lat' dir='ltr'><strong><em>scilicet</em></strong></span> <span class='ocrx_word' id='word_1_817' title='bbox 396 5427 538 5484; x_wconf 88' lang='lat' dir='ltr'><strong><em>duodecim</em></strong></span> <span class='ocrx_word' id='word_1_818' title='bbox 565 5428 708 5484; x_wconf 89' lang='lat' dir='ltr'><strong><em>candentes</em></strong></span> <span class='ocrx_word' id='word_1_819' title='bbox 732 5444 859 5498; x_wconf 84' lang='lat' dir='ltr'><strong><em>cameras,</em></strong></span> <span class='ocrx_word' id='word_1_820' title='bbox 887 5431 922 5486; x_wconf 86' lang='lat' dir='ltr'><strong><em>ab</em></strong></span> <span class='ocrx_word' id='word_1_821' title='bbox 958 5431 1008 5486; x_wconf 84' lang='lat' dir='ltr'><strong><em>bac</em></strong></span> <span class='ocrx_word' id='word_1_822' title='bbox 1062 5434 1099 5485; x_wconf 83' lang='lat' dir='ltr'><strong><em>at</em></strong></span> <span class='ocrx_word' id='word_1_823' title='bbox 1123 5429 1174 5484; x_wconf 88' lang='lat' dir='ltr'><strong><em>ille</em></strong></span> <span class='ocrx_word' id='word_1_824' title='bbox 1197 5430 1362 5485; x_wconf 88' lang='lat' dir='ltr'><strong><em>columbine</em></strong></span> <span class='ocrx_word' id='word_1_825' title='bbox 1386 5429 1581 5501; x_wconf 87' lang='lat' dir='ltr'><strong><em>simplicitatis</em></strong></span> <span class='ocrx_word' id='word_1_826' title='bbox 1607 5433 1636 5486; x_wconf 91' lang='lat' dir='ltr'><strong><em>et</em></strong></span> <span class='ocrx_word' id='word_1_827' title='bbox 1664 5429 1738 5484; x_wconf 88' lang='lat' dir='ltr'><strong><em>mire</em></strong></span> <span class='ocrx_word' id='word_1_828' title='bbox 1762 5425 1909 5504; x_wconf 78' lang='lat' dir='ltr'><strong><em>patientie,</em></strong></span> 
     </span>
     <span class='ocr_line' id='line_1_60' title="bbox 158 5514 1907 5597; baseline 0.001 -30"><span class='ocrx_word' id='word_1_829' title='bbox 158 5515 275 5582; x_wconf 76' lang='lat' dir='ltr'><strong><em>infamia</em></strong></span> <span class='ocrx_word' id='word_1_830' title='bbox 299 5529 342 5570; x_wconf 87' lang='lat' dir='ltr'><strong><em>me</em></strong></span> <span class='ocrx_word' id='word_1_831' title='bbox 365 5514 455 5570; x_wconf 86' lang='lat' dir='ltr'><strong><em>cobis·</em></strong></span> <span class='ocrx_word' id='word_1_832' title='bbox 467 5515 637 5585; x_wconf 86' lang='lat' dir='ltr'><strong><em>presenlilus</em></strong></span> <span class='ocrx_word' id='word_1_833' title='bbox 663 5531 820 5585; x_wconf 76' lang='lat' dir='ltr'><strong><em>aapurqem.</em></strong></span> <span class='ocrx_word' id='word_1_834' title='bbox 846 5517 899 5571; x_wconf 87' lang='lat' dir='ltr'><strong><em>Sed</em></strong></span> <span class='ocrx_word' id='word_1_835' title='bbox 938 5521 1007 5573; x_wconf 89' lang='lat' dir='ltr'><strong><em>enim</em></strong></span> <span class='ocrx_word' id='word_1_836' title='bbox 1063 5517 1345 5591; x_wconf 88' lang='lat' dir='ltr'><strong><em>immemorinjuria,</em></strong></span> <span class='ocrx_word' id='word_1_837' title='bbox 1360 5534 1473 5575; x_wconf 89' lang='lat' dir='ltr'><strong><em>memor</em></strong></span> <span class='ocrx_word' id='word_1_838' title='bbox 1495 5517 1658 5579; x_wconf 87' lang='lat' dir='ltr'><strong><em>clemenlie.</em></strong></span> <span class='ocrx_word' id='word_1_839' title='bbox 1672 5515 1778 5597; x_wconf 82' lang='lat' dir='ltr'><strong><em>dilecta</em></strong></span> <span class='ocrx_word' id='word_1_840' title='bbox 1791 5514 1907 5572; x_wconf 81' lang='lat' dir='ltr'><strong><em>suasit:</em></strong></span> 
     </span>
    </p>
   </div>
   <div class='ocr_carea' id='block_1_4' title="bbox 0 0 1944 6112">
    <p class='ocr_par' dir='ltr' id='par_1_9' title="bbox 0 0 1944 6112">
     <span class='ocr_line' id='line_1_61' title="bbox 0 0 1944 6112; baseline 0 1"><span class='ocrx_word' id='word_1_841' title='bbox 0 0 1944 6112; x_wconf 95' lang='lat' dir='ltr'><strong><em> </em></strong></span> 
     </span>
    </p>
   </div>
  </div>
 </body>
</html>
