3894 6120
85 277 138 331 crs
585 245 835 323 uacuaro'auu
856 257 951 316 unm
969 259 1026 318 xx.
1048 290 1084 305 -
1103 264 1209 323 arura
1226 266 1388 325 marrus.
1624 316 1627 321 .
1830 280 1886 337 sss

87 397 216 455 cclxix.
242 396 277 450 llt
292 390 391 448 nullus
408 387 566 461 presbyter
586 386 709 442 titulum
732 399 825 456 super
838 381 956 439 titulum
976 385 1000 438 h
1016 384 1173 444 CCXXXIV.
1188 389 1271 455 Quod
1282 406 1382 446 omues
1396 389 1498 448 fideles
1516 392 1549 448 in
1563 397 1686 455 ecclesia
1701 403 1779 458 nihil
1797 419 1885 476 agere

124 500 265 556 ”Sumam
280 481 452 554 Pfoesumflt·
1057 475 1194 545 debeant,
1210 477 1267 533 nisi
1282 495 1377 534 orare.
1395 508 1401 519 ·

91 591 204 648 ccxxx.
232 590 265 645 Ut
283 583 503 658 episcopusaut
523 578 680 649 presbyter
703 581 865 648 postquam
890 575 961 630 mis.
1019 561 1161 621 CCXXXV.
1200 566 1282 632 Quod
1310 566 1409 622 diviua
1443 570 1599 627 clementia
1627 574 1691 630 fixis
1717 577 1883 638 interram

127 693 187 732 sam
208 673 354 746 increparit
383 676 412 726 et
436 667 601 724 orationem
629 663 752 728 dixerit,
778 662 837 718 uisi
866 661 964 732 passio
1056 654 1183 724 genibus
1205 655 1353 711 exoranda
1372 657 1420 727 sit,
1441 658 1498 713 nisi
1521 659 1553 715 in
1568 663 1728 735 majoribus
1746 669 1887 727 solemni·

128 765 226 836 eliqua
245 759 441 825 intervenerit,
459 758 619 823 antequam
645 751 813 817 incoeptum
827 749 965 804 ministc·
1057 741 1177 797 tatibus·

130 855 206 906 ,ium
221 852 385 921 adimpleas,
404 846 440 901 ab
456 841 558 898 ,imm
576 837 630 893 nsi
652 836 740 890 nulls
756 838 849 894 modo
871 837 967 893 disss.
1023 824 1178 885 ccxxxvi.
1192 829 1275 896 Quod
1289 847 1347 886 non
1359 832 1445 889 liceat
1456 838 1579 893 mortuis
1594 843 1724 900 osculum
1740 845 1820 904 dare.

133 940 200 995 ἀπο
216 939 328 994 πάθει,
1025 912 1193 973 ccxxxvtl.
1215 919 1252 974 Ut
1265 917 1366 976 fideles
1381 924 1499 994 sepeliri
1514 927 1650 985 debeant.

1027 1000 1209 1061 ccxxxviii.
1246 1007 1282 1061 Ut
1315 1010 1478 1067 sacerdotes
1508 1015 1543 1070 ad
1565 1021 1682 1091 tempus
1706 1023 1887 1083 orationibus

101 1055 231 1112 ccxxxi.
249 1055 285 1108 Ut
303 1052 397 1106 nullm
421 1048 572 1120 2P1300P¹¹⁸
589 1037 636 1093 vel
653 1035 816 1107 p¹⁰⁵by²⁰¹
837 1039 875 1092 ad
893 1039 970 1094 ⁰⁰¹⁰·
1064 1099 1168 1148 vacent
1181 1099 1338 1166 antequam
1354 1099 1526 1157 sacrificent.

135 1142 244 1199 branda
268 1141 420 1195 missarum
443 1130 584 1191 solemnia
608 1138 676 1180 eum
701 1122 816 1180 baculo
842 1125 901 1192 ire,
923 1133 976 1184 eut
1031 1177 1175 1236 mmlx
1206 1183 1228 1236 D
1262 1183 1323 1236 Γ,
1398 1186 1403 1198 Ι
1513 1191 1518 1202 Ι
1660 1197 1666 1208 .

136 1232 229 1286 relato
244 1229 337 1300 capite
348 1227 447 1283 altario
461 1223 510 1281 Dei
522 1217 656 1276 assistere
672 1208 800 1266 audeat.
1035 1266 1130 1322 CCXL·
1147 1223 1187 1323 DA
1205 1190 1554 1333 ececlgi0i18⁵gu¹⁰⁰g¹⁹⁵¹⁸⁵
1569 1210 1700 1268 propm,
1714 1199 1832 1261 habent.

1374 1291 1447 1331 enac
1470 1294 1563 1336 orum.

102 1346 247 1404 ccxxxii,
274 1344 315 1398 Ne
344 1357 465 1413 corpora
491 1339 656 1391 sentimum
683 1325 918 1382 mmmmm
940 1328 980 1388 ⁶⁰
1036 1353 1145 1410 ccxci.
1165 1358 1204 1411 lle
1218 1357 1348 1431 illisqui,
1365 1361 1690 1440 dumsuoeproprietetis
1705 1376 1767 1433 loca
1783 1380 1889 1440 alicubi

139 1437 202 1490 loco
217 1435 254 1488 ad
270 1434 377 1488 locum·
729 1521 736 1532 .
1072 1442 1139 1499 dare
1154 1445 1307 1515 voluerint,
1322 1450 1464 1508 decimam
1480 1464 1749 1529 nusquamtradere
1764 1484 1793 1524 se
1803 1487 1889 1542 possa

103 1541 260 1598 ccxxxiii.
277 1537 333 1604 Qui
346 1536 456 1592 mortui
470 1534 501 1588 in
515 1529 633 1585 ecclesia
648 1523 844 1597 sepeliantur.
1071 1539 1254 1604 cognoscant.

799 1632 909 1690 Iudicis
919 1634 1112 1710 capitulorum
1123 1639 1200 1711 ficia.

917 1816 1859 1850 ———·-—-———-—

736 1941 1247 2067 BURCHARDI

555 2152 786 2237 EGCLESIAE
824 2154 1181 2248 WORMACIENSIS
1213 2156 1429 2225 EPISCOPI

208 2347 891 2507 DECRETORUM
955 2349 1252 2494 LIBER
1318 2353 1770 2506 TERTIUS.

871 2586 917 2641 ult
935 2586 1120 2644 reclusus.

359 2853 605 2914 ARGUMENTUM
619 2852 725 2908 LIBRI·
985 2855 1006 2909 B
1026 2852 1105 2908 orbis
1127 2853 1323 2909 monarchiam
1347 2856 1493 2924 tenebant,
1507 2855 1544 2911 ad
1563 2855 1652 2912 fidem
1667 2859 1772 2916 Christi
1795 2868 1824 2919 et
1838 2867 1875 2922 ad

150 2954 236 3009 Liber
262 2950 311 3006 hic
339 2948 375 3004 de
405 2944 569 3002 divinarum
595 2942 749 2997 domorum
775 2940 966 3009 institutione,
1022 2941 1160 3012 baptismi
1175 2949 1582 3000 sacramentaconcurrerent.

114 3044 192 3098 cultu
214 3047 244 3096 et
268 3041 391 3103 honore,
412 3036 447 3089 de
469 3033 587 3088 decimis
602 3036 630 3086 et
644 3030 849 3099 oblationibus,
874 3030 967 3101 deque
1022 3047 1086 3103 epp,
1111 3047 1158 3101 111,
1181 3077 1215 3087 -
1239 3049 1316 3114 Quod
1341 3051 1492 3105 sacerdotes
1512 3066 1592 3119 cqros
1612 3067 1678 3121 quoe
1700 3057 1815 3112 vendere
1836 3073 1875 3114 so-

111 3129 235 3203 justitiis
255 3125 438 3196 singulorum
465 3125 588 3175 tractat:
612 3119 719 3191 quique
742 3117 807 3172 libri
831 3118 862 3172 in
887 3132 966 3172 sacro
1057 3119 1156 3186 lebant,
1186 3119 1224 3172 cd
1256 3134 1421 3175 communem
1443 3124 1591 3177 utilitatem
1614 3124 1746 3180 Ecclceic's
1780 3129 1871 3183 trade.

114 3219 247 3288 catalogo
275 3213 394 3284 recepti,
417 3210 469 3283 qui
492 3209 590 3280 rejecti
615 3213 644 3263 et
657 3206 816 3278 apocryphi
838 3207 906 3273 sint,
924 3223 969 3261 os·
1058 3189 1133 3243 baut.

115 3307 219 3362 tendit.
1058 3278 1120 3345 (Ea
1134 3276 1231 3332 decret.
1251 3278 1353 3332 Urbcu.
1377 3294 1466 3349 popu,
1487 3295 1548 3349 cop.
1564 3281 1603 3351 2.)
1618 3281 1753 3337 Videnles
1776 3288 1873 3340 autem

323 3372 388 3427 Car.
405 3370 426 3423 l.
444 3399 478 3408 -
492 3367 565 3434 Quid
576 3370 613 3422 sit
628 3366 763 3421 Ecclesia.
1022 3365 1185 3420 sacerdotes
1205 3371 1233 3419 et
1255 3365 1347 3420 levite
1369 3372 1397 3419 at
1411 3366 1515 3437 reliqui
1531 3367 1641 3434 fideles,
1657 3370 1723 3440 plus
1742 3371 1874 3426 utilitatis

151 3468 208 3533 (5ae
233 3463 307 3518 sess,
335 3461 406 3514 Jclc'
425 3472 514 3528 popa,
538 3472 597 3526 cop.
626 3455 664 3526 5.)
693 3453 817 3508 Ecclesia
838 3453 968 3508 Graecum
1022 3469 1105 3523 posse
1125 3452 1236 3507 adferre
1256 3453 1280 3506 si
1305 3454 1487 3508 hereditates
1505 3460 1645 3526 etagros,
1668 3473 1742 3528 quos
1767 3458 1873 3514 vende·

117 3560 171 3621 est,
191 3552 268 3626 quod
291 3551 320 3605 in
337 3547 472 3605 Latinum
488 3544 608 3600 vertitur
627 3544 792 3608 convocatio,
815 3546 969 3613 propterea
1021 3540 1101 3604 baut,
1128 3538 1267 3605 Ecclesiis,
1286 3540 1392 3611 quibus
1406 3542 1600 3611 praesidebant
1614 3545 1752 3616 episcopi,
1777 3547 1873 3601 trade·
1906 3543 1911 3551 “

118 3644 195 3714 quod
222 3656 324 3696 omues
348 3637 382 3692 ad
407 3652 437 3690 se
461 3639 550 3689 vocet.
568 3631 721 3692 Catholica,
743 3630 771 3684 id
795 3636 837 3684 est
856 3630 968 3684 univer·
1022 3633 1097 3693 rent,
1111 3641 1145 3680 eo
1159 3626 1238 3696 quod
1252 3642 1285 3680 ex
1298 3628 1460 3699 sumptibus
1479 3645 1592 3694 eorum,
1608 3637 1667 3686 mm
1681 3635 1874 3703 presentibus

118 3732 196 3796 selis,
220 3730 286 3785 ideo
300 3728 407 3783 dicitur
422 3728 489 3797 quie
508 3739 559 3795 per
575 3724 741 3777 reuirersum
766 3719 905 3774 mundum
928 3723 971 3774 est
1023 3729 1110 3785 quam
1125 3712 1230 3768 futuris
1249 3713 1438 3784 temporibus,
1458 3717 1543 3785 plura
1558 3723 1586 3771 et
1601 3718 1781 3789 elegantiora
1804 3736 1874 3791 pos·

119 3821 284 3884 constituta,
309 3817 352 3872 vel
370 3813 506 3887 quoniam
523 3811 671 3878 catholica,
689 3809 741 3863 boc
762 3816 805 3863 est
828 3807 969 3879 generalis
1023 3807 1088 3857 sent
1123 3800 1289 3856 ministrare
1316 3800 1410 3856 fid⁰¹i⁵
1437 3818 1623 3860 ⁰⁰fflffl¹1¹10m
1660 3806 1748 3861 Vitam
1782 3807 1872 3863 dedu·

119 3911 151 3966 jn
167 3908 267 3965 eadpm
283 3903 414 3960 doctrina
429 3900 520 3955 estad
536 3899 764 3956 instructionem.
1023 3890 1163 3956 centibus,
1188 3905 1276 3960 quam
1299 3906 1333 3944 ex
1357 3890 1450 3960 pretio
1474 3891 1614 3962 ipsorum,
1630 3900 1781 3965 coeperunt
1799 3911 1872 3967 pree-

280 3996 343 4048 Car.
360 3992 395 4047 ll.
413 4021 447 4030 —
462 3992 501 4045 De
516 3990 661 4060 primitiva
673 3984 808 4042 Ecclesia.
1023 3980 1069 4034 dia
1093 3983 1122 4033 et
1136 3994 1220 4048 agros
1244 3995 1315 4050 quos
1330 3977 1454 4034 vendere
1478 3980 1609 4036 solebant
1632 3983 1801 4039 matricibus
1822 3985 1873 4039 Ec·

156 4087 213 4156 (Ea
226 4084 298 4138 decr.
315 4079 459 4137 Melchiud.
476 4093 565 4147 papae,
581 4092 641 4146 cop.
658 4073 697 4145 8.)
712 4073 812 4140 Nemo,
828 4071 879 4145 qui
893 4071 967 4127 Scri·
1023 4068 1115 4123 clesiis
1125 4067 1249 4135 tradere,
1267 4072 1295 4122 et
1310 4082 1344 4122 ex
1358 4067 1521 4139 sumptibus
1534 4085 1636 4124 eorum
1649 4070 1753 4127 vivere.

120 4177 220 4246 pluras
241 4170 352 4226 divinas
368 4167 446 4238 legit,
464 4166 578 4237 ignoret
596 4162 684 4236 quod,
701 4163 732 4214 in
746 4161 889 4233 principio
913 4177 968 4216 na·
984 4133 1005 4190 C
1024 4175 1088 4230 css,
1106 4175 1149 4229 lv,
1174 4204 1208 4215 -
1221 4174 1278 4241 Quo
1293 4180 1410 4243 tempore
1426 4176 1483 4229 oiri
1498 4177 1619 4242 relictori
1638 4179 1739 4246 scipsos
1762 4179 1872 4232 Domino

120 4261 225 4319 wimiis
240 4257 382 4322 Ecdeme,
408 4254 541 4325 discipuli
562 4254 593 4307 iu
607 4265 698 4306 unum
712 4251 879 4323 congregati
902 4254 969 4304 sunt
1065 4251 1264 4313 consecrarunt,
1283 4245 1447 4314 edificantes
1461 4247 1588 4302 basilicae
1603 4250 1632 4301 in
1649 4250 1706 4303 sais
1722 4249 1828 4314 suadis.

121 4362 187 4401 cum
213 4343 400 4399 multitudine
427 4340 616 4406 credentium,
644 4336 676 4390 in
701 4335 804 4406 quibus
826 4341 889 4391 erat
919 4351 969 4390 cor
1059 4344 1113 4409 (Es
1136 4340 1233 4396 sesses,
1254 4342 1381 4397 mrem-a,
1395 4356 1487 4412 pm,
1503 4358 1563 4412 cap·
1589 4342 1644 4413 η.)
1660 4343 1702 4397 Ab
1724 4343 1774 4398 isso
1794 4343 1873 4399 onim

121 4448 213 4489 unum
235 4437 264 4486 et
282 4431 380 4486 anima
398 4443 467 4496 una,
489 4427 608 4497 quique,
633 4422 789 4479 vendentes
810 4422 917 4495 praedia
941 4428 970 4478 et
1023 4436 1153 4501 tempore
1177 4435 1205 4484 et
1225 4429 1361 4501 deinceps
1384 4430 1438 4484 viri
1461 4430 1588 4502 religiosi
1605 4446 1664 4485 non
1689 4432 1783 4487 solum
1809 4447 1874 4502 pos·

121 4521 312 4594 possessiones
335 4533 411 4583 suas,
437 4515 606 4572 adferebant
619 4511 723 4583 pretia,
743 4517 772 4567 et
789 4512 970 4567 dividebatur
1024 4519 1164 4574 ssssjsnss
1177 4524 1206 4573 ῃ
1230 4519 1340 4589 proedj,
1354 4534 1417 4591 ΨΜ
1436 4520 1631 4590 possederant,
1651 4521 1700 4575 sed
1721 4521 1810 4576 otiam
1832 4537 1874 4576 ω·

121 4607 245 4680 singulis
266 4610 355 4677 prout
377 4605 481 4675 cuique
502 4618 576 4673 opus
595 4605 666 4657 erat.
690 4599 826 4655 Futurum
843 4614 969 4671 namque
1025 4607 1160 4679 metipsos
1182 4607 1306 4662 Domino
1335 4613 1550 4673 consecrarunt,
1574 4607 1750 4664 aedificantes
1774 4609 1872 4665 basili-

121 4695 275 4754 ssielffiiflm
298 4695 329 4748 in
348 4692 481 4760 Sflssfflffls
502 4691 624 4760 ⁸9⁰⁵¹0li
649 4688 855 4759 Pfffilidsshflssb
879 4687 970 4742 mvi·
1024 4711 1070 4750 cas
1093 4696 1124 4751 iu
1145 4695 1203 4750 suis
1227 4694 1326 4751 fundis
1340 4693 1370 4748 in
1399 4693 1510 4749 bonore
1531 4700 1698 4751 sanctorum
1714 4701 1872 4768 martyrum

121 4801 227 4858 meque
248 4783 316 4854 quia
335 4781 474 4836 Dominus
495 4779 553 4833 illis
568 4777 762 4848 praedixerat:
785 4799 799 4827 a
814 4778 920 4832 Euntes
939 4776 969 4831 in
1023 4801 1076 4855 pes
1099 4785 1234 4849 civitates,
1261 4800 1293 4839 π
1324 4784 1498 4838 monasteri,
1527 4785 1679 4838 innumera
1710 4786 1741 4838 in
1767 4786 1873 4857 quibus

121 4865 971 4939 mundumuniversumpreedicataEvangelium,»velquia
1024 4878 1112 4930 soesus
1148 4872 1270 4927 nomino
1307 4871 1496 4928 servientium
1534 4873 1711 4928 conveniret·
1742 4873 1872 4944 Denique

122 4960 307 5034 expellendus
325 4974 387 5013 esse
403 4975 419 5010 a
437 4956 535 5011 tudaea
552 4958 776 5009 noverantsset
792 4953 970 5024 ingentibus
1023 4975 1106 5030 rages
1122 4963 1150 5013 et
1179 4956 1317 5027 praesides
1337 4970 1370 5009 ac
1384 4957 1569 5027 magistratus
1594 4973 1651 5011 non
1675 4957 1771 5011 solum
1798 4957 1873 5013 han,

122 5049 339 5123 dispergendos,
361 5045 573 5114 Ecclesiamque
594 5043 826 5111 congregandam
850 5057 884 5095 ex
904 5043 970 5098 rudi
1023 5046 1169 5101 licentiam
1194 5044 1332 5110 tribucre,
1357 5044 1408 5099 sed
1433 5045 1520 5099 etiem
1549 5045 1605 5115 ipsi
1634 5045 1752 5115 propria
1775 5045 1874 5117 largiti

121 5140 240 5213 populo,
254 5136 359 5192 idcirco
375 5133 484 5205 praedia
498 5132 529 5186 in
543 5131 642 5185 iudea
652 5130 772 5186 minime
785 5135 853 5186 sunt
863 5131 967 5202 adepti,
1024 5137 1090 5186 suut
1113 5148 1166 5203 per
1183 5131 1318 5187 universa
1339 5146 1430 5203 regna
1455 5138 1607 5200 terrarum,
1629 5132 1705 5187 unde
1728 5132 1874 5188 alerentur
1934 5166 1938 5173 »

123 5231 172 5287 sed
198 5227 292 5301 pretia
323 5220 524 5279 tautummodo
553 5219 588 5274 ad
613 5218 749 5274 fovendos
776 5224 904 5292 egentes.
934 5224 969 5275 m
1024 5226 1142 5291 egentes
1157 5219 1334 5293 quinihiliu
1350 5218 1459 5274 mundo
1475 5221 1667 5290 possidebant,
1685 5221 1873 5293 Ecclesioeque

122 5334 202 5386 varo,
225 5330 290 5370 cum
312 5313 387 5367 inter
401 5296 529 5364 turbines
544 5312 574 5362 et
594 5307 712 5361 adversa
735 5308 837 5363 mnudi
856 5324 968 5363 succre·
1024 5308 1234 5363 fabricarentur
1256 5314 1342 5380 atque
1361 5313 1600 5376 restaurarentur,
1631 5310 1749 5382 [leoque
1769 5316 1798 5366 et
1821 5311 1873 5366 uc-

124 5409 215 5461 sceret
236 5400 372 5468 Ecclesia,
392 5398 574 5468 adeousque
596 5396 727 5467 pervenit
747 5401 852 5452 utnon
875 5397 969 5453 solum
985 5415 1008 5470 ῃ
1027 5396 1122 5451 clasiae
1148 5397 1210 5468 ejus
1235 5397 1290 5452 rile
1320 5396 1534 5466 tamulantium,
1561 5412 1769 5472 servorumque
1796 5399 1874 5455 illius

124 5498 235 5569 gentes,
251 5491 301 5547 sed
316 5489 404 5547 etiam
419 5485 544 5543 Romani
556 5483 712 5558 principes,
729 5484 780 5558 qui
793 5483 868 5541 bene
883 5486 971 5543 totius
1025 5486 1226 5560 supplementa
1239 5484 1348 5559 absque
1363 5483 1532 5543 necessitate
1551 5486 1758 5547 tribuerentur.
