3878 6112
87 233 139 289 sos
597 184 833 287 ausculanus
851 225 1118 287 avenascensis
1136 224 1334 286 ariscorns.
1791 231 1847 286 sos

87 376 154 415 sero
175 355 301 430 capitula
323 371 357 411 ex
385 353 544 427 beginone,
568 360 598 410 et
623 354 763 410 nonnulla
791 353 878 410 etiam
902 356 973 410 exa
992 351 1044 407 liic
1067 353 1165 407 antem
1188 350 1224 406 ad
1252 349 1407 406 burchardi
1427 348 1623 407 collectionem
1651 349 1788 423 pertinet,
1815 351 1849 407 in

88 447 198 505 dusbus
218 444 426 516 appendicibus
447 460 512 516 ques
533 443 565 498 in
580 460 647 499 mss.
672 442 829 513 begiuonis
852 443 938 498 colle·
993 456 1051 513 qua
1071 447 1114 495 est
1128 438 1200 494 tiber
1222 438 1349 495 decimus
1372 454 1467 494 nouus
1481 439 1583 495 eodem
1597 439 1681 495 titulo
1696 445 1846 512 prenota-

88 533 177 591 ctioni
192 532 392 603 subjiciuntur,
417 547 486 587 eum
504 531 677 603 excerpsisse
702 531 863 602 Stephanus
886 532 938 586 ba·
992 535 1048 598 tus,
1066 533 1097 583 ut
1111 528 1155 583 vel
1177 543 1211 582 ex
1234 527 1324 583 titulis
1340 527 1368 582 in
1384 528 1541 584 Burchsrdi
1564 527 1737 599 prelatione
1759 533 1848 582 autea

87 621 182 677 lazius
204 621 235 676 iu
250 620 419 691 praelatione
436 619 471 675 ad
486 619 666 690 beginonem
681 619 736 673 late
750 619 937 674 demonstrat.
992 617 1143 688 descriptis
1165 615 1266 688 flqust.
1290 615 1419 672 Secundo
1439 616 1470 672 in
1494 633 1547 672 ms.
1562 618 1623 672 Val.
1649 619 1722 673 3830
1745 616 1846 672 saecuti

89 708 240 766 Verumiu
262 707 354 764 titulis
378 707 469 762 multa
495 705 627 776 mutavit,
652 705 716 761 aliis
740 705 831 763 titulis
845 723 878 760 1ι
893 722 938 760 ar·
992 724 1019 762 xi
1032 706 1185 762 exhibetur
1209 705 1408 761 Poenitentiale
1428 705 1459 761 iu
1483 722 1540 778 quo
1565 706 1845 778 legunturiuterro·

89 797 177 854 bitrio
198 796 333 868 prolixis,
358 795 440 867 quia
461 793 700 865 subsequentibus
715 810 857 849 canonum
880 794 939 849 coi-
992 795 1122 867 gatioues
1146 794 1312 849 facienduea
1334 795 1512 849 confessariis
1533 810 1598 850 cum
1623 793 1769 850 1111111111
1785 811 1846 866 [111-

89 885 242 942 lectorihus
265 900 298 940 1ι
311 884 411 939 eodem
431 883 565 954 suscepti,
582 897 716 954 magnam
741 882 939 938 contusionem
992 884 1132 940 nitentiae.
1158 884 1207 938 iles
1225 899 1325 938 omues
1341 882 1583 954 interrogationes
1604 884 1780 939 adverbum
1796 900 1844 937 cx·

89 978 274 1046 pepererunt.
290 973 359 1028 Cum
375 970 453 1026 euim
467 986 525 1025 nou
540 986 632 1043 pauca
646 970 723 1042 apud
736 970 831 1042 ipsum
841 970 938 1027 1111111-
993 973 1106 1044 scriptae
1129 972 1265 1043 leguntur
1279 971 1311 1027 iu
1325 972 1427 1026 eodem
1444 971 1597 1028 Burcberdi
1617 971 1692 1028 libro
1707 988 1765 1039 ιιι,
1781 988 1843 1042 cap.

89 1063 195 1118 bantur
219 1059 385 1115 nominibus
414 1058 612 1126 conciliorum,
639 1059 684 1114 rel
707 1060 887 1130 pontificum,
908 1059 940 1115 in
993 1065 1019 1117 5.
1044 1060 1141 1115 Solum
1165 1059 1196 1113 iu
1220 1060 1274 1114 hoc
1298 1058 1390 1131 capite
1419 1059 1631 1115 burchardiano
1654 1059 1755 1132 plures
1779 1065 1843 1115 suut

90 1165 215 1222 quorum
238 1148 358 1203 decretis
373 1146 491 1203 aliunde
506 1147 590 1202 editis
611 1146 684 1202 nibil
700 1147 756 1203 lale
778 1148 940 1218 reperitur,
994 1164 1080 1220 quam
1105 1146 1136 1201 in
1164 1146 1399 1202 laudetocodice.
1423 1147 1686 1218 Interrogatiouum
1711 1163 1842 1219 paragra

89 1254 125 1293 ea
137 1237 168 1292 in
183 1235 340 1308 deperditis
361 1235 529 1292 eorumdem
552 1235 732 1292 documentis
747 1253 764 1292 a
778 1235 940 1291 burchardo
994 1235 1053 1309 phi,
1071 1251 1143 1306 quos
1171 1234 1293 1290 vitandae
1316 1234 1492 1290 contusionis
1516 1251 1601 1291 cansa
1620 1236 1753 1291 numeris
1772 1251 1843 1290 com·

89 1326 134 1381 rel
161 1325 196 1380 ab
224 1324 445 1396 exscriptoribus
467 1325 529 1394 ejus
549 1324 667 1379 inventa
693 1326 789 1395 plures
812 1325 941 1381 credide·
994 1323 1159 1396 putavimus
1192 1327 1278 1394 atque
1315 1322 1508 1391 distinximus,
1538 1324 1615 1395 apud
1648 1323 1842 1379 burchardum

90 1418 177 1491 runt,
194 1428 226 1467 ec
248 1418 403 1484 propterea
417 1412 517 1467 eadem
532 1411 621 1467 veluti
639 1412 801 1482 Fragmenta
815 1413 942 1483 pretiosa
994 1416 1062 1467 sunt
1075 1416 1190 1467 centum
1215 1416 1244 1466 et
1267 1412 1425 1481 nonaginta
1438 1418 1571 1484 quatuor.
1587 1414 1619 1468 lu
1633 1427 1670 1468 1ο
1686 1417 1784 1467 1ο11ω
1796 1429 1843 1468 11-

91 1507 127 1562 ab
148 1505 218 1577 ipsis
233 1509 400 1560 conservata
421 1521 474 1559 suo
498 1505 637 1576 cuiusque
660 1504 773 1575 synodi,
790 1504 834 1559 rel
850 1506 942 1576 ponti·
995 1501 1057 1555 dice
1071 1499 1311 1570 interrogationes
1326 1500 1436 1555 eaedem
1451 1505 1517 1555 sunt
1531 1516 1563 1556 ac
1577 1499 1742 1555 inlaudata
1754 1499 1842 1570 capito

91 1593 153 1650 tlcis
166 1595 229 1649 loco
245 1593 275 1647 iu
288 1592 481 1649 Consiliorum
494 1592 668 1648 editionibus
683 1592 780 1648 addita
794 1597 870 1648 suut.
887 1593 941 1658 Qui
957 1635 976 1688 B
995 1588 1096 1661 quinto
1121 1588 1278 1643 burchardi
1294 1606 1310 1642 a
1324 1604 1406 1643 uum.
1425 1592 1436 1644 t
1456 1605 1545 1660 usque
1570 1590 1603 1644 ad
1628 1603 1712 1643 uum.
1736 1590 1783 1657 58,
1797 1589 1841 1659 qui

91 1698 160 1738 roro
185 1697 246 1737 rem
262 1682 337 1736 hanc
359 1681 520 1736 accuratius
543 1681 760 1751 expendendam
778 1697 939 1753 suscepere,
995 1677 1118 1748 incipit:
1140 1677 1259 1733 Violasti
1282 1679 1444 1748 sepulcrum.
1461 1679 1532 1734 bein
1547 1678 1624 1748 apud
1648 1678 1838 1733 burchardum

94 1770 263 1825 detexerunt
298 1768 494 1825 burchardum
525 1769 711 1841 synodorum,
744 1770 941 1826 bumanorum
995 1765 1144 1821 abundent
1166 1769 1320 1835 sequentes
1344 1765 1458 1820 numeri
1479 1768 1545 1820 ebt)
1567 1782 1662 1838 usque
1686 1765 1722 1821 ad
1751 1781 1780 1821 u.
1798 1768 1837 1822 1113

93 1857 276 1928 pontificum,
293 1862 343 1913 aut
366 1862 531 1913 sanctorum
556 1859 673 1913 Petrum
699 1858 864 1914 nominibus
888 1859 941 1914 tri·
996 1852 1141 1919 inclusive,
1166 1852 1217 1924 qui
1232 1852 1430 1908 inscribuntur
1445 1854 1478 1908 de
1499 1856 1692 1924 1111111111,
1716 1854 1752 1909 de
1766 1856 1836 1909 sacri·

94 1945 190 2001 buisse
205 1961 239 2000 ea
253 1946 377 2017 capitula
401 1962 465 2017 qaue
480 1946 588 2018 begiuo
610 1947 654 2001 rel
674 1963 708 2001 ex
729 1947 941 2018 capitularibus
996 1943 1074 2010 leqio,
1090 1942 1123 1996 de
1145 1943 1212 2010 puta
1230 1947 1255 1997 et
1276 1941 1415 2004 ebrictate,
1438 1941 1472 1996 de
1494 1943 1710 2011 irreligiositate,
1737 1941 1834 1997 iterate

95 2049 208 2104 rogum,
232 2035 275 2088 ret
300 2049 332 2089 1ι
348 2034 496 2102 libabam,
520 2035 564 2092 vel
590 2049 624 2089 1ι
648 2036 791 2091 Ferreudo
809 2035 941 2104 diacono,
996 2035 1054 2084 urle
1068 2032 1186 2097 modica,
1208 2029 1241 2085 dt
1261 2032 1450 2100 superstitione
1464 2035 1489 2084 el
1511 2033 1576 2085 item
1596 2031 1630 2086 dc
1653 2036 1714 2085 arte
1728 2028 1831 2097 111αοί11.

95 2121 139 2175 vel
154 2120 215 2175 sine
238 2121 295 2174 ulla
318 2119 442 2174 auctoris
464 2121 611 2175 mentione
626 2120 763 2175 recitavit.
779 2120 942 2191 Stephanus
996 2118 1145 2174 1111111111
1169 2117 1283 2173 numeri
1307 2119 1411 2174 desunt
1432 2117 1462 2174 iu
1483 2125 1646 2174 memorato
1668 2118 1777 2184 codice,
1795 2120 1831 2191 qui

95 2207 226 2262 baluzius
254 2208 284 2262 iu
307 2207 421 2262 laudata
444 2208 624 2279 prelatione,
648 2224 728 2263 uum.
753 2210 887 2292 ²²’.hae0
907 2209 942 2265 de
995 2205 1123 2277 postilla
1137 2206 1252 2262 numeri
1267 2209 1311 2274 58,
1328 2208 1449 2264 Violasti
1462 2208 1624 2279 sepulcrum,
1640 2212 1710 2275 etc,
1725 2206 1828 2262 subdit:

95 2295 301 2367 Capitularium
324 2296 405 2351 libris
429 2295 540 2351 notavit
556 2313 562 2350 :
577 2297 754 2352 baratarius
778 2312 839 2352 aum
862 2300 942 2365 beqi-
996 2295 1169 2351 Concubuisti
1198 2310 1258 2350 cum
1285 2311 1375 2351 sorore
1399 2298 1495 2351 acoris
1519 2302 1581 2364 tua,
1604 2300 1672 2364 etc,
1703 2295 1747 2351 uti
1768 2296 1827 2367 apud

94 2398 190 2438 1111111
212 2384 379 2453 corupiluret,
402 2384 575 2452 maluitque
598 2385 661 2439 binc
679 2386 829 2455 accipiebat
851 2387 943 2456 capita
998 2383 1192 2439 burchardum
1217 2399 1297 2439 uum.
1316 2385 1375 2450 tot,
1394 2390 1422 2439 et
1445 2384 1575 2456 sequitur
1598 2401 1691 2457 usqae
1710 2385 1749 2441 ed
1762 2401 1825 2440 uun.

96 2471 213 2525 tribuere
240 2472 360 2526 conciliis
387 2471 561 2540 quibusdam,
589 2476 639 2526 aut
661 2473 790 2527 Patribus
809 2475 942 2543 antiquis,
999 2473 1059 2538 151,
1090 2472 1249 2540 credidisti,
1278 2473 1351 2541 quod
1377 2473 1490 2542 quidam
1515 2473 1621 2529 11111111
1650 2475 1746 2541 solent,
1773 2472 1828 2544 qaod

96 2574 179 2627 quam
205 2558 314 2626 leuibus
343 2560 468 2626 uostris,
495 2559 567 2628 quod
592 2561 758 2615 Francorum
785 2562 942 2630 appellatio,
997 2562 1053 2614 siut
1067 2564 1185 2627 agrestes
1198 2562 1316 2629 (emine,
1342 2565 1395 2615 111.
1411 2560 1523 2616 Omittit
1538 2567 1634 2616 autem
1659 2576 1726 2632 quae
1744 2560 1774 2615 iu
1787 2560 1828 2615 lius

96 2661 151 2715 qua
174 2648 318 2713 begiaonis
339 2650 421 2715 atque
445 2647 609 2709 Witicbiadi
629 2649 777 2703 etiamnum
801 2663 856 2704 auo
883 2650 944 2716 olo·
997 2647 1084 2718 hujus
1098 2647 1211 2702 numeri
1223 2648 1299 2718 apud
1315 2649 1512 2705 burchardum
1527 2649 1704 2722 adjiciuntur
1720 2665 1728 2705 ι
1743 2651 1775 2705 lu
1784 2650 1828 2704 istis

95 2735 240 2789 riabuutur
257 2750 333 2803 reges
352 2735 557 2800 bumanorum,
578 2738 711 2805 usurpari
727 2737 853 2793 desiisset
865 2742 944 2793 atate
998 2735 1120 2790 omuibus
1147 2735 1315 2803 supradictis
1339 2736 1435 2791 debeat
1454 2738 1617 2807 sacerdotes,
1641 2743 1709 2805 111,
1726 2753 1758 2792 ec
1769 2754 1829 2810 pre-

95 2821 268 2888 Burcbardt,
296 2823 415 2893 adeoque
439 2829 555 2878 eculeo
580 2825 737 2880 baronibus
760 2830 828 2880 esset
856 2828 943 2880 omnis
998 2828 1077 2878 terea
1100 2822 1217 2893 ignorat
1239 2829 1408 2894 sequentem
1428 2840 1583 2880 numerum
1607 2828 1670 2892 153,
1693 2826 1830 2897 cujusini·

96 2910 297 2979 Capitutcrium
330 2912 444 2965 istomm
475 2913 635 2966 reverentia.
666 2912 842 2968 burchardus
874 2910 980 2967 enimc
999 2911 1071 2966 tium
1097 2916 1140 2966 cst
1155 2928 1162 2966 :
1179 2912 1276 2966 Fecisti
1299 2916 1330 2966 ut
1344 2911 1469 2983 quedam
1492 2914 1617 2968 multem
1632 2915 1661 2967 ia
1682 2914 1831 2984 quibusdan

95 2999 175 3053 111111
189 3003 296 3054 tanum
318 3014 378 3068 cap.
394 3001 550 3055 11811119
566 3000 630 3054 libri
643 3002 730 3069 priam
742 3003 809 3056 citat
822 3003 943 3070 capitula
998 3000 1170 3069 temporibus,
1187 3005 1241 3055 etc.
1264 3000 1325 3054 llox
1341 2999 1418 3054 idem
1443 2999 1531 3055 codex
1549 3000 1699 3072 productis
1720 2998 1830 3055 numeris

96 3086 194 3141 Karoti
217 3088 322 3154 Magni,
346 3088 385 3140 sio
409 3091 440 3140 ut
455 3086 542 3141 addat
565 3086 615 3142 illa
630 3088 664 3142 ab
687 3091 819 3157 episcopis
842 3088 944 3144 collau·
997 3088 1074 3159 apud
1101 3088 1294 3143 burchardum
1326 3090 1387 3153 151,
1417 3091 1466 3145 155
1493 3094 1522 3143 11
1552 3092 1611 3157 tas,
1642 3090 1774 3160 praeterit
1793 3103 1830 3142 ser

95 3173 163 3229 data
189 3189 245 3229 csse
271 3175 347 3243 apud
370 3176 587 3243 Aquisqrauum,
613 3175 718 3244 alioqui
751 3178 870 3243 forsitan
900 3177 943 3231 bis
997 3191 1132 3230 numeros
1156 3182 1308 3247 sequentes
1331 3193 1442 3232 anans.
1470 3181 1531 3245 itit,
1552 3179 1656 3234 Fecisti
1678 3178 1753 3247 quod
1774 3191 1830 3247 qus

95 3277 149 3315 uou
174 3276 283 3316 usurus.
309 3260 383 3315 lltud
399 3277 465 3315 vero
491 3261 672 3316 burchardus
699 3262 753 3317 sibi
777 3262 943 3333 prestitisse
997 3264 1061 3317 dam
1084 3265 1208 3319 mulieres
1222 3266 1312 3330 [11111
1335 3266 1431 3334 soleat,
1446 3271 1477 3320 ut
1490 3281 1550 3320 cum
1572 3267 1630 3335 litio
1653 3270 1700 3320 tuo
1719 3265 1831 3336 paruulo,

95 3349 217 3414 ridetur,
236 3353 266 3403 nt
289 3348 413 3420 capitula
435 3355 550 3419 sumpta
576 3350 788 3406 excusatoribus
814 3351 863 3424 qni
884 3368 944 3407 uon
997 3357 1063 3417 etc,
1081 3367 1170 3423 usque
1192 3352 1228 3408 ad
1247 3368 1328 3406 num.
1355 3356 1413 3408 161.
1444 3354 1556 3409 Profert
1574 3359 1672 3410 autem
1692 3369 1832 3409 numerum

96 3443 192 3491 esseut
207 3438 251 3493 111
273 3436 381 3492 summi
405 3436 566 3507 pontifices,
583 3438 627 3494 vel
650 3439 762 3510 synodi,
779 3439 822 3493 rel
846 3441 944 3495 Patres
998 3443 1060 3508 163,
1087 3442 1254 3507 tutareristi
1272 3440 1362 3510 lilium
1384 3443 1426 3497 cel
1449 3443 1630 3511 1111111111,
1653 3458 1724 3496 11ω
1738 3440 1833 3498 duobus

96 3525 165 3579 satis
188 3524 252 3580 uoti
275 3529 303 3579 et
326 3525 463 3593 celebres,
490 3540 549 3580 non
573 3527 617 3581 sui
645 3527 784 3599 cujusque
808 3528 943 3597 auctoris,
996 3529 1192 3601 sequentibus.
1223 3529 1306 3584 Caret
1332 3545 1413 3585 num.
1445 3533 1506 3596 too,
1531 3532 1656 3588 Gustasti
1678 3531 1714 3585 de
1738 3532 1832 3591 11111111,

95 3613 145 3668 sed
170 3613 227 3668 elio
251 3613 400 3668 celebriori
419 3615 537 3670 uomina
555 3616 702 3686 allegaret.
727 3616 794 3681 Quae
815 3616 944 3672 auimed-
997 3621 1051 3670 etc.
1082 3617 1153 3670 'lum
1182 3616 1324 3687 descripto
1354 3632 1475 3671 numero
1501 3621 1561 3685 167,
1587 3618 1691 3673 bibisti
1718 3618 1832 3680 cbrisua,

95 3699 187 3756 rersio
210 3700 343 3772 perutilis
365 3699 420 3756 erit
439 3701 471 3756 iu
494 3701 624 3772 legendis
640 3702 857 3760 collectionibus
872 3706 942 3759 bur·
997 3709 1062 3771 etc,
1080 3704 1188 3758 omittit
1210 3710 1327 3759 ceteros
1354 3705 1606 3776 quatuordecima
1630 3721 1714 3761 οοω.
1740 3707 1786 3760 lbi
1799 3719 1833 3758 us

95 3789 201 3845 chardo
224 3789 443 3860 posterioribus,
460 3805 493 3844 ex
516 3791 669 3861 gationis
689 3796 718 3846 et
739 3792 877 3859 Gratiani,
893 3792 944 3864 qui
997 3808 1054 3862 que
1075 3793 1110 3846 ad
1128 3794 1188 3853 181,
1203 3796 1289 3863 etque
1304 3792 1450 3848 concludit
1463 3808 1529 3849 cum
1555 3792 1777 3849 burchardianis
1790 3807 1832 3846 nu·

95 3879 179 3950 plura
205 3877 335 3948 ejusdem
363 3878 477 3949 generis
507 3895 541 3933 ex
570 3881 732 3935 burchardo
761 3885 941 3951 receperunt.
998 3878 1084 3933 meris
1105 3881 1165 3945 181,
1186 3880 1353 3949 Oppressisti
1382 3882 1525 3951 infantem,
1559 3886 1588 3937 et
1622 3884 1684 3948 183,
1719 3878 1833 3939 1111111111·

94 3965 176 4021 1111ω
194 3981 280 4036 porro
296 3965 410 4020 laudem
426 3966 493 4020 huic
506 3966 666 4020 collectioni
681 3982 782 4022 omues
796 3967 943 4035 tribuunt,
997 3968 1141 4034 infantem.
1160 3967 1342 4024 burchardus
1365 3968 1444 4025 addit
1464 3969 1496 4024 in
1518 3969 1576 4025 flue
1593 3971 1729 4026 undecim
1744 3983 1833 4026 naue·

95 4054 171 4126 quod
188 4053 357 4117 methodum
378 4052 446 4106 satis
469 4057 566 4124 aptam
582 4059 730 4125 sequatur,
755 4070 787 4108 ac
805 4060 942 4126 preterea
997 4070 1055 4119 ros,
1081 4054 1131 4127 qui
1157 4054 1188 4110 iu
1207 4055 1303 4111 codice
1335 4071 1395 4111 uon
1428 4057 1621 4129 reperiuntur.
1648 4055 1833 4115 Poeuitoutials

93 4157 219 4196 cenoucs
245 4141 356 4211 aliquot
378 4139 568 4195 conciliorum
591 4141 750 4196 Germaniae
776 4142 942 4212 posterioris
997 4142 1084 4212 hujus
1103 4142 1208 4197 codicis
1223 4143 1400 4200 Germanicis
1411 4144 1545 4199 Ecclesiis
1560 4144 1702 4202 usitatum
1721 4145 1833 4201 iudiust

93 4230 232 4300 temporis
255 4229 413 4295 contiueat,
434 4228 485 4299 qui
508 4230 551 4283 vel
568 4229 597 4284 in
621 4229 943 4288 rarissimis'codicibus
996 4228 1074 4284 inter
1095 4234 1212 4285 ceteros
1238 4231 1294 4286 duo
1323 4231 1448 4301 numeri,
1472 4232 1503 4287 iu
1531 4233 1637 4304 quibus
1663 4231 1831 4289 theutonice

93 4315 291 4378 inveniuntur,
308 4317 352 4370 vel
377 4315 464 4371 etiam
482 4315 619 4371 lectiones
633 4317 791 4389 praeierunt
807 4318 941 4389 optimas,
997 4316 1151 4372 locutionis
1170 4318 1203 4372 tit
1218 4318 1338 4373 mantio.
1357 4319 1502 4386 11111130,
1529 4319 1602 4389 quod
1620 4320 1781 4377 Tbeutosrioc
1797 4332 1832 4373 aa·

94 4419 126 4457 ex
141 4402 246 4474 quibus
260 4403 367 4474 irrigati
385 4403 533 4459 emendari
547 4410 666 4476 queunt.
996 4409 1061 4460 riua
1086 4411 1212 4470 uocatur
1237 4410 1266 4461 et
1287 4422 1352 4477 quse
1375 4423 1456 4462 uum.
1483 4410 1528 4463 151
1553 4408 1628 4479 epud
1650 4407 1829 4464 burchardum
1866 4422 1869 4471 1

129 4494 237 4546 11111
262 4492 379 4547 tandem
404 4493 535 4548 omittere
559 4495 704 4550 uolumus.
731 4495 827 4552 Primo
844 4496 874 4552 in
898 4497 943 4552 bi·
997 4494 1165 4559 efferuntur.
1193 4494 1266 4564 quod
1296 4496 1420 4564 1111111111
1451 4497 1571 4551 stultitia
1608 4497 1751 4565 Wersoolff
1766 4495 1830 4550 11111
1866 4486 1869 4557 i

93 4580 237 4636 bliotlieca
250 4581 385 4636 Vaticana
401 4581 462 4637 siue
486 4583 742 4640 auctorisnomiue
757 4589 942 4641 exstatsctus
995 4581 1024 4636 iu
1041 4581 1139 4638 codice
1162 4582 1363 4653 exprimuntur
1386 4582 1446 4637 sic:
1462 4582 1535 4652 quod
1558 4585 1710 4639 tbeutouice
1732 4578 1828 4637 uerat
1867 4572 1869 4577 ’

93 4670 180 4725 codex
209 4670 280 4726 4117
313 4670 466 4742 inscriptus
498 4673 636 4730 Corector
668 4678 697 4728 et
729 4675 860 4743 Medicus,
895 4675 942 4731 cui
994 4675 1117 4726 uocatur.
1142 4671 1234 4725 Facile
1257 4676 1354 4725 autem
1371 4687 1406 4726 ex
1430 4670 1512 4726 dictis
1525 4671 1668 4743 conjicere
1684 4671 1749 4727 licet
1768 4670 1827 4724 bur·

91 4752 215 4807 similem
240 4753 458 4812 iubibtiotliecs
480 4757 634 4812 Parisieusi
662 4758 694 4814 S.
723 4759 844 4813 Victoris
870 4760 942 4817 vidit
995 4758 1202 4814 cherdumhoc
1225 4758 1425 4814 Paenitentiale
1442 4760 1519 4830 apud
1535 4775 1604 4816 suos
1625 4764 1767 4831 receptum
1783 4753 1827 4810 111

90 4840 177 4895 etiam
214 4842 336 4898 lacobus
373 4845 455 4912 Petit,
494 4862 526 4901 ac
563 4861 596 4901 ex
634 4847 737 4903 eodem
773 4855 940 4921 excerptum
995 4845 1111 4902 lectioni
1132 4846 1296 4915 inseruisse,
1319 4851 1348 4902 et
1362 4863 1395 4902 ex
1409 4847 1473 4902 aliis
1495 4848 1743 4904 Poeuiteutislibns
1761 4840 1826 4902 eddi·

91 4928 170 4984 dedit
199 4929 230 4984 in
249 4931 441 4988 Paenitentiali
468 4933 609 4990 Theodori
635 4939 705 4991 tom.
734 4936 756 5004 l,
782 4952 849 5008 psg.
877 4939 939 4993 358.
995 4935 1151 5007 disceque
1168 4934 1468 4992 ineodesiderautar.
