3878 6112
530 278 726 338 nteuotttta
745 280 1023 342 nectusmsrtct.
1600 295 1653 351 30²

87 401 131 458 vir
148 401 323 458 venerabilis
349 402 437 457 abbas
465 403 618 469 Atinnlius,
649 403 783 459 erudi-A
802 419 976 462 concessum.
995 409 1052 464 Nec
1067 424 1126 464 non
1140 408 1226 464 etiam
1253 410 1369 466 anobis
1384 411 1466 477 adiit,
1483 417 1570 486 atque
1585 432 1652 471 con·

70 488 145 546 ibus
160 489 331 563 disciplinis,
347 494 375 545 et
388 494 483 545 rector
502 492 624 546 coenobii
653 490 748 546 Sancti
803 492 914 550 firmari
929 496 1046 566 placuit,
1063 503 1095 552 ot
1108 513 1142 552 ex
1157 497 1291 553 omnibus
1310 499 1396 554 rebus
1426 501 1469 556 vel
1502 504 1652 574 mancipiis

73 579 124 653 qui
149 580 295 635 estsitum
319 578 349 633 in
363 584 457 633 castro
486 579 598 647 Casino,
624 580 749 650 ubiipso
804 581 915 652 exipso
943 588 1041 638 sancto
1070 585 1245 640 monasterio
1275 586 1485 656 pertinentibus
1508 592 1653 646 cartulatis

70 667 104 722 ris
132 666 288 738 sepulturae
315 667 409 721 locum
439 669 624 722 veneratione
646 668 750 723 dicavit
804 669 979 738 retollertis,
1000 671 1097 726 liberis
1122 677 1208 744 atquc
1224 674 1313 728 servis
1328 675 1376 729 ubi
1391 693 1457 746 pars
1481 678 1652 749 ipsiusmo-

70 772 79 811 ι
102 756 326 826 congregatione
342 771 430 826 quam
448 755 478 810 in
503 757 604 811 eodem
620 757 682 810 loco
697 757 749 811 sub
805 759 922 813 nasterii
938 760 1026 815 sancti
1041 759 1227 815 citiusvaleat
1240 778 1321 817 snam
1330 763 1474 834 justitiam
1492 767 1648 839 consequi:

72 844 130 900 ilici
142 845 312 900 contessoris
326 845 521 915 omnipotenti
538 847 594 900 lieo
606 844 749 900 Benedicti
804 845 843 899 ita
858 853 923 917 post
945 847 1019 902 lacta
1035 848 1222 919 inquisitione
1253 866 1314 905 rem
1343 867 1430 923 quem
1461 854 1651 911 clamaverint

70 934 204 988 lescrvire
219 933 417 1003 cognovimus,
446 949 499 1003 per
524 949 597 1004 quos
625 934 686 1004 ipse
701 949 747 987 ee·
804 951 856 1005 per
867 935 1017 1006 predictos
1030 952 1145 991 veraces
1159 937 1291 993 homines
1319 939 1379 1011 jam
1408 941 1652 1015 praedictoperti-

70 1021 139 1077 bbas
153 1022 298 1092 pecientes
313 1021 373 1092 (sic)
388 1021 588 1076 celsitudinem
610 1027 749 1089 nostram,
805 1038 872 1078 nere
895 1031 992 1078 sancto
1018 1026 1192 1080 monasterio
1216 1028 1245 1081 in
1270 1027 1378 1098 palatio
1402 1045 1652 1104 quorumcumque

70 1126 142 1166 trem
166 1110 216 1165 liei
242 1115 271 1165 ct
299 1109 492 1164 reverentiam
511 1110 639 1180 ejusdem
659 1110 750 1165 sancti
804 1112 900 1167 taliter
914 1114 1099 1184 respondere,
1113 1115 1210 1169 auide
1224 1122 1403 1172 sacramento
1425 1120 1648 1191 compelluntur.

70 1203 480 1272 equenostraeaugmeniem,
497 1215 549 1252 nec
573 1215 631 1252 non
659 1199 750 1253 stabi-
804 1200 959 1255 Sivcrode
987 1200 1074 1255 servis
1097 1207 1148 1256 aut
1180 1202 1300 1268 ancillis,
1331 1204 1375 1259 vet
1406 1206 1441 1260 do
1475 1205 1653 1277 quibuslibet

70 1287 122 1343 stri
135 1288 228 1359 regni,
255 1288 412 1342 secundum
441 1287 682 1356 predecessorum
698 1303 749 1341 no·
804 1289 965 1344 rehusorta
988 1290 1133 1344 contentio
1161 1290 1259 1360 luerit,
1284 1290 1370 1347 liceat
1389 1295 1540 1349 monachis
1559 1294 1652 1350 cidem

70 1382 261 1448 mperatorum
291 1379 445 1446 precepta,
475 1379 663 1446 augustorum
680 1375 751 1428 scili·
804 1377 894 1431 sancti
926 1378 1094 1433 monasterii
1122 1377 1185 1449 ipos
1212 1379 1335 1434 retinere
1364 1396 1516 1452 quousque
1545 1381 1576 1436 in
1598 1398 1653 1436 no-

92 1464 229 1530 Lotharii,
247 1464 370 1530 Ottonis,
385 1480 438 1534 per
451 1463 505 1518 hoc
519 1469 625 1518 nostrae
651 1469 750 1518 aucto·
803 1470 891 1521 stram
911 1482 962 1520 seu
989 1466 1158 1521 corumdem
1183 1482 1376 1521 successorum
1392 1473 1557 1523 nostrorum
1579 1485 1652 1540 pree-

70 1583 72 1599 »
99 1553 324 1609 confirmationis
349 1558 526 1624 pracceptum
552 1553 626 1607 circu
654 1552 749 1625 ipsum
804 1554 925 1609 sentiam
941 1553 1067 1620 veniant,
1085 1559 1113 1609 et
1127 1553 1234 1609 ibidem
1249 1570 1345 1611 coram
1361 1555 1444 1611 nohis
1464 1556 1565 1628 positis
1579 1556 1653 1612 deti-

70 1657 97 1697 m
110 1643 204 1696 locum
220 1658 254 1697 ea
276 1658 341 1712 quae
357 1641 575 1713 subterscripta
589 1641 749 1696 decernunt
765 1688 785 1741 B
804 1643 950 1697 herentur.
964 1641 1132 1713 Quicunque
1148 1641 1270 1714 [contra]
1298 1633 1384 1697 hanc
1404 1650 1532 1698 nostram
1560 1644 1653 1715 impc-

70 1734 122 1787 tet
146 1731 331 1785 corrohorare
347 1729 546 1800 dignaremur;
576 1746 676 1784 omncs
704 1745 749 1784 res
806 1731 905 1785 rialem
920 1730 1131 1785 institutionem
1146 1729 1188 1784 ire
1199 1731 1360 1798 tentaverit,
1377 1735 1461 1785 antea
1482 1747 1548 1802 quac
1568 1746 1654 1802 supra

70 1836 136 1875 ones
151 1824 180 1873 et
204 1819 362 1890 mancipias
375 1823 404 1872 ct
422 1818 560 1884 aldianas,
585 1819 750 1886 cartulatos,
806 1823 963 1873 memorata
982 1818 1220 1888 incomprehensa
1247 1822 1315 1872 erint
1346 1818 1467 1873 minime
1491 1818 1652 1886 observare,

70 1924 92 1963 »s
107 1924 207 1962 servos
232 1912 260 1962 ct
275 1908 402 1972 ancillas,
420 1923 485 1961 com
502 1907 585 1961 terris
607 1911 635 1961 et
649 1906 750 1975 vineis,
806 1907 877 1981 quin
898 1907 1134 1962 tortasseviolarc
1161 1911 1212 1962 out
1225 1906 1390 1979 dirumpere
1406 1908 1566 1977 tentaverit,
1584 1907 1654 1962 sciat

70 1995 172 2061 atibus,
202 1995 306 2067 planis,
331 1994 516 2065 planitiebus,
547 1994 628 2065 aquis
666 2010 753 2067 aqua·
806 2011 836 2049 se
850 2011 934 2065 poena
948 1994 1172 2064 persolviturum
1187 1994 1250 2048 auri
1265 1993 1368 2065 optimi
1382 1995 1470 2050 lihnas
1485 1995 1574 2062 mille,
1590 2011 1653 2050 me

70 2083 220 2138 recursibus
241 2088 328 2153 atque
351 2081 479 2153 piscariis
517 2082 646 2152 deposita
678 2082 753 2136 inira
806 2082 944 2138 dietatem
974 2099 1096 2138 camerae
1124 2087 1242 2149 nostra,
1269 2087 1297 2137 et
1328 2083 1512 2139 medietatem
1544 2085 1652 2139 domno

70 2173 158 2244 lulphi
178 2171 356 2243 principatus
372 2173 506 2242 capuano
530 2177 558 2226 et
591 2171 753 2242 Pandulphi
806 2171 1112 2227 atenulfusenerabili
1139 2170 1245 2237 abbati,
1276 2171 1318 2225 ret
1347 2171 1465 2242 suisque
1485 2171 1653 2226 successori-

70 2278 108 2317 no
132 2260 266 2332 principi,
293 2276 358 2314 eom
399 2259 539 2313 universis
567 2258 753 2329 pertinenciis
806 2260 869 2329 bus,
912 2259 956 2314 vel
986 2259 1112 2314 ccclesiae
1158 2259 1247 2314 sancti
1277 2257 1434 2314 Benedicti.
1468 2259 1654 2331 Praecipimus

70 2348 196 2405 ridentur
209 2348 284 2403 infra
298 2348 352 2402 hos
385 2348 456 2402 lines
483 2364 546 2418 qua>
570 2346 752 2401 inierinsde·
807 2349 904 2415 etiam,
925 2347 1091 2418 ubicunque
1130 2352 1263 2417 repertus
1283 2346 1370 2401 fuerit
1394 2363 1427 2401 ex
1449 2347 1535 2402 rohos
1563 2346 1654 2418 ipsius

87 2442 117 2493 et
138 2439 215 2510 quod
241 2437 368 2508 antiquis
405 2436 585 2506 temporibus
607 2451 752 2508 possessus
807 2437 898 2492 sancti
923 2435 1100 2501 monasterii,
1115 2436 1160 2490 vel
1180 2435 1258 2490 cellis
1273 2435 1387 2490 illicitas
1416 2439 1502 2507 atque
1533 2435 1652 2491 damno·

72 2524 147 2580 iente
177 2542 193 2579 a
217 2525 311 2595 prima
344 2523 400 2577 linc
426 2523 462 2577 ab
484 2523 547 2594 ipso
569 2522 699 2578 Cornelio
726 2525 754 2576 et
808 2542 852 2580 sas
866 2541 915 2579 seu
944 2523 1061 2578 inutiles
1084 2539 1155 2595 quas
1183 2523 1351 2595 scriptiones
1379 2524 1424 2578 vel
1463 2523 1655 2579 contumatio-

87 2613 152 2668 salit
177 2629 229 2683 per
268 2612 331 2681 ipsa
368 2615 465 2665 contra
501 2626 593 2681 usquc
624 2611 654 2665 in
692 2611 753 2664 rivo
807 2631 858 2669 nes
887 2618 1071 2679 evacuentur,
1088 2613 1182 2667 velud
1201 2613 1262 2683 ejus
1289 2616 1463 2685 potestatem
1492 2613 1582 2667 sancti
1602 2613 1655 2668 Be·

70 2703 222 2772 [seouonoi
253 2703 327 2755 nomi
353 2699 384 2754 di
409 2704 489 2765 terre,
516 2701 602 2753 chiese
624 2698 657 2754 ed
685 2701 755 2753 ottrc
808 2702 914 2757 nedicti
929 2700 1126 2755 restituantur.
1152 2701 1297 2755 Utautem
1324 2700 1384 2756 hec
1400 2705 1497 2755 nostra
1523 2699 1657 2772 imperia·

70 2791 113 2845 :lto
137 2790 231 2858 Badio)
236 2830 288 2844 .....
331 2789 361 2842 in
392 2788 548 2858 integrum,
578 2788 752 2860 quibuscun·
808 2790 843 2845 lis
857 2787 1012 2860 praeceptio
1031 2803 1083 2858 per
1096 2787 1224 2843 tutorum
1240 2793 1404 2859 temporum
1431 2788 1588 2844 firmiorem
1605 2789 1657 2844 ob-

88 2879 171 2950 regni
186 2878 292 2932 linibus
307 2875 393 2948 positi
407 2881 483 2944 sunt,
500 2881 529 2929 et
540 2892 604 2946 quae
621 2876 654 2930 ad
672 2892 753 2930 eum·
807 2879 899 2932 tinent
912 2877 1050 2948 vigorem,
1077 2881 1306 2931 manusnostras
1334 2877 1434 2931 subter
1466 2876 1656 2944 firmavimus,

70 2966 151 3022 abile
178 2964 477 3020 monasteriumbcati
504 2965 648 3019 Benedicti
677 2959 790 3020 Chri-C
809 2973 838 3022 et
869 2965 976 3020 annulo
1005 2967 1102 3019 nostro
1142 2964 1262 3036 sigillari
1289 2964 1427 3037 iussimus
1456 2964 1584 3037 (sortasse
1609 2965 1658 3019 in-

71 3055 143 3108 soris
182 3057 375 3124 pervenerunt
404 3057 433 3107 et
465 3067 601 3115 nossessae
625 3052 754 3122 luerunt,
808 3053 930 3128 signiri).

70 3142 371 3209 etmodotenuerunt,
387 3141 527 3212 perhanc
555 3145 660 3195 nostre
686 3158 756 3195 con·
845 3143 959 3209 Signum
987 3139 1080 3195 domui
1107 3140 1220 3194 ilenrict
1249 3143 1417 3197 serenissime·
1446 3143 1661 3198 etioutctissimt

70 3249 80 3286 s
107 3231 305 3286 auctoritatem
323 3230 430 3284 nostris
449 3228 613 3300 futurisque
642 3235 754 3301 tempo·
809 3231 982 3302 imperatoris
994 3229 1124 3297 Augusti.

70 3320 222 3391 ctesipsios
244 3318 411 3373 monasterii
435 3317 526 3388 ipsius
555 3318 642 3372 sancti
663 3319 755 3374 Bene·
846 3319 996 3374 llcioricus
1016 3315 1203 3371 cancellarius
1232 3316 1293 3372 vice
1316 3317 1454 3373 Everardi
1480 3319 1607 3392 episcopi
1632 3325 1661 3375 ct

71 3414 113 3463 ter
141 3407 345 3463 inviolabiliter
367 3409 463 3462 teneat
490 3411 518 3460 et
540 3407 691 3477 possideat,
725 3411 758 3461 ut
811 3405 1029 3477 archicapellani
1046 3404 1209 3476 recognovi.

70 3498 93 3551 el
129 3497 237 3551 utilitas
266 3496 355 3567 ipsius
397 3495 567 3549 venerabilis
591 3495 758 3550 monasterii
847 3495 950 3549 Datum
980 3509 1054 3548 anno
1078 3493 1235 3548 Dominicae
1270 3492 1477 3551 incarnationis
1507 3494 1660 3550 millesimo

72 3590 101 3641 ta
133 3590 167 3640 ut
194 3585 291 3639 nullos
307 3582 406 3654 judex,
433 3582 546 3654 publice
574 3583 710 3654 quislibet
724 3600 756 3637 ex
810 3599 870 3651 1111,
887 3581 1044 3637 indictione
1064 3598 1113 3647 xn,
1137 3598 1213 3636 anno
1233 3598 1300 3637 vero
1334 3583 1434 3638 domni
1457 3583 1583 3642 Heinrici
1608 3583 1663 3637 im·

70 3679 206 3745 potestate
232 3675 261 3727 in
290 3674 376 3727 cellas
400 3676 428 3726 et
467 3672 559 3739 villas,
586 3678 636 3727 aut
662 3688 756 3743 agros,
811 3671 953 3743 paraturis
967 3670 1092 3742 Augusti
1108 3670 1256 3741 regnantis
1270 3671 1453 3739 duodecimo,
1473 3671 1587 3745 imperii
1602 3673 1664 3743 ejus

76 3762 135 3816 sive
162 3763 286 3832 reliquas
309 3760 505 3831 possessiones
546 3776 632 3831 sopra
659 3760 758 3830 scripti
811 3759 917 3832 primo.

70 3851 155 3907 boeti
182 3849 328 3905 Benedicti
354 3865 426 3921 quas
471 3849 611 3904 moderno
639 3849 700 3919 ipse
728 3849 759 3902 in
848 3847 949 3901 Actum
966 3845 1063 3900 Bomae
1074 3843 1204 3900 feliciter.
1221 3846 1322 3901 Amen.

70 3956 141 4012 oque
166 3940 248 4010 pagis
273 3943 301 3992 et
327 3937 481 3992 territoriis
509 3937 583 3991 infra
607 3937 697 3991 nostri
718 3953 759 3991 re·
1182 3952 1299 4007 valll,

70 4044 106 4125 ¹⁰.
119 4028 195 4097 jum
227 4032 259 4124 εἰ,
276 4026 407 4125 Ῑῗῧᾶϋιθῗ
438 4025 572 4124 ”widin
606 4025 650 4079 ’Ἧι
679 4024 759 4096 qnic‘
814 4061 843 4117 S.
887 4058 1018 4113 Baeticus
1043 4058 1170 4112 Bcclesiae
1206 4060 1411 4127 Berpooreosis,
1444 4076 1462 4114 o
1502 4059 1665 4128 Beotnsredo

70 4115 196 4186 ¹⁰¹⁰⁰⁰P⁵
233 4115 330 4169 00000
370 4117 462 4185 100000
500 4129 555 4183 ¹11⁸¹
575 4117 673 4166 000000
698 4112 760 4166 ¹⁰⁰⁰
850 4133 974 4199 episcopo
1001 4131 1072 4182 mate
1110 4128 1221 4196 babitu,
1249 4134 1430 4199 possessiones
1473 4136 1499 4186 et
1518 4133 1666 4201 priuilegio

70 4219 174 4275 iugero,
208 4203 242 4257 ad
285 4219 385 4257 catrsas
431 4200 587 4256 audiendas
616 4200 660 4254 rel
686 4201 797 4295 irediD
851 4203 1002 4268 confirmat.
1622 4226 1642 4262 0

70 4296 111 4346 rta
147 4290 291 4361 exigendi,
328 4290 372 4343 vel
402 4288 564 4343 mansiones
603 4293 653 4342 ant
679 4305 777 4360 para»
1135 4285 1229 4357 (Anno
1251 4288 1343 4356 1013)

70 4378 132 4444 das,
166 4378 209 4432 sel
243 4394 349 4446 servos,
375 4394 426 4432 seu
462 4377 617 4432 cartulatos
647 4378 689 4430 rel
720 4377 762 4431 ol·
995 4373 1390 4444 [Ughclli,ltoliosocru,lll,
1410 4375 1483 4448 los]

70 4467 121 4537 qoi
145 4482 232 4536 super
246 4471 354 4520 terram
370 4464 460 4536 ipsius
488 4464 656 4519 monasterii
689 4464 760 4519 resi·
853 4464 884 4518 In
913 4461 1033 4516 nomine
1061 4467 1210 4516 sanctaeet
1232 4463 1389 4519 individue
1414 4464 1570 4534 Trinitatis,
1599 4467 1669 4520 Ben-

71 4559 173 4610 atenns
197 4553 421 4625 distringendos,
436 4570 488 4608 nec
501 4553 574 4607 ullas
593 4552 761 4608 redhibitio·
816 4567 904 4619 arcus,
921 4551 1018 4605 divina
1030 4549 1144 4605 invente
1167 4551 1330 4619 elementia,
1356 4568 1415 4617 rex.

72 4643 188 4698 illicitas
212 4643 374 4697 occasiones
420 4641 619 4712 requirendas,
657 4640 762 4694 nostris
852 4639 989 4710 Congruit
1002 4637 1178 4693 excellentiae
1193 4644 1300 4693 nostrae
1317 4639 1492 4695 venerabilia
1505 4645 1666 4696 sanctornm

70 4731 274 4799 itemporibus
288 4730 402 4801 ingredi
427 4730 540 4795 audeat,
557 4744 610 4783 nec
635 4744 669 4783 ca
698 4743 761 4800 quae
817 4726 1128 4798 locaintuitupietatis
1158 4727 1312 4798 respicere,
1344 4733 1431 4799 atque
1461 4730 1586 4783 neinibi
1610 4730 1667 4783 Beo

70 4824 218 4875 nemorata
237 4823 304 4873 sunt
332 4818 448 4889 penitus
469 4817 761 4888 exigeropraesumat,
817 4817 972 4871 servientes
988 4816 1114 4888 aliquam
1133 4815 1270 4885 injuriam
1299 4816 1460 4887 patiantur,
1474 4817 1585 4870 solicita
1604 4832 1670 4870 con·

96 4912 268 4980 praesentem
292 4905 449 4960 attinulfus
474 4904 646 4959 venerabilis
675 4904 763 4958 abbas
818 4905 996 4961 siderationis
1011 4903 1174 4976 providere.
1196 4904 1333 4969 Quocirca
1344 4905 1475 4960 omnium
1498 4907 1602 4957 sancta
1617 4903 1670 4958 Dei

71 5011 242 5063 ucccssores,
270 5011 329 5049 una
354 5010 419 5048 curn
447 4992 678 5064 congregatione,
708 4991 762 5046 ibi·
819 4991 1202 5062 Ecclesiae,oostrorumque
1220 4992 1361 5062 fidelium,
1390 4991 1576 5063 praesentium
1593 4991 1668 5046 scili·

70 5083 252 5139 famulantem
269 5083 321 5137 sub
333 5088 437 5136 nostroe
451 5080 601 5135 munitatis
617 5079 762 5135 detensio-
818 5084 864 5132 cot
879 5095 910 5132 ac
927 5079 1103 5145 futororum,
1118 5080 1251 5134 volumus
1271 5087 1369 5150 pateat
1383 5078 1532 5135 industria
1549 5080 1672 5150 qualiter

70 5170 198 5226 sordine
213 5170 307 5224 vicere
322 5173 350 5223 et
377 5169 512 5235 residere,
536 5173 565 5222 ct
588 5168 678 5222 Betim
710 5181 763 5237 pro
818 5167 1406 5240 Theoderullusarchidiaconus[pro]se,
1429 5172 1457 5221 ct
1479 5182 1532 5237 pro
1561 5168 1671 5222 coeteris

70 5274 117 5314 ms
136 5257 296 5328 supplicare
314 5272 320 5311 :
339 5261 367 5311 et
382 5254 522 5327 quidquid
548 5254 680 5309 fiscusex
697 5255 762 5324 jure
819 5255 954 5309 omnibns
984 5255 1076 5309 eidem
1109 5256 1240 5310 Ecclesia
1266 5254 1456 5309 servientibus
1486 5256 1669 5326 praesentiam

70 5346 107 5402 sti
130 5345 299 5401 monasterii
331 5343 527 5415 parspublica
553 5359 666 5415 sperare
686 5347 764 5413 pote
819 5349 944 5398 nostram
968 5342 1124 5398 tristissimi
1151 5345 1292 5409 adierunt,
1329 5348 1357 5396 et
1386 5343 1558 5418 nunciantes
1587 5343 1669 5399 nobis

74 5437 181 5491 animae
201 5439 306 5488 nostrae
332 5431 464 5487 mercede
480 5431 669 5486 luminaribus
707 5429 764 5501 ipsi
818 5431 937 5485 adversa
965 5445 1029 5500 quae
1055 5430 1090 5484 de
1130 5429 1282 5484 territoriis
1314 5430 1400 5485 rebus
1437 5433 1582 5486 canonicoe
1609 5448 1669 5486 soae

70 5541 91 5580 o
120 5521 296 5579 monasterio
323 5524 421 5576 nostra
458 5525 572 5575 maneat
596 5519 763 5574 auctoritate
820 5517 1037 5588 altegiuiredo
1082 5518 1216 5591 episcopo
1232 5517 1353 5591 aliisquo
1379 5521 1464 5576 malis
1501 5520 1669 5576 hominibus
