3894 6120
130 195 183 248 alb
626 187 705 244 vna
724 186 753 242 8.
774 185 1010 252 canuaninis,
1032 183 1092 240 nal
1112 183 1157 240 nli
1177 183 1206 238 S.
1228 182 1395 241 nanmco.
1842 186 1888 240 alt

132 311 247 368 Dierrut
260 312 326 382 (77),
340 310 390 383 qui
405 323 457 364 nea
471 307 608 380 pietatem
618 323 788 379 agnoscens,
819 323 873 364 nec
895 308 1024 362 scalasn
1042 305 1151 376 ptismo
1178 304 1357 370 defunctam,
1385 319 1473 370 supra
1499 306 1631 363 tamum
1651 307 1747 363 beato
1774 306 1889 379 virginis

132 400 302 469 abhorrens,
317 399 411 454 filium
427 408 511 451 snum
539 397 606 468 igne
621 399 808 451 cremaverat.
835 395 885 450 liic
906 393 989 449 diruis
1043 393 1237 466 nonsinespe
1256 394 1474 450 resurrectionis
1496 394 1601 466 posuit
1617 390 1826 463 Testor’anm,
1845 397 1891 467 qui

132 487 249 542 funibus
264 487 396 541 astrictus
410 485 445 540 ad
479 486 644 555 sepulcrum
675 488 781 539 sanctae
801 482 989 554 cunegundis
1030 486 1088 557 ¹ast
1110 482 1524 554 primogenitasmortaernm,
1540 483 1590 556 qai
1606 489 1743 539 mortuos
1768 484 1891 548 suscitat,

133 574 173 629 ita
190 590 389 629 mansuescere
414 572 509 644 acepit,
540 578 571 626 at
585 571 683 626 furiali
707 571 809 625 morbo
839 570 988 625 absolutus
1045 569 1095 624 nbi
1124 570 1296 625 miserabilis
1328 571 1462 626 omnibus
1493 576 1584 627 mater
1620 571 1766 639 exstincti,
1792 578 1891 628 sancta

134 663 223 717 Deum
237 661 466 730 omnipotentem
484 660 629 726 laudaret;
656 659 741 730 eiquo
761 660 844 730 cnjus
868 657 990 728 patroci-
1044 657 1165 728 virginis
1199 673 1303 712 nomen
1331 658 1515 729 Cuaegandis
1550 658 1760 731 ingeminando
1790 660 1891 714 multos

133 751 270 806 nantibus
291 749 401 804 maritis
429 748 490 802 haec
516 748 568 803 sibi
598 746 733 802 accidisse
762 745 989 818 cognovit‚oum
1045 746 1257 817 fletuseliadit;
1273 763 1358 816 quara
1375 747 1698 818 a=aanimemposuerat‚
1714 746 1891 818 desepnlcro

133 844 344 908 catervaque
370 851 497 906 praesens
516 837 655 901 astiterat,
678 833 789 889 debitas
814 832 991 888 acclamabat
1045 834 1141 888 vivum
1166 833 1278 888 levavit.
1296 833 1365 898 Quis
1380 851 1441 888 sea
1467 834 1609 906 lacrymis,
1623 835 1690 907 quis
1721 834 1892 890 alaudibus

134 925 242 980 laudes.
273 923 365 995 Igitur
394 923 462 976 daus
488 924 549 977 haec
578 929 637 977 tam
663 922 732 976 cleri
773 937 861 994 qaam
889 919 991 992 populi
1046 920 1297 977 continerethna
1311 921 1515 990 aesomnium,
1531 928 1562 976 at
1574 922 1713 995 frequens
1729 922 1819 977 turba
1832 922 1892 978 Sab

133 1012 256 1068 solemni
276 1011 429 1067 devotione
444 1016 606 1082 agerentur,
628 1015 685 1065 tres
700 1009 851 1075 contracti,
867 1024 942 1063 nnus
959 1007 991 1061 in
1045 1008 1113 1063 bato
1123 1008 1314 1064 confluxerat.
1325 1009 1422 1075 Onalis
1433 1014 1477 1064 est
1488 1009 1567 1064 baaf
1579 1026 1665 1081 qaam
1680 1015 1794 1071 mnam.
1811 1024 1892 1081 qaam

134 1099 272 1155 suburbio
288 1100 324 1154 de
340 1098 474 1170 hospitali
497 1099 588 1152 sancti
608 1098 711 1169 AEgidii
725 1097 792 1168 (78),
827 1096 878 1168 qui
897 1094 990 1166 magia
1047 1098 1104 1152 ileo
1114 1097 1213 1152 aharal
1230 1114 1295 1169 quae
1310 1098 1426 1154 claudos
1440 1114 1565 1166 camere,
1580 1113 1670 1154 cecos
1680 1097 1792 1167 videre,
1804 1101 1893 1152 matos

134 1189 274 1260 reptando
295 1203 381 1259 qaam
394 1186 524 1240 scabellis
539 1187 721 1252 volvebatur;
750 1185 871 1240 alterde
903 1184 991 1238 domo
1046 1186 1136 1257 loqui,
1156 1186 1293 1241 exstincta
1313 1202 1430 1258 quoqne
1455 1187 1582 1242 membra
1610 1185 1788 1241 reviviscere
1815 1185 1889 1240 facit!

135 1276 282 1332 chunradi
311 1276 429 1345 majoris
444 1274 571 1329 ecclesiae
599 1273 762 1345 praepositi3
789 1272 891 1328 tertius
920 1271 991 1326 itern
1047 1276 1148 1330 Beatus
1170 1278 1270 1329 venter
1299 1275 1350 1346 qui
1373 1276 1447 1330 hanc
1475 1275 1611 1346 portavit;
1627 1273 1816 1330 benedictae
1844 1275 1890 1328 llo·

136 1365 273 1420 dedomo
302 1363 413 1420 Ononis
428 1363 458 1416 in
473 1363 575 1417 eadem
590 1362 708 1417 ecclesia
730 1360 873 1427 canonici,
903 1376 991 1432 snper
1045 1364 1126 1417 mina
1142 1363 1306 1434 uberaque
1324 1364 1398 1418 hanc
1424 1363 1614 1429 lactaverunt;
1638 1361 1892 1437 debenedictione

136 1454 301 1523 sepulcrum
330 1453 422 1506 beate
445 1451 565 1521 virginis
579 1450 676 1522 positi,
712 1450 749 1504 ab
782 1449 869 1503 nnius
892 1449 991 1504 dolore
1042 1451 1104 1523 jam
1115 1450 1219 1505 seculo
1232 1451 1364 1522 pereunti
1379 1457 1460 1506 tanta
1473 1451 1629 1523 gratiarum
1644 1466 1771 1506 munera
1786 1450 1892 1504 efflare

136 1540 278 1612 passionis
304 1555 361 1593 una
385 1539 472 1593 erecti
496 1543 563 1592 sant
578 1554 666 1593 manu
694 1537 799 1592 divinae
822 1536 989 1592 curationis.
1007 1583 1028 1637 B
1045 1545 1123 1595 runt.

138 1628 239 1682 Mulier
248 1626 415 1698 paralytica,
429 1631 459 1681 et
468 1627 557 1681 altera
572 1626 797 1682 sanctimonialis
810 1626 868 1694 (79)
883 1625 991 1680 femina
1085 1629 1126 1681 li.
1144 1628 1212 1683 Item
1236 1626 1393 1695 suffocatus.
1409 1656 1445 1668 -
1470 1626 1554 1683 uliud
1576 1641 1635 1681 non
1662 1625 1734 1681 braic
1764 1625 1892 1680 dissimili

138 1714 282 1786 unopado
297 1715 471 1779 claudicans,
487 1719 515 1770 el
534 1715 701 1770 claudasde
728 1719 821 1769 castro
851 1713 928 1785 quod
948 1714 991 1769 di·
1047 1713 1173 1785 signum,
1190 1713 1246 1768 alio
1270 1729 1337 1769 vero
1352 1725 1457 1770 eventa
1473 1715 1504 1769 in
1530 1714 1635 1769 trienni
1658 1729 1767 1786 puero,
1782 1713 1815 1769 in
1836 1714 1892 1768 vico

137 1803 297 1866 citarGiet,
315 1806 380 1873 post
396 1808 632 1858 momentaneam
663 1801 825 1856 orationem
857 1800 993 1855 vincam·
1047 1803 1195 1858 Granbarc
1217 1802 1392 1857 celebratum
1418 1807 1471 1871 est,
1502 1802 1553 1874 qui
1578 1820 1595 1858 a
1634 1818 1721 1858 mane
1740 1818 1835 1875 usque
1861 1803 1892 1857 ad

139 1890 257 1962 platan,
277 1890 308 1944 in
332 1889 395 1959 ipsa
418 1894 502 1944 noete
526 1891 616 1944 curati
633 1893 709 1944 saint.
741 1890 816 1944 Puer
836 1889 883 1944 cui
912 1894 993 1944 tanta
1047 1907 1196 1962 vesperam
1223 1891 1252 1945 in
1282 1891 1383 1945 limoso
1408 1892 1473 1945 lacu
1500 1891 1653 1946 suffocatus
1687 1890 1791 1961 jacuit.
1807 1889 1855 1944 nbi
1879 1907 1893 1943 a

139 1979 338 2033 membrorum
362 1977 498 2032 mollities
513 1978 615 2043 inerat,
632 1982 664 2032 ut
678 1993 752 2048 pena
766 1977 879 2032 ossibus
895 1994 992 2032 carere
1047 1979 1217 2034 mulieribus
1228 1979 1280 2033 sub
1295 1979 1347 2033 lini
1373 1979 1515 2034 fasciculis
1529 1983 1660 2051 rapertus
1676 1982 1706 2032 at
1720 1976 1892 2044 sublevatus,

141 2066 440 2137 putaretar;altarde
470 2066 651 2142 lineari-dors,
667 2066 757 2121 macie
785 2065 908 2120 deformi
923 2082 992 2119 eon·
1048 2068 1139 2123 ruulto
1163 2067 1334 2138 ejulantium
1361 2068 1634 2123 comitatudomnm
1663 2082 1761 2138 usque
1790 2067 1892 2121 delatus

139 2157 280 2224 sumptus,
312 2168 443 2223 gressum
476 2158 504 2206 et
545 2152 683 2223 loquendi
725 2152 865 2218 alliciam,
887 2152 993 2224 quibus
1047 2156 1367 2226 estillicpernoctem
1384 2156 1521 2228 lugubres
1547 2154 1720 2226 parentibus
1748 2154 1891 2226 exsequias

140 2243 258 2296 omnino
271 2256 401 2310 caruere,
416 2247 596 2311 receperunt.
611 2242 709 2296 Puella
724 2241 839 2295 sciatica
863 2241 898 2295 do
914 2241 992 2296 Gise·
1048 2245 1269 2313 celebrantibus,
1298 2245 1348 2299 nbi
1380 2261 1464 2299 mane
1491 2244 1621 2299 sacerdos
1639 2243 1774 2298 debitum
1796 2242 1890 2297 huma·

143 2329 303 2404 nnelt[al.,
332 2327 464 2401 ataleni,
488 2329 610 2384 necdum
638 2329 746 2383 tumbae
768 2329 880 2401 ingesta
907 2344 994 2383 sacrae
1048 2333 1148 2387 nitatis
1176 2334 1321 2403 complere
1350 2333 1450 2399 astitit,
1477 2333 1601 2403 populas
1629 2331 1680 2402 qni
1710 2332 1823 2395 aderat,
1849 2331 1892 2402 qni

140 2423 257 2489 propter
280 2416 395 2471 turbam
420 2434 427 2471 ε
455 2433 528 2487 puer
551 2434 583 2471 ex
612 2417 806 2472 contractione
839 2432 994 2471 nervorum
1046 2423 1107 2492 jam
1122 2422 1214 2475 malta
1228 2422 1263 2476 de
1285 2421 1376 2492 signis
1400 2421 1490 2476 beatae
1520 2420 1706 2491 Cainegandis
1734 2419 1846 2474 viderat
1869 2423 1894 2472 et

142 2521 242 2559 carens
266 2505 362 2559 anicio
400 2504 522 2574 pedum;
551 2505 648 2575 puella
683 2506 719 2560 de
750 2504 915 2559 Naoruberc
939 2505 995 2576 (80)
1049 2509 1189 2575 audierat,
1207 2511 1391 2581 presentiam
1407 2510 1472 2564 illus
1490 2509 1545 2563 sibi
1569 2508 1713 2563 adessein
1729 2507 1824 2562 malta
1850 2523 1893 2578 spe

143 2594 241 2663 planta
268 2592 350 2663 pedis
373 2608 487 2645 sarsum
519 2608 645 2661 recurva,
682 2593 813 2665 geniculo
835 2595 994 2659 contracto;
1050 2597 1239 2653 exauditionis
1254 2598 1407 2669 rogitabat.
1423 2598 1523 2654 iliram
1537 2597 1568 2651 in
1581 2597 1701 2652 modum
1718 2612 1795 2667 puer
1807 2611 1894 2650 anuu-

144 2680 214 2734 itam
229 2680 264 2735 da
279 2680 382 2736 eodem
408 2695 482 2751 pago
495 2681 589 2750 puella
616 2697 735 2735 manum
761 2681 872 2735 aridam
886 2679 997 2735 habens
1051 2685 1271 2758 laremdigitam
1283 2702 1398 2741 movere
1405 2686 1499 2757 caepit,
1509 2690 1546 2752 et,
1560 2684 1744 2755 stupentibus
1754 2684 1895 2752 omnibns,

145 2767 219 2822 inter
234 2768 381 2822 orationes
395 2772 425 2822 et
439 2767 548 2837 vigilias
560 2768 652 2822 curati
667 2774 744 2824 sunt.
1051 2778 1116 2845 post
1130 2774 1255 2844 spatium
1270 2775 1357 2829 nnius
1380 2777 1457 2830 horas
1472 2789 1557 2829 sanus
1572 2774 1704 2828 surrexit.
1726 2773 1822 2844 Hujus
1834 2772 1896 2828 facti

183 2858 224 2909 15.
242 2855 363 2919 Quidam
379 2870 430 2925 pro
445 2870 519 2925 aquo
535 2856 634 2910 fartim
649 2857 760 2911 sublato
775 2856 853 2928 apud
868 2859 994 2911 werram
1010 2859 1031 2914 C
1048 2862 1175 2933 primum
1190 2863 1251 2933 ipsa
1265 2863 1396 2919 sacerdos
1410 2863 1462 2917 sub
1478 2863 1561 2928 stola,
1582 2861 1687 2917 deinde
1711 2861 1821 2916 milites
1837 2867 1895 2916 octo

147 2939 277 3008 fluvium,
305 2943 335 2995 in
362 2941 422 2995 vico
446 2941 497 3011 qai
524 2942 628 2997 dieitur
653 2945 802 3015 Wasegeu,
839 2945 993 3015 suspendio
1047 2950 1100 3005 ouh
1128 2955 1317 3020 sacramento,
1351 2953 1416 3023 ipso
1441 2967 1532 3023 pooro
1570 2950 1601 3005 in
1630 2950 1761 3006 modium
1799 2951 1896 3013 locato,

145 3028 276 3083 addictus
289 3032 341 3083 θεῖ·
358 3028 412 3093 Oui
423 3029 453 3082 in
468 3034 610 3083 t⁰l¹1¹01¹l⁰
640 3031 760 3102 Ρῡὸἰῑῦῡ,
787 3047 927 3103 voceque
945 3048 995 3104 po·
1048 3054 1114 3093 eum
1142 3040 1223 3094 omni
1249 3040 1414 3111 frequentia
1436 3057 1495 3096 suaa
1522 3038 1624 3112 plebis,
1657 3043 1746 3094 testes
1783 3038 1819 3094 ad
1847 3053 1896 3092 nos

146 3121 229 3180 terat,
258 3117 350 3170 beatae
365 3116 550 3187 Cunegundis
570 3117 689 3190 virginis
716 3135 800 3173 aures
829 3121 992 3191 appellavit,
1048 3133 1200 3183 venoroot,

146 3203 228 3274 cnjus
242 3206 330 3258 etiam
344 3203 509 3259 festinatam
522 3221 606 3276 opem
634 3206 688 3260 sibi
703 3207 803 3262 adessa
832 3209 993 3278 praesensit,
1086 3220 1128 3271 iii,
1148 3219 1216 3272 item
1231 3218 1334 3288 poeno,
1351 3247 1386 3259 -
1409 3218 1507 3273 pooiio
1536 3215 1683 3288 sopionoio
1706 3216 1739 3270 io
1762 3215 1898 3287 parochia

148 3291 249 3346 Divina
263 3292 341 3346 essim
370 3293 483 3354 Virtute·
506 3293 554 3348 ubi
571 3295 696 3365 populus
722 3296 906 3364 abscesserat,
929 3297 994 3351 vin·
1050 3304 1217 3366 Liuberstat
1236 3303 1305 3358 dam
1319 3304 1355 3359 ad
1370 3306 1478 3361 fantem
1492 3305 1606 3359 incauta
1624 3302 1766 3372 hauriret,
1794 3302 1898 3358 infelici

146 3380 362 3435 colemannum
385 3380 522 3435 dissoluta
547 3387 624 3448 sunt,
644 3383 748 3456 etipsa
777 3384 831 3438 sibi
860 3385 995 3456 laqueum
1049 3408 1116 3447 casu
1130 3393 1278 3447 submersa
1294 3397 1347 3447 est.
1374 3394 1465 3457 Quam
1492 3408 1558 3447 cam
1587 3392 1622 3448 ad
1645 3408 1698 3447 aaa
1721 3407 1740 3446 a
1768 3391 1899 3447 crucibus

146 3468 304 3538 deponens,
335 3469 366 3522 in
384 3468 527 3524 civitatem
556 3485 694 3540 reversas,
728 3472 838 3527 cunctis
867 3474 994 3546 ereptio·
1048 3481 1187 3551 homines,
1200 3481 1321 3535 luissent
1335 3482 1451 3549 reversi,
1467 3496 1535 3535 nans
1554 3480 1614 3536 dies
1644 3479 1900 3552 Rogatianumiu·

147 3571 214 3609 nern
230 3557 284 3623 sai,
300 3556 371 3610 dans
385 3556 507 3627 gloriam
535 3558 592 3612 Deo
617 3563 716 3614 etsare
744 3560 886 3615 salvatrici
907 3577 994 3632 expo·
1049 3569 1172 3635 stabant,
1196 3568 1231 3622 de
1256 3567 1334 3622 fonte
1363 3568 1528 3624 exstinetam
1553 3569 1689 3634 locantes,
1709 3572 1776 3639 post
1799 3572 1899 3623 votum

147 3644 214 3698 suit.
231 3644 993 3720 Quorumlidalitestimanioadnasusquedelatas,
1049 3657 1085 3711 oo
1117 3657 1288 3712 memoriam
1316 3657 1408 3713 hooiae
1450 3658 1636 3728 conegundi,
1667 3657 1788 3726 fiotum,
1813 3672 1899 3729 quom

147 3733 183 3787 ad
198 3749 315 3788 censium
327 3734 454 3805 quinqua
479 3734 665 3791 dan-‘n‘iornm
693 3737 787 3791 asnis
818 3738 992 3809 parentibus.
1048 3746 1159 3800 dudum
1173 3746 1385 3799 lamentabatur
1416 3751 1572 3812 mortuam,
1601 3760 1658 3799 non
1685 3744 1748 3798 sine
1768 3744 1901 3800 laudibus

148 3827 180 3876 nt
199 3822 312 3892 pridem
341 3822 410 3877 dum
439 3822 633 3891 damnaretur,
651 3842 703 3896 9¹⁵⁰
730 3827 792 3898 ³9⁵⁰
811 3827 992 3890 (millesimi.
1049 3834 1308 3889 divinisvivenlem
1331 3834 1556 3889 admirabantur.
1573 3835 1606 3888 in
1629 3833 1786 3888 hacta-iura
1816 3849 1899 3888 msu-

57 3938 63 3951 ·
147 3911 368 3983 inscriptusest.
396 3912 548 3982 Apadnas
564 3928 751 3983 quoquenon
771 3915 838 3968 huic
855 3914 996 3969 dissimile
1048 3921 1196 3977 scitatione
1210 3929 1401 3989 mortuoram,
1418 3937 1483 3975 curn
1507 3926 1536 3976 ot
1562 3920 1690 3976 aliadno
1714 3936 1841 3992 corpora
1868 3922 1900 3977 ad

148 4000 463 4070 d⁰⁵⁰fi¹¹¹⁰n¹²⁰d⁸ffis
493 4001 561 4054 ⁶¹¹¹ss
589 4000 760 4071 5¹¹³n⁰⁰⁸²¹¹⁵
798 4002 833 4055 ab
861 4002 995 4056 ⁰mssib¹1⁵
1048 4010 1257 4066 invocationem
1275 4009 1581 4080 sanctoeimperatricis
1600 4008 1727 4079 ejusdcm
1743 4008 1813 4064 vitae
1839 4009 1902 4064 red·

149 4094 280 4143 mortuus
302 4093 462 4158 putaretur,
491 4089 606 4158 signam
636 4089 779 4158 apparuit.
817 4090 889 4143 Nam
931 4095 1032 4181 posto
1052 4100 1121 4166 dita,
1152 4098 1299 4153 verissima
1335 4099 1451 4152 testium
1476 4096 1684 4168 approbatione
1707 4112 1741 4150 ac
1768 4095 1901 4167 ipsorum

148 4175 403 4246 ejectamurinam,
424 4175 499 4247 quod
514 4175 629 4245 siguum
645 4176 746 4230 mortis
770 4175 995 4232 intalibustor·
1051 4203 1208 4258 poororom
1235 4186 1455 4256 praesooioiiooo
1486 4185 1713 4255 cognoverimus,
1751 4186 1820 4256 quio
1848 4185 1902 4240 oioi

151 4264 256 4319 mentis
280 4268 333 4332 est,
360 4263 470 4317 eunctis
499 4261 657 4316 astantibus
685 4263 833 4335 inspiratas
856 4265 941 4320 saluti
964 4282 996 4320 ac
1051 4280 1149 4330 ooooio
1180 4273 1302 4330 Toioiioo
1339 4279 1457 4345 operato
1488 4273 1611 4338 vidotur,
1650 4288 1714 4344 quoa
1740 4274 1902 4330 oooondom

149 4351 214 4406 vitas
244 4350 392 4406 restitutas
419 4356 469 4405 est.
498 4350 558 4406 Tali
592 4350 676 4405 modo
703 4352 780 4423 apud
806 4353 994 4421 itattenbnro‚
1051 4363 1133 4433 signo
1160 4379 1226 4435 qooe
1248 4362 1312 4433 ipso
1329 4362 1405 4432 facit,
1434 4363 1496 4417 haeo
1524 4366 1553 4416 ot
1584 4361 1630 4417 his
1659 4361 1771 4432 majora
1809 4363 1903 4418 ioooro

149 4439 298 4510 imperiale
321 4444 457 4509 castrum,
490 4439 547 4492 duo
561 4438 686 4494 absoluti
701 4441 857 4496 multorum
879 4447 994 4498 attesta·
1051 4452 1236 4522 postmodum
1248 4451 1308 4506 ouis
1322 4451 1471 4523 promisit?

148 4529 323 4601 ti⁰¹¹f¹¹⁵<l¹¹t³
336 4529 370 4582 Μ
386 4545 437 4582 ¹¹⁰³
452 4532 654 4598 pervenerunt·
1089 4541 1131 4593 ln.
1158 4540 1249 4594 dimus
1264 4554 1352 4594 uocem
1379 4541 1484 4609 recipit.
1498 4567 1533 4579 -
1557 4539 1632 4594 illud
1646 4554 1764 4610 quoqne
1778 4540 1905 4595 clarissi-

188 4619 229 4672 ffl·
246 4620 317 4672 ΡΜ
333 4618 652 4672 mniuwmsst'istfflf·
681 4647 716 4659 ·
744 4618 823 4686 fflfss,
840 4619 922 4673 ninii
938 4620 995 4674 ⁰⁶⁰
1053 4643 1142 4695 mum,
1169 4627 1334 4683 clarissimis
1360 4628 1441 4699 regni
1469 4628 1644 4699 primoribus
1665 4643 1762 4683 coram
1781 4630 1904 4685 munn-

149 4705 309 4777 impossibii
323 4720 349 4770 a,
364 4711 393 4759 ei
405 4705 499 4760 forsan
511 4710 616 4759 nostrae
626 4705 703 4760 aetaii
717 4705 896 4761 incredibilia
909 4707 998 4762 diein·
1052 4716 1116 4784 bus,
1131 4716 1241 4772 celebro
1255 4721 1431 4786 sapei-muto
1453 4715 1559 4771 factum
1575 4717 1628 4772 ouh
1647 4715 1738 4771 oculis
1757 4718 1904 4784 omnium,

151 4810 199 4849 rus
213 4811 287 4861 sam,
304 4794 354 4848 sed
367 4800 425 4847 tola
446 4794 757 4864 Bnmbeubergonsinm
787 4795 884 4849 civitas
911 4795 998 4866 harjas
1053 4805 1200 4859 momoriae
1212 4804 1362 4859 hominum
1373 4804 1487 4859 erodere
1502 4820 1561 4858 ooo
1577 4803 1731 4875 indignum
1754 4804 1904 4862 duximus,

150 4883 215 4937 lacti
232 4899 332 4955 expers
346 4899 405 4937 non
420 4882 482 4936 fuit.
503 4882 603 4937 Mulier
617 4882 652 4937 de
665 4883 796 4953 proxima
823 4883 891 4938 villa
920 4886 996 4939 Elrin
1052 4893 1323 4963 Namromgooiom
1352 4892 1392 4947 iio
1420 4907 1472 4962 por
1497 4892 1634 4947 ramolam
1661 4906 1743 4946 soom
1772 4891 1904 4947 christoe

150 4971 311 5041 vagientem
338 4987 434 5038 annm,
458 4971 534 5025 infra
558 4970 749 5041 qnadraginta
765 4970 826 5025 dits
858 4971 919 5026 sina
947 4972 997 5027 ba·
1051 4982 1128 5036 clare
1140 4979 1253 5053 operari
1265 4979 1365 5046 voluit,
1379 4980 1455 5052 quod
1470 4995 1545 5050 pene
1560 4982 1673 5036 nulium
1687 4979 1777 5036 latere
1798 4979 1904 5052 potuit,

186 5128 240 5195 (77)
260 5129 353 5183 Editio
371 5126 554 5182 tovaniansis
569 5128 694 5196 Bepreat.
714 5127 786 5181 Aliis
801 5131 943 5199 neyrreut.
1088 5135 1143 5206 (79)
1157 5137 1188 5190 ln
1218 5135 1384 5208 apographo
1400 5135 1603 5208 bambergensi
1626 5151 1684 5190 non
1713 5135 1823 5194 dicitur
1841 5155 1905 5194 san·

187 5198 243 5265 (78)
258 5198 411 5253 Conditam
428 5199 482 5251 luit
496 5197 532 5251 ad
558 5200 643 5277 pedes
667 5197 769 5277 nantis
795 5199 998 5254 nonachorum
1052 5205 1235 5273 ctirnonialis,
1256 5206 1306 5261 sed
1339 5223 1398 5276 que
1417 5208 1564 5262 secularem
1578 5207 1702 5263 habitam
1723 5214 1798 5264 ante
1822 5211 1903 5279 tana-

151 5267 265 5321 abeato
281 5268 385 5323 Ottane
401 5269 604 5338 nurnbergensi
636 5284 780 5338 episcopo,
810 5275 840 5321 at
866 5275 1000 5325 narratur
1054 5277 1260 5332 inamoenus.

151 5337 181 5390 in
194 5335 285 5417 ipsius
299 5339 369 5392 Vitae
388 5338 436 5393 lib.
456 5355 478 5407 1,
494 5355 556 5418 cap.
570 5342 615 5401 77,
631 5339 676 5392 cui
702 5339 875 5392 moriosiorio
900 5340 998 5396 subdi·
1089 5349 1141 5418 (80)
1152 5351 1244 5420 ipog.
1260 5347 1368 5415 narni„
1381 5349 1557 5417 nuremberg.
1617 5412 1620 5417 ἢ

152 5412 212 5461 tam
229 5407 283 5461 luat
301 5423 334 5461 ex
350 5424 412 5478 cap.
424 5418 565 5480 sequenti.
