<?xml version="1.0" encoding="UTF-8"?>
<!DOCTYPE html PUBLIC "-//W3C//DTD XHTML 1.0 Transitional//EN"
    "http://www.w3.org/TR/xhtml1/DTD/xhtml1-transitional.dtd">
<html xmlns="http://www.w3.org/1999/xhtml" xml:lang="en" lang="en">
 <head>
  <title>
</title>
<meta http-equiv="Content-Type" content="text/html;charset=utf-8" />
  <meta name='ocr-system' content='tesseract 3.04.00' />
  <meta name='ocr-capabilities' content='ocr_page ocr_carea ocr_par ocr_line ocrx_word'/>
</head>
<body>
  <div class='ocr_page' id='page_1' title='image "./patrologiaecurs17unkngoog_0384.png"; bbox 0 0 3878 6112; ppageno 0'>
   <div class='ocr_carea' id='block_1_1' title="bbox 85 214 1301 284">
    <p class='ocr_par' dir='ltr' id='par_1_1' title="bbox 85 214 1301 284">
     <span class='ocr_line' id='line_1_1' title="bbox 85 214 1301 284; baseline -0.012 0"><span class='ocrx_word' id='word_1_1' title='bbox 85 231 140 284; x_wconf 73' lang='lat' dir='ltr'><strong>‘lii</strong></span> <span class='ocrx_word' id='word_1_2' title='bbox 633 220 838 278; x_wconf 75' lang='lat' dir='ltr'><strong>nuscanum</strong></span> <span class='ocrx_word' id='word_1_3' title='bbox 858 215 1123 274; x_wconf 76' lang='lat' dir='ltr'><strong>ttoltuhclattsls</strong></span> <span class='ocrx_word' id='word_1_4' title='bbox 1142 214 1301 273; x_wconf 72' lang='lat' dir='ltr'><strong>arlacum</strong></span> 
     </span>
    </p>
   </div>
   <div class='ocr_carea' id='block_1_2' title="bbox 47 341 1742 3159">
    <p class='ocr_par' dir='ltr' id='par_1_2' title="bbox 47 341 1742 3153">
     <span class='ocr_line' id='line_1_2' title="bbox 88 341 1740 417; baseline -0.007 -9"><span class='ocrx_word' id='word_1_5' title='bbox 88 368 166 416; x_wconf 85' lang='lat' dir='ltr'><strong>nam,</strong></span> <span class='ocrx_word' id='word_1_6' title='bbox 183 351 218 407; x_wconf 91' lang='lat' dir='ltr'><strong>ad</strong></span> <span class='ocrx_word' id='word_1_7' title='bbox 238 349 420 405; x_wconf 79' lang='lat' dir='ltr'><strong>iterationem</strong></span> <span class='ocrx_word' id='word_1_8' title='bbox 435 364 465 402; x_wconf 86' lang='lat' dir='ltr'><strong>se</strong></span> <span class='ocrx_word' id='word_1_9' title='bbox 485 347 571 403; x_wconf 91' lang='lat' dir='ltr'><strong>nimis</strong></span> <span class='ocrx_word' id='word_1_10' title='bbox 590 347 744 401; x_wconf 86' lang='lat' dir='ltr'><strong>infaustam</strong></span> <span class='ocrx_word' id='word_1_11' title='bbox 758 344 937 417; x_wconf 90' lang='lat' dir='ltr'><strong>baptismatis</strong></span> <span class='ocrx_word' id='word_1_12' title='bbox 953 348 977 397; x_wconf 78' lang='lat' dir='ltr'>A</span> <span class='ocrx_word' id='word_1_13' title='bbox 995 343 1089 399; x_wconf 91' lang='lat' dir='ltr'><strong>adhuc</strong></span> <span class='ocrx_word' id='word_1_14' title='bbox 1107 343 1138 397; x_wconf 88' lang='lat' dir='ltr'><strong>in</strong></span> <span class='ocrx_word' id='word_1_15' title='bbox 1153 343 1323 414; x_wconf 88' lang='lat' dir='ltr'><strong>poenitentia</strong></span> <span class='ocrx_word' id='word_1_16' title='bbox 1341 347 1418 408; x_wconf 91' lang='lat' dir='ltr'><strong>sunt,</strong></span> <span class='ocrx_word' id='word_1_17' title='bbox 1435 341 1602 414; x_wconf 83' lang='lat' dir='ltr'><strong>poenitenda</strong></span> <span class='ocrx_word' id='word_1_18' title='bbox 1617 342 1690 396; x_wconf 84' lang='lat' dir='ltr'><strong>forte</strong></span> <span class='ocrx_word' id='word_1_19' title='bbox 1705 358 1740 397; x_wconf 92' lang='lat' dir='ltr'><strong>co</strong></span> 
     </span>
     <span class='ocr_line' id='line_1_3' title="bbox 47 420 1742 509; baseline -0.004 -16"><span class='ocrx_word' id='word_1_20' title='bbox 47 488 49 493; x_wconf 87' lang='lat'><em>.</em></span> <span class='ocrx_word' id='word_1_21' title='bbox 89 440 177 505; x_wconf 88' lang='lat' dir='ltr'><strong>dedit,</strong></span> <span class='ocrx_word' id='word_1_22' title='bbox 197 439 241 493; x_wconf 85' lang='lat' dir='ltr'><strong>vel</strong></span> <span class='ocrx_word' id='word_1_23' title='bbox 253 440 315 509; x_wconf 82' lang='lat' dir='ltr'><strong>ejus</strong></span> <span class='ocrx_word' id='word_1_24' title='bbox 328 438 378 509; x_wconf 93' lang='lat' dir='ltr'><strong>qui</strong></span> <span class='ocrx_word' id='word_1_25' title='bbox 392 437 535 508; x_wconf 88' lang='lat' dir='ltr'><strong>aliquibus</strong></span> <span class='ocrx_word' id='word_1_26' title='bbox 547 420 728 506; x_wconf 85' lang='lat' dir='ltr'><strong>argumentis</strong></span> <span class='ocrx_word' id='word_1_27' title='bbox 743 432 937 489; x_wconf 88' lang='lat' dir='ltr'><strong>excusandum</strong></span> <span class='ocrx_word' id='word_1_28' title='bbox 992 437 1064 487; x_wconf 84' lang='lat' dir='ltr'><strong>tant.</strong></span> <span class='ocrx_word' id='word_1_29' title='bbox 1080 432 1162 498; x_wconf 81' lang='lat' dir='ltr'><strong>Quod</strong></span> <span class='ocrx_word' id='word_1_30' title='bbox 1176 433 1199 486; x_wconf 91' lang='lat' dir='ltr'><strong>si</strong></span> <span class='ocrx_word' id='word_1_31' title='bbox 1216 436 1281 486; x_wconf 88' lang='lat' dir='ltr'><strong>ante</strong></span> <span class='ocrx_word' id='word_1_32' title='bbox 1305 432 1480 502; x_wconf 88' lang='lat' dir='ltr'><strong>praetinitum</strong></span> <span class='ocrx_word' id='word_1_33' title='bbox 1515 431 1690 502; x_wconf 75' lang='lat' dir='ltr'><strong>poenitentiae</strong></span> <span class='ocrx_word' id='word_1_34' title='bbox 1716 436 1742 486; x_wconf 87' lang='lat' dir='ltr'><strong>te</strong></span> 
     </span>
     <span class='ocr_line' id='line_1_4' title="bbox 90 520 1742 598; baseline -0.005 -15"><span class='ocrx_word' id='word_1_35' title='bbox 90 528 190 584; x_wconf 88' lang='lat' dir='ltr'><strong>callide</strong></span> <span class='ocrx_word' id='word_1_36' title='bbox 212 526 362 598; x_wconf 92' lang='lat' dir='ltr'><strong>proprium</strong></span> <span class='ocrx_word' id='word_1_37' title='bbox 386 524 530 595; x_wconf 86' lang='lat' dir='ltr'><strong>putaverit</strong></span> <span class='ocrx_word' id='word_1_38' title='bbox 550 540 611 578; x_wconf 89' lang='lat' dir='ltr'><strong>esse</strong></span> <span class='ocrx_word' id='word_1_39' title='bbox 637 538 819 588; x_wconf 90' lang='lat' dir='ltr'><strong>consensum,</strong></span> <span class='ocrx_word' id='word_1_40' title='bbox 845 537 937 576; x_wconf 90' lang='lat' dir='ltr'><strong>sacer·</strong></span> <span class='ocrx_word' id='word_1_41' title='bbox 993 522 1172 592; x_wconf 86' lang='lat' dir='ltr'><strong>despectusa</strong></span> <span class='ocrx_word' id='word_1_42' title='bbox 1188 520 1316 587; x_wconf 91' lang='lat' dir='ltr'><strong>medicis,</strong></span> <span class='ocrx_word' id='word_1_43' title='bbox 1341 526 1392 574; x_wconf 90' lang='lat' dir='ltr'><strong>ant</strong></span> <span class='ocrx_word' id='word_1_44' title='bbox 1406 520 1585 575; x_wconf 89' lang='lat' dir='ltr'><strong>evidentibus</strong></span> <span class='ocrx_word' id='word_1_45' title='bbox 1613 520 1742 591; x_wconf 88' lang='lat' dir='ltr'><strong>mortisp</strong></span> 
     </span>
     <span class='ocr_line' id='line_1_5' title="bbox 91 608 1742 685; baseline -0.006 -13"><span class='ocrx_word' id='word_1_46' title='bbox 91 616 178 672; x_wconf 90' lang='lat' dir='ltr'><strong>dotali</strong></span> <span class='ocrx_word' id='word_1_47' title='bbox 203 616 301 685; x_wconf 91' lang='lat' dir='ltr'><strong>vigore</strong></span> <span class='ocrx_word' id='word_1_48' title='bbox 335 619 364 668; x_wconf 91' lang='lat' dir='ltr'><strong>ct</strong></span> <span class='ocrx_word' id='word_1_49' title='bbox 384 613 563 667; x_wconf 80' lang='lat' dir='ltr'><strong>humanitate</strong></span> <span class='ocrx_word' id='word_1_50' title='bbox 590 616 755 678; x_wconf 88' lang='lat' dir='ltr'><strong>tractemus,</strong></span> <span class='ocrx_word' id='word_1_51' title='bbox 787 614 819 664; x_wconf 94' lang='lat' dir='ltr'><strong>ut</strong></span> <span class='ocrx_word' id='word_1_52' title='bbox 843 609 873 663; x_wconf 95' lang='lat' dir='ltr'><strong>in</strong></span> <span class='ocrx_word' id='word_1_53' title='bbox 897 609 938 664; x_wconf 91' lang='lat' dir='ltr'><strong>cis</strong></span> <span class='ocrx_word' id='word_1_54' title='bbox 992 608 1117 674; x_wconf 92' lang='lat' dir='ltr'><strong>indiciis,</strong></span> <span class='ocrx_word' id='word_1_55' title='bbox 1133 613 1245 679; x_wconf 89' lang='lat' dir='ltr'><strong>recepta</strong></span> <span class='ocrx_word' id='word_1_56' title='bbox 1260 608 1414 679; x_wconf 88' lang='lat' dir='ltr'><strong>quisquam</strong></span> <span class='ocrx_word' id='word_1_57' title='bbox 1429 608 1642 663; x_wconf 90' lang='lat' dir='ltr'><strong>communionis</strong></span> <span class='ocrx_word' id='word_1_58' title='bbox 1658 609 1742 679; x_wconf 77' lang='lat' dir='ltr'><strong>gratis</strong></span> 
     </span>
     <span class='ocr_line' id='line_1_6' title="bbox 91 697 1742 775; baseline -0.005 -15"><span class='ocrx_word' id='word_1_59' title='bbox 91 706 172 774; x_wconf 87' lang='lat' dir='ltr'><strong>tides,</strong></span> <span class='ocrx_word' id='word_1_60' title='bbox 188 720 253 775; x_wconf 79' lang='lat' dir='ltr'><strong>quae</strong></span> <span class='ocrx_word' id='word_1_61' title='bbox 276 702 328 756; x_wconf 89' lang='lat' dir='ltr'><strong>nisi</strong></span> <span class='ocrx_word' id='word_1_62' title='bbox 344 706 387 755; x_wconf 93' lang='lat' dir='ltr'><strong>est</strong></span> <span class='ocrx_word' id='word_1_63' title='bbox 401 718 467 763; x_wconf 86' lang='lat' dir='ltr'><strong>una,</strong></span> <span class='ocrx_word' id='word_1_64' title='bbox 486 702 547 771; x_wconf 88' lang='lat' dir='ltr'><strong>jam</strong></span> <span class='ocrx_word' id='word_1_65' title='bbox 562 700 642 754; x_wconf 91' lang='lat' dir='ltr'><strong>nulla</strong></span> <span class='ocrx_word' id='word_1_66' title='bbox 666 705 719 769; x_wconf 91' lang='lat' dir='ltr'><strong>est,</strong></span> <span class='ocrx_word' id='word_1_67' title='bbox 734 698 875 770; x_wconf 77' lang='lat' dir='ltr'><strong>adJutorio</strong></span> <span class='ocrx_word' id='word_1_68' title='bbox 888 699 938 751; x_wconf 79' lang='lat' dir='ltr'><strong>llo·</strong></span> <span class='ocrx_word' id='word_1_69' title='bbox 993 697 1119 761; x_wconf 89' lang='lat' dir='ltr'><strong>valescit,</strong></span> <span class='ocrx_word' id='word_1_70' title='bbox 1134 713 1279 751; x_wconf 76' lang='lat' dir='ltr'><strong>servemus</strong></span> <span class='ocrx_word' id='word_1_71' title='bbox 1294 697 1325 750; x_wconf 92' lang='lat' dir='ltr'><strong>in</strong></span> <span class='ocrx_word' id='word_1_72' title='bbox 1337 712 1371 751; x_wconf 89' lang='lat' dir='ltr'><strong>eo</strong></span> <span class='ocrx_word' id='word_1_73' title='bbox 1385 697 1462 768; x_wconf 90' lang='lat' dir='ltr'><strong>quod</strong></span> <span class='ocrx_word' id='word_1_74' title='bbox 1488 697 1595 754; x_wconf 83' lang='lat' dir='ltr'><strong>Nicaeni</strong></span> <span class='ocrx_word' id='word_1_75' title='bbox 1619 713 1742 751; x_wconf 88' lang='lat' dir='ltr'><strong>canones</strong></span> 
     </span>
     <span class='ocr_line' id='line_1_7' title="bbox 91 785 1742 863; baseline -0.005 -14"><span class='ocrx_word' id='word_1_76' title='bbox 91 795 164 850; x_wconf 92' lang='lat' dir='ltr'><strong>mini</strong></span> <span class='ocrx_word' id='word_1_77' title='bbox 177 793 280 863; x_wconf 81' lang='lat' dir='ltr'><strong>judicis</strong></span> <span class='ocrx_word' id='word_1_78' title='bbox 298 791 335 846; x_wconf 92' lang='lat' dir='ltr'><strong>ad</strong></span> <span class='ocrx_word' id='word_1_79' title='bbox 355 791 488 857; x_wconf 89' lang='lat' dir='ltr'><strong>salutem,</strong></span> <span class='ocrx_word' id='word_1_80' title='bbox 511 789 574 843; x_wconf 90' lang='lat' dir='ltr'><strong>sine</strong></span> <span class='ocrx_word' id='word_1_81' title='bbox 597 793 703 842; x_wconf 76' lang='lat' dir='ltr'><strong>nostrie</strong></span> <span class='ocrx_word' id='word_1_82' title='bbox 725 786 939 858; x_wconf 79' lang='lat' dir='ltr'><strong>properationis</strong></span> <span class='ocrx_word' id='word_1_83' title='bbox 994 791 1145 851; x_wconf 88' lang='lat' dir='ltr'><strong>naverunt,</strong></span> <span class='ocrx_word' id='word_1_84' title='bbox 1163 791 1194 838; x_wconf 92' lang='lat' dir='ltr'><strong>ut</strong></span> <span class='ocrx_word' id='word_1_85' title='bbox 1224 785 1363 839; x_wconf 90' lang='lat' dir='ltr'><strong>habeatur</strong></span> <span class='ocrx_word' id='word_1_86' title='bbox 1391 786 1467 839; x_wconf 91' lang='lat' dir='ltr'><strong>inter</strong></span> <span class='ocrx_word' id='word_1_87' title='bbox 1495 785 1570 851; x_wconf 87' lang='lat' dir='ltr'><strong>illos,</strong></span> <span class='ocrx_word' id='word_1_88' title='bbox 1589 785 1685 857; x_wconf 92' lang='lat' dir='ltr'><strong>quiin</strong></span> <span class='ocrx_word' id='word_1_89' title='bbox 1712 801 1742 840; x_wconf 92' lang='lat' dir='ltr'><strong>or</strong></span> 
     </span>
     <span class='ocr_line' id='line_1_8' title="bbox 92 873 1742 950; baseline -0.005 -14"><span class='ocrx_word' id='word_1_90' title='bbox 92 882 259 946; x_wconf 89' lang='lat' dir='ltr'><strong>ollensione,</strong></span> <span class='ocrx_word' id='word_1_91' title='bbox 275 884 425 950; x_wconf 78' lang='lat' dir='ltr'><strong>reparetur</strong></span> <span class='ocrx_word' id='word_1_92' title='bbox 445 877 535 948; x_wconf 89' lang='lat' dir='ltr'><strong>:quia</strong></span> <span class='ocrx_word' id='word_1_93' title='bbox 558 893 623 931; x_wconf 94' lang='lat' dir='ltr'><strong>cum</strong></span> <span class='ocrx_word' id='word_1_94' title='bbox 649 874 939 946; x_wconf 85' lang='lat' dir='ltr'><strong>peccatorisanobis</strong></span> <span class='ocrx_word' id='word_1_95' title='bbox 994 874 1055 928; x_wconf 92' lang='lat' dir='ltr'><strong>sola</strong></span> <span class='ocrx_word' id='word_1_96' title='bbox 1071 874 1296 939; x_wconf 89' lang='lat' dir='ltr'><strong>communicant,</strong></span> <span class='ocrx_word' id='word_1_97' title='bbox 1324 873 1415 927; x_wconf 91' lang='lat' dir='ltr'><strong>donec</strong></span> <span class='ocrx_word' id='word_1_98' title='bbox 1442 874 1597 944; x_wconf 82' lang='lat' dir='ltr'><strong>impleatur</strong></span> <span class='ocrx_word' id='word_1_99' title='bbox 1625 873 1742 944; x_wconf 90' lang='lat' dir='ltr'><strong>spatiun</strong></span> 
     </span>
     <span class='ocr_line' id='line_1_9' title="bbox 93 963 1742 1038; baseline -0.004 -14"><span class='ocrx_word' id='word_1_100' title='bbox 93 969 246 1025; x_wconf 83' lang='lat' dir='ltr'><strong>satisfactio</strong></span> <span class='ocrx_word' id='word_1_101' title='bbox 271 967 460 1038; x_wconf 86' lang='lat' dir='ltr'><strong>protrahitur,</strong></span> <span class='ocrx_word' id='word_1_102' title='bbox 482 971 658 1038; x_wconf 83' lang='lat' dir='ltr'><strong>nonpraeter</strong></span> <span class='ocrx_word' id='word_1_103' title='bbox 679 970 805 1020; x_wconf 88' lang='lat' dir='ltr'><strong>nostram</strong></span> <span class='ocrx_word' id='word_1_104' title='bbox 825 963 939 1018; x_wconf 86' lang='lat' dir='ltr'><strong>laudem</strong></span> <span class='ocrx_word' id='word_1_105' title='bbox 994 963 1073 1034; x_wconf 89' lang='lat' dir='ltr'><strong>poris</strong></span> <span class='ocrx_word' id='word_1_106' title='bbox 1100 963 1195 1017; x_wconf 90' lang='lat' dir='ltr'><strong>eidem</strong></span> <span class='ocrx_word' id='word_1_107' title='bbox 1225 963 1432 1033; x_wconf 80' lang='lat' dir='ltr'><strong>praestitutum.</strong></span> <span class='ocrx_word' id='word_1_108' title='bbox 1458 964 1514 1017; x_wconf 80' lang='lat' dir='ltr'><strong>Nec</strong></span> <span class='ocrx_word' id='word_1_109' title='bbox 1542 963 1742 1017; x_wconf 76' lang='lat' dir='ltr'><strong>catechumen(</strong></span> 
     </span>
     <span class='ocr_line' id='line_1_10' title="bbox 93 1051 1742 1130; baseline -0.005 -17"><span class='ocrx_word' id='word_1_110' title='bbox 93 1065 179 1130; x_wconf 90' lang='lat' dir='ltr'><strong>atque</strong></span> <span class='ocrx_word' id='word_1_111' title='bbox 195 1057 331 1121; x_wconf 83' lang='lat' dir='ltr'><strong>lmtitiam,</strong></span> <span class='ocrx_word' id='word_1_112' title='bbox 346 1071 427 1109; x_wconf 91' lang='lat' dir='ltr'><strong>mens</strong></span> <span class='ocrx_word' id='word_1_113' title='bbox 440 1057 501 1126; x_wconf 89' lang='lat' dir='ltr'><strong>ejus</strong></span> <span class='ocrx_word' id='word_1_114' title='bbox 512 1057 546 1110; x_wconf 90' lang='lat' dir='ltr'><strong>ad</strong></span> <span class='ocrx_word' id='word_1_115' title='bbox 562 1054 675 1108; x_wconf 80' lang='lat' dir='ltr'><strong>veniam</strong></span> <span class='ocrx_word' id='word_1_116' title='bbox 689 1053 841 1124; x_wconf 78' lang='lat' dir='ltr'><strong>purgatior</strong></span> <span class='ocrx_word' id='word_1_117' title='bbox 859 1051 940 1105; x_wconf 83' lang='lat' dir='ltr'><strong>inve·</strong></span> <span class='ocrx_word' id='word_1_118' title='bbox 995 1057 1077 1116; x_wconf 89' lang='lat' dir='ltr'><strong>stros,</strong></span> <span class='ocrx_word' id='word_1_119' title='bbox 1096 1051 1146 1122; x_wconf 91' lang='lat' dir='ltr'><strong>qui</strong></span> <span class='ocrx_word' id='word_1_120' title='bbox 1162 1051 1214 1104; x_wconf 93' lang='lat' dir='ltr'><strong>sub</strong></span> <span class='ocrx_word' id='word_1_121' title='bbox 1229 1051 1279 1104; x_wconf 92' lang='lat' dir='ltr'><strong>tali</strong></span> <span class='ocrx_word' id='word_1_122' title='bbox 1306 1051 1485 1121; x_wconf 83' lang='lat' dir='ltr'><strong>professione</strong></span> <span class='ocrx_word' id='word_1_123' title='bbox 1510 1051 1646 1121; x_wconf 89' lang='lat' dir='ltr'><strong>baptizati</strong></span> <span class='ocrx_word' id='word_1_124' title='bbox 1670 1056 1742 1105; x_wconf 88' lang='lat' dir='ltr'><strong>sunt</strong></span> 
     </span>
     <span class='ocr_line' id='line_1_11' title="bbox 93 1140 1740 1212; baseline -0.004 -11"><span class='ocrx_word' id='word_1_125' title='bbox 93 1147 181 1202; x_wconf 92' lang='lat' dir='ltr'><strong>nitur.</strong></span> <span class='ocrx_word' id='word_1_126' title='bbox 200 1147 233 1200; x_wconf 84' lang='lat' dir='ltr'><strong>Et</strong></span> <span class='ocrx_word' id='word_1_127' title='bbox 257 1145 323 1199; x_wconf 91' lang='lat' dir='ltr'><strong>ideo</strong></span> <span class='ocrx_word' id='word_1_128' title='bbox 348 1143 537 1199; x_wconf 87' lang='lat' dir='ltr'><strong>memineritis</strong></span> <span class='ocrx_word' id='word_1_129' title='bbox 559 1143 633 1197; x_wconf 90' lang='lat' dir='ltr'><strong>hanc</strong></span> <span class='ocrx_word' id='word_1_130' title='bbox 652 1158 739 1212; x_wconf 88' lang='lat' dir='ltr'><strong>super</strong></span> <span class='ocrx_word' id='word_1_131' title='bbox 764 1141 941 1196; x_wconf 90' lang='lat' dir='ltr'><strong>hisnosha·</strong></span> <span class='ocrx_word' id='word_1_132' title='bbox 996 1141 1116 1195; x_wconf 88' lang='lat' dir='ltr'><strong>terimus</strong></span> <span class='ocrx_word' id='word_1_133' title='bbox 1133 1156 1139 1192; x_wconf 91' lang='lat'>:</span> <span class='ocrx_word' id='word_1_134' title='bbox 1155 1141 1296 1211; x_wconf 88' lang='lat' dir='ltr'><strong>quianon</strong></span> <span class='ocrx_word' id='word_1_135' title='bbox 1324 1145 1466 1194; x_wconf 85' lang='lat' dir='ltr'><strong>estcausa</strong></span> <span class='ocrx_word' id='word_1_136' title='bbox 1493 1140 1648 1206; x_wconf 85' lang='lat' dir='ltr'><strong>dissimilis,</strong></span> <span class='ocrx_word' id='word_1_137' title='bbox 1664 1142 1740 1194; x_wconf 90' lang='lat' dir='ltr'><strong>sicut</strong></span> 
     </span>
     <span class='ocr_line' id='line_1_12' title="bbox 93 1227 1741 1300; baseline -0.005 -10"><span class='ocrx_word' id='word_1_138' title='bbox 93 1236 161 1290; x_wconf 89' lang='lat' dir='ltr'><strong>bere</strong></span> <span class='ocrx_word' id='word_1_139' title='bbox 177 1233 361 1298; x_wconf 89' lang='lat' dir='ltr'><strong>sententiam,</strong></span> <span class='ocrx_word' id='word_1_140' title='bbox 376 1239 410 1286; x_wconf 90' lang='lat' dir='ltr'><strong>ut</strong></span> <span class='ocrx_word' id='word_1_141' title='bbox 432 1238 544 1286; x_wconf 86' lang='lat' dir='ltr'><strong>servata</strong></span> <span class='ocrx_word' id='word_1_142' title='bbox 566 1230 738 1286; x_wconf 85' lang='lat' dir='ltr'><strong>discretione</strong></span> <span class='ocrx_word' id='word_1_143' title='bbox 759 1228 940 1300; x_wconf 90' lang='lat' dir='ltr'><strong>peccantium</strong></span> <span class='ocrx_word' id='word_1_144' title='bbox 997 1227 1086 1283; x_wconf 91' lang='lat' dir='ltr'><strong>sancti</strong></span> <span class='ocrx_word' id='word_1_145' title='bbox 1115 1243 1237 1282; x_wconf 91' lang='lat' dir='ltr'><strong>canones</strong></span> <span class='ocrx_word' id='word_1_146' title='bbox 1251 1228 1433 1295; x_wconf 91' lang='lat' dir='ltr'><strong>ordinarunt,</strong></span> <span class='ocrx_word' id='word_1_147' title='bbox 1447 1229 1509 1298; x_wconf 83' lang='lat' dir='ltr'><strong>ejus</strong></span> <span class='ocrx_word' id='word_1_148' title='bbox 1534 1228 1583 1299; x_wconf 90' lang='lat' dir='ltr'><strong>qui</strong></span> <span class='ocrx_word' id='word_1_149' title='bbox 1611 1228 1741 1299; x_wconf 90' lang='lat' dir='ltr'><strong>quolibet</strong></span> 
     </span>
     <span class='ocr_line' id='line_1_13' title="bbox 94 1316 1741 1390; baseline -0.004 -13"><span class='ocrx_word' id='word_1_150' title='bbox 94 1338 151 1377; x_wconf 93' lang='lat' dir='ltr'><strong>non</strong></span> <span class='ocrx_word' id='word_1_151' title='bbox 164 1321 263 1375; x_wconf 90' lang='lat' dir='ltr'><strong>eadem</strong></span> <span class='ocrx_word' id='word_1_152' title='bbox 281 1320 375 1374; x_wconf 92' lang='lat' dir='ltr'><strong>cuncti</strong></span> <span class='ocrx_word' id='word_1_153' title='bbox 401 1319 452 1390; x_wconf 91' lang='lat' dir='ltr'><strong>qui</strong></span> <span class='ocrx_word' id='word_1_154' title='bbox 467 1319 541 1389; x_wconf 90' lang='lat' dir='ltr'><strong>lapsi</strong></span> <span class='ocrx_word' id='word_1_155' title='bbox 553 1324 630 1382; x_wconf 89' lang='lat' dir='ltr'><strong>sunt,</strong></span> <span class='ocrx_word' id='word_1_156' title='bbox 655 1318 735 1373; x_wconf 92' lang='lat' dir='ltr'><strong>lance</strong></span> <span class='ocrx_word' id='word_1_157' title='bbox 759 1320 939 1388; x_wconf 85' lang='lat' dir='ltr'><strong>pensentur:</strong></span> <span class='ocrx_word' id='word_1_158' title='bbox 997 1316 1152 1383; x_wconf 85' lang='lat' dir='ltr'><strong>Christum,</strong></span> <span class='ocrx_word' id='word_1_159' title='bbox 1166 1332 1253 1387; x_wconf 93' lang='lat' dir='ltr'><strong>quem</strong></span> <span class='ocrx_word' id='word_1_160' title='bbox 1267 1318 1353 1370; x_wconf 90' lang='lat' dir='ltr'><strong>semel</strong></span> <span class='ocrx_word' id='word_1_161' title='bbox 1369 1316 1514 1372; x_wconf 81' lang='lat' dir='ltr'><strong>confessus</strong></span> <span class='ocrx_word' id='word_1_162' title='bbox 1528 1322 1580 1380; x_wconf 85' lang='lat' dir='ltr'><strong>est,</strong></span> <span class='ocrx_word' id='word_1_163' title='bbox 1612 1318 1741 1386; x_wconf 76' lang='lat' dir='ltr'><strong>abjurare</strong></span> 
     </span>
     <span class='ocr_line' id='line_1_14' title="bbox 95 1403 1741 1480; baseline -0.001 -18"><span class='ocrx_word' id='word_1_164' title='bbox 95 1409 232 1480; x_wconf 89' lang='lat' dir='ltr'><strong>quoniam</strong></span> <span class='ocrx_word' id='word_1_165' title='bbox 257 1407 374 1477; x_wconf 84' lang='lat' dir='ltr'><strong>majoris</strong></span> <span class='ocrx_word' id='word_1_166' title='bbox 402 1406 594 1476; x_wconf 78' lang='lat' dir='ltr'><strong>castigationis</strong></span> <span class='ocrx_word' id='word_1_167' title='bbox 628 1413 668 1459; x_wconf 91' lang='lat' dir='ltr'><strong>est</strong></span> <span class='ocrx_word' id='word_1_168' title='bbox 692 1403 851 1475; x_wconf 83' lang='lat' dir='ltr'><strong>exigendus</strong></span> <span class='ocrx_word' id='word_1_169' title='bbox 879 1419 942 1457; x_wconf 92' lang='lat' dir='ltr'><strong>usu·</strong></span> <span class='ocrx_word' id='word_1_170' title='bbox 997 1405 1238 1459; x_wconf 88' lang='lat' dir='ltr'><strong>busannisinter</strong></span> <span class='ocrx_word' id='word_1_171' title='bbox 1255 1406 1404 1459; x_wconf 86' lang='lat' dir='ltr'><strong>audientes</strong></span> <span class='ocrx_word' id='word_1_172' title='bbox 1427 1405 1493 1473; x_wconf 90' lang='lat' dir='ltr'><strong>sint,</strong></span> <span class='ocrx_word' id='word_1_173' title='bbox 1518 1411 1547 1460; x_wconf 92' lang='lat' dir='ltr'><strong>et</strong></span> <span class='ocrx_word' id='word_1_174' title='bbox 1576 1411 1686 1476; x_wconf 90' lang='lat' dir='ltr'><strong>postea</strong></span> <span class='ocrx_word' id='word_1_175' title='bbox 1715 1421 1741 1460; x_wconf 84' lang='lat' dir='ltr'><strong>ca</strong></span> 
     </span>
     <span class='ocr_line' id='line_1_15' title="bbox 96 1491 1741 1564; baseline -0.001 -14"><span class='ocrx_word' id='word_1_176' title='bbox 96 1513 167 1564; x_wconf 81' lang='lat' dir='ltr'><strong>rani,</strong></span> <span class='ocrx_word' id='word_1_177' title='bbox 184 1495 231 1550; x_wconf 92' lang='lat' dir='ltr'><strong>cui</strong></span> <span class='ocrx_word' id='word_1_178' title='bbox 255 1496 358 1549; x_wconf 91' lang='lat' dir='ltr'><strong>domus</strong></span> <span class='ocrx_word' id='word_1_179' title='bbox 381 1494 497 1548; x_wconf 84' lang='lat' dir='ltr'><strong>Domini</strong></span> <span class='ocrx_word' id='word_1_180' title='bbox 514 1493 666 1547; x_wconf 90' lang='lat' dir='ltr'><strong>commissa</strong></span> <span class='ocrx_word' id='word_1_181' title='bbox 682 1493 769 1547; x_wconf 87' lang='lat' dir='ltr'><strong>luerit</strong></span> <span class='ocrx_word' id='word_1_182' title='bbox 781 1491 940 1562; x_wconf 82' lang='lat' dir='ltr'><strong>disciplina.</strong></span> <span class='ocrx_word' id='word_1_183' title='bbox 998 1494 1090 1548; x_wconf 88' lang='lat' dir='ltr'><strong>menis</strong></span> <span class='ocrx_word' id='word_1_184' title='bbox 1101 1493 1306 1564; x_wconf 89' lang='lat' dir='ltr'><strong>permittantur</strong></span> <span class='ocrx_word' id='word_1_185' title='bbox 1326 1510 1418 1559; x_wconf 89' lang='lat' dir='ltr'><strong>orare,</strong></span> <span class='ocrx_word' id='word_1_186' title='bbox 1445 1510 1497 1564; x_wconf 90' lang='lat' dir='ltr'><strong>per</strong></span> <span class='ocrx_word' id='word_1_187' title='bbox 1512 1510 1614 1547; x_wconf 88' lang='lat' dir='ltr'><strong>manos</strong></span> <span class='ocrx_word' id='word_1_188' title='bbox 1629 1494 1741 1564; x_wconf 81' lang='lat' dir='ltr'><strong>imposit</strong></span> 
     </span>
     <span class='ocr_line' id='line_1_16' title="bbox 97 1580 1739 1673; baseline -0.001 -35"><span class='ocrx_word' id='word_1_189' title='bbox 97 1586 132 1639; x_wconf 80' lang='grc' dir='ltr'><strong>ιιι</strong></span> <span class='ocrx_word' id='word_1_190' title='bbox 156 1599 224 1654; x_wconf 90' lang='lat' dir='ltr'><strong>ergo</strong></span> <span class='ocrx_word' id='word_1_191' title='bbox 251 1584 285 1638; x_wconf 89' lang='lat' dir='ltr'><strong>ab</strong></span> <span class='ocrx_word' id='word_1_192' title='bbox 315 1583 445 1637; x_wconf 76' lang='lat' dir='ltr'><strong>Ecclesia</strong></span> <span class='ocrx_word' id='word_1_193' title='bbox 468 1582 659 1636; x_wconf 86' lang='lat' dir='ltr'><strong>summatibus</strong></span> <span class='ocrx_word' id='word_1_194' title='bbox 689 1580 868 1643; x_wconf 89' lang='lat' dir='ltr'><strong>inchoemus,</strong></span> <span class='ocrx_word' id='word_1_195' title='bbox 895 1582 1506 1673; x_wconf 76' lang='lat' dir='ltr'><strong>eosBcommunioniscatholicaegratiam</strong></span> <span class='ocrx_word' id='word_1_196' title='bbox 1534 1583 1690 1653; x_wconf 85' lang='lat' dir='ltr'><strong>recepturi,</strong></span> <span class='ocrx_word' id='word_1_197' title='bbox 1723 1598 1739 1636; x_wconf 91' lang='lat' dir='ltr'><strong>c</strong></span> 
     </span>
     <span class='ocr_line' id='line_1_17' title="bbox 96 1667 1741 1742; baseline 0 -18"><span class='ocrx_word' id='word_1_198' title='bbox 96 1688 167 1742; x_wconf 90' lang='lat' dir='ltr'><strong>quos</strong></span> <span class='ocrx_word' id='word_1_199' title='bbox 204 1670 362 1740; x_wconf 89' lang='lat' dir='ltr'><strong>episcopos,</strong></span> <span class='ocrx_word' id='word_1_200' title='bbox 390 1670 579 1741; x_wconf 81' lang='lat' dir='ltr'><strong>presbyteros,</strong></span> <span class='ocrx_word' id='word_1_201' title='bbox 617 1671 662 1722; x_wconf 82' lang='lat' dir='ltr'><strong>vel</strong></span> <span class='ocrx_word' id='word_1_202' title='bbox 695 1668 830 1723; x_wconf 88' lang='lat' dir='ltr'><strong>diaconos</strong></span> <span class='ocrx_word' id='word_1_203' title='bbox 855 1667 942 1722; x_wconf 86' lang='lat' dir='ltr'><strong>luisse</strong></span> <span class='ocrx_word' id='word_1_204' title='bbox 999 1670 1644 1741; x_wconf 84' lang='lat' dir='ltr'><strong>sanetautumurodoepiscopis,presbyteris,</strong></span> <span class='ocrx_word' id='word_1_205' title='bbox 1665 1671 1741 1724; x_wconf 88' lang='lat' dir='ltr'><strong>diaco</strong></span> 
     </span>
     <span class='ocr_line' id='line_1_18' title="bbox 96 1757 1740 1829; baseline 0.001 -16"><span class='ocrx_word' id='word_1_206' title='bbox 96 1758 263 1824; x_wconf 87' lang='lat' dir='ltr'><strong>constiterit,</strong></span> <span class='ocrx_word' id='word_1_207' title='bbox 280 1763 308 1812; x_wconf 92' lang='lat' dir='ltr'><strong>et</strong></span> <span class='ocrx_word' id='word_1_208' title='bbox 322 1775 373 1813; x_wconf 91' lang='lat' dir='ltr'><strong>seu</strong></span> <span class='ocrx_word' id='word_1_209' title='bbox 392 1764 522 1829; x_wconf 86' lang='lat' dir='ltr'><strong>optantes</strong></span> <span class='ocrx_word' id='word_1_210' title='bbox 533 1757 664 1824; x_wconf 79' lang='lat' dir='ltr'><strong>forsitan,</strong></span> <span class='ocrx_word' id='word_1_211' title='bbox 686 1773 736 1812; x_wconf 91' lang='lat' dir='ltr'><strong>seu</strong></span> <span class='ocrx_word' id='word_1_212' title='bbox 765 1761 878 1810; x_wconf 89' lang='lat' dir='ltr'><strong>coactos</strong></span> <span class='ocrx_word' id='word_1_213' title='bbox 901 1757 941 1811; x_wconf 90' lang='lat' dir='ltr'><strong>la·</strong></span> <span class='ocrx_word' id='word_1_214' title='bbox 999 1759 1104 1828; x_wconf 90' lang='lat' dir='ltr'><strong>quibus</strong></span> <span class='ocrx_word' id='word_1_215' title='bbox 1119 1759 1180 1812; x_wconf 91' lang='lat' dir='ltr'><strong>solo</strong></span> <span class='ocrx_word' id='word_1_216' title='bbox 1195 1758 1295 1812; x_wconf 91' lang='lat' dir='ltr'><strong>mortis</strong></span> <span class='ocrx_word' id='word_1_217' title='bbox 1309 1775 1368 1812; x_wconf 78' lang='lat' dir='ltr'><strong>suae</strong></span> <span class='ocrx_word' id='word_1_218' title='bbox 1381 1763 1509 1829; x_wconf 91' lang='lat' dir='ltr'><strong>tempore</strong></span> <span class='ocrx_word' id='word_1_219' title='bbox 1522 1759 1740 1814; x_wconf 85' lang='lat' dir='ltr'><strong>reconcilianda</strong></span> 
     </span>
     <span class='ocr_line' id='line_1_19' title="bbox 97 1845 1741 1917; baseline 0 -16"><span class='ocrx_word' id='word_1_220' title='bbox 97 1847 173 1902; x_wconf 75' lang='lat' dir='ltr'><strong>sacri</strong></span> <span class='ocrx_word' id='word_1_221' title='bbox 186 1847 263 1901; x_wconf 88' lang='lat' dir='ltr'><strong>illius</strong></span> <span class='ocrx_word' id='word_1_222' title='bbox 284 1847 368 1914; x_wconf 90' lang='lat' dir='ltr'><strong>unici,</strong></span> <span class='ocrx_word' id='word_1_223' title='bbox 394 1846 583 1917; x_wconf 88' lang='lat' dir='ltr'><strong>salutarisque</strong></span> <span class='ocrx_word' id='word_1_224' title='bbox 606 1847 709 1900; x_wconf 91' lang='lat' dir='ltr'><strong>claruit</strong></span> <span class='ocrx_word' id='word_1_225' title='bbox 730 1845 830 1899; x_wconf 84' lang='lat' dir='ltr'><strong>iecisse</strong></span> <span class='ocrx_word' id='word_1_226' title='bbox 849 1845 943 1916; x_wconf 86' lang='lat' dir='ltr'><strong>jactu·</strong></span> <span class='ocrx_word' id='word_1_227' title='bbox 994 1846 1056 1917; x_wconf 86' lang='lat' dir='ltr'><strong>jam</strong></span> <span class='ocrx_word' id='word_1_228' title='bbox 1071 1846 1196 1900; x_wconf 84' lang='lat' dir='ltr'><strong>diximus</strong></span> <span class='ocrx_word' id='word_1_229' title='bbox 1213 1863 1219 1900; x_wconf 89' lang='lat'>:</span> <span class='ocrx_word' id='word_1_230' title='bbox 1235 1851 1363 1910; x_wconf 77' lang='lat' dir='ltr'><strong>ceteros,</strong></span> <span class='ocrx_word' id='word_1_231' title='bbox 1379 1846 1406 1901; x_wconf 95' lang='lat' dir='ltr'><strong>id</strong></span> <span class='ocrx_word' id='word_1_232' title='bbox 1423 1852 1474 1912; x_wconf 92' lang='lat' dir='ltr'><strong>est,</strong></span> <span class='ocrx_word' id='word_1_233' title='bbox 1493 1847 1550 1900; x_wconf 82' lang='lat' dir='ltr'><strong>sive</strong></span> <span class='ocrx_word' id='word_1_234' title='bbox 1565 1847 1694 1913; x_wconf 90' lang='lat' dir='ltr'><strong>clericos,</strong></span> <span class='ocrx_word' id='word_1_235' title='bbox 1712 1845 1741 1901; x_wconf 57' lang='lat' dir='ltr'><strong>si*</strong></span> 
     </span>
     <span class='ocr_line' id='line_1_20' title="bbox 97 1933 1738 2008; baseline 0.001 -19"><span class='ocrx_word' id='word_1_236' title='bbox 97 1952 170 2001; x_wconf 88' lang='lat' dir='ltr'><strong>rarn,</strong></span> <span class='ocrx_word' id='word_1_237' title='bbox 182 1942 210 1989; x_wconf 89' lang='lat' dir='ltr'><strong>et</strong></span> <span class='ocrx_word' id='word_1_238' title='bbox 225 1935 381 2001; x_wconf 90' lang='lat' dir='ltr'><strong>Christum,</strong></span> <span class='ocrx_word' id='word_1_239' title='bbox 397 1950 484 2005; x_wconf 89' lang='lat' dir='ltr'><strong>quem</strong></span> <span class='ocrx_word' id='word_1_240' title='bbox 501 1950 560 1988; x_wconf 93' lang='lat' dir='ltr'><strong>non</strong></span> <span class='ocrx_word' id='word_1_241' title='bbox 583 1933 676 1988; x_wconf 90' lang='lat' dir='ltr'><strong>solum</strong></span> <span class='ocrx_word' id='word_1_242' title='bbox 700 1934 778 1988; x_wconf 90' lang='lat' dir='ltr'><strong>dona</strong></span> <span class='ocrx_word' id='word_1_243' title='bbox 792 1948 943 2004; x_wconf 89' lang='lat' dir='ltr'><strong>regenera-</strong></span> <span class='ocrx_word' id='word_1_244' title='bbox 998 1935 1114 2002; x_wconf 83' lang='lat' dir='ltr'><strong>nechea,</strong></span> <span class='ocrx_word' id='word_1_245' title='bbox 1131 1952 1180 1989; x_wconf 92' lang='lat' dir='ltr'><strong>seu</strong></span> <span class='ocrx_word' id='word_1_246' title='bbox 1193 1935 1290 2000; x_wconf 88' lang='lat' dir='ltr'><strong>laicos,</strong></span> <span class='ocrx_word' id='word_1_247' title='bbox 1314 1951 1398 1989; x_wconf 84' lang='lat' dir='ltr'><strong>serus</strong></span> <span class='ocrx_word' id='word_1_248' title='bbox 1422 1936 1571 2008; x_wconf 90' lang='lat' dir='ltr'><strong>utriusque</strong></span> <span class='ocrx_word' id='word_1_249' title='bbox 1600 1952 1738 2006; x_wconf 87' lang='lat' dir='ltr'><strong>personas</strong></span> 
     </span>
     <span class='ocr_line' id='line_1_21' title="bbox 97 2021 1723 2093; baseline 0.001 -16"><span class='ocrx_word' id='word_1_250' title='bbox 97 2023 193 2090; x_wconf 88' lang='lat' dir='ltr'><strong>tionis,</strong></span> <span class='ocrx_word' id='word_1_251' title='bbox 208 2038 306 2076; x_wconf 88' lang='lat' dir='ltr'><strong>verum</strong></span> <span class='ocrx_word' id='word_1_252' title='bbox 321 2023 408 2077; x_wconf 89' lang='lat' dir='ltr'><strong>etiam</strong></span> <span class='ocrx_word' id='word_1_253' title='bbox 433 2021 525 2092; x_wconf 91' lang='lat' dir='ltr'><strong>gratia</strong></span> <span class='ocrx_word' id='word_1_254' title='bbox 548 2021 685 2092; x_wconf 77' lang='lat' dir='ltr'><strong>praecepti</strong></span> <span class='ocrx_word' id='word_1_255' title='bbox 707 2021 942 2076; x_wconf 88' lang='lat' dir='ltr'><strong>honorisindue-</strong></span> <span class='ocrx_word' id='word_1_256' title='bbox 998 2021 1134 2076; x_wconf 84' lang='lat' dir='ltr'><strong>violentia</strong></span> <span class='ocrx_word' id='word_1_257' title='bbox 1161 2027 1189 2075; x_wconf 87' lang='lat' dir='ltr'><strong>et</strong></span> <span class='ocrx_word' id='word_1_258' title='bbox 1214 2023 1348 2093; x_wconf 89' lang='lat' dir='ltr'><strong>periculis</strong></span> <span class='ocrx_word' id='word_1_259' title='bbox 1380 2030 1504 2089; x_wconf 88' lang='lat' dir='ltr'><strong>coactos,</strong></span> <span class='ocrx_word' id='word_1_260' title='bbox 1537 2025 1723 2079; x_wconf 87' lang='lat' dir='ltr'><strong>iterationem</strong></span> 
     </span>
     <span class='ocr_line' id='line_1_22' title="bbox 98 2109 1739 2184; baseline 0 -18"><span class='ocrx_word' id='word_1_261' title='bbox 98 2110 306 2178; x_wconf 82' lang='lat' dir='ltr'><strong>rant,exuisse,</strong></span> <span class='ocrx_word' id='word_1_262' title='bbox 331 2126 396 2164; x_wconf 90' lang='lat' dir='ltr'><strong>cum</strong></span> <span class='ocrx_word' id='word_1_263' title='bbox 420 2115 530 2165; x_wconf 87' lang='lat' dir='ltr'><strong>constet</strong></span> <span class='ocrx_word' id='word_1_264' title='bbox 557 2109 703 2164; x_wconf 91' lang='lat' dir='ltr'><strong>neminem</strong></span> <span class='ocrx_word' id='word_1_265' title='bbox 729 2109 765 2164; x_wconf 92' lang='lat' dir='ltr'><strong>ad</strong></span> <span class='ocrx_word' id='word_1_266' title='bbox 788 2109 943 2164; x_wconf 91' lang='lat' dir='ltr'><strong>secundam</strong></span> <span class='ocrx_word' id='word_1_267' title='bbox 998 2110 1095 2164; x_wconf 87' lang='lat' dir='ltr'><strong>amatis</strong></span> <span class='ocrx_word' id='word_1_268' title='bbox 1124 2110 1244 2165; x_wconf 89' lang='lat' dir='ltr'><strong>subiisse</strong></span> <span class='ocrx_word' id='word_1_269' title='bbox 1281 2112 1451 2178; x_wconf 90' lang='lat' dir='ltr'><strong>constiterit,</strong></span> <span class='ocrx_word' id='word_1_270' title='bbox 1481 2114 1524 2166; x_wconf 82' lang='lat' dir='ltr'><strong>vel</strong></span> <span class='ocrx_word' id='word_1_271' title='bbox 1551 2113 1600 2184; x_wconf 89' lang='lat' dir='ltr'><strong>qui</strong></span> <span class='ocrx_word' id='word_1_272' title='bbox 1641 2113 1739 2184; x_wconf 92' lang='lat' dir='ltr'><strong>aliquo</strong></span> 
     </span>
     <span class='ocr_line' id='line_1_23' title="bbox 97 2197 1741 2270; baseline 0 -15"><span class='ocrx_word' id='word_1_273' title='bbox 97 2199 265 2255; x_wconf 91' lang='lat' dir='ltr'><strong>tinctionem</strong></span> <span class='ocrx_word' id='word_1_274' title='bbox 289 2198 387 2254; x_wconf 85' lang='lat' dir='ltr'><strong>venire</strong></span> <span class='ocrx_word' id='word_1_275' title='bbox 408 2198 545 2268; x_wconf 91' lang='lat' dir='ltr'><strong>potuisse,</strong></span> <span class='ocrx_word' id='word_1_276' title='bbox 572 2197 628 2252; x_wconf 92' lang='lat' dir='ltr'><strong>nisi</strong></span> <span class='ocrx_word' id='word_1_277' title='bbox 649 2216 679 2252; x_wconf 88' lang='lat' dir='ltr'><strong>se</strong></span> <span class='ocrx_word' id='word_1_278' title='bbox 696 2197 792 2268; x_wconf 90' lang='lat' dir='ltr'><strong>palam</strong></span> <span class='ocrx_word' id='word_1_279' title='bbox 808 2197 943 2254; x_wconf 86' lang='lat' dir='ltr'><strong>Christia—</strong></span> <span class='ocrx_word' id='word_1_280' title='bbox 998 2204 1105 2265; x_wconf 86' lang='lat' dir='ltr'><strong>mento,</strong></span> <span class='ocrx_word' id='word_1_281' title='bbox 1119 2198 1204 2269; x_wconf 87' lang='lat' dir='ltr'><strong>hujus</strong></span> <span class='ocrx_word' id='word_1_282' title='bbox 1223 2216 1252 2253; x_wconf 94' lang='lat' dir='ltr'><strong>se</strong></span> <span class='ocrx_word' id='word_1_283' title='bbox 1264 2199 1400 2254; x_wconf 88' lang='lat' dir='ltr'><strong>facinoris</strong></span> <span class='ocrx_word' id='word_1_284' title='bbox 1424 2201 1544 2270; x_wconf 81' lang='lat' dir='ltr'><strong>piaculis</strong></span> <span class='ocrx_word' id='word_1_285' title='bbox 1571 2201 1696 2256; x_wconf 83' lang='lat' dir='ltr'><strong>dixerint</strong></span> <span class='ocrx_word' id='word_1_286' title='bbox 1724 2217 1741 2255; x_wconf 96' lang='lat' dir='ltr'><strong>n</strong></span> 
     </span>
     <span class='ocr_line' id='line_1_24' title="bbox 98 2285 1740 2361; baseline -0.001 -18"><span class='ocrx_word' id='word_1_287' title='bbox 98 2304 169 2343; x_wconf 93' lang='lat' dir='ltr'><strong>num</strong></span> <span class='ocrx_word' id='word_1_288' title='bbox 188 2287 344 2361; x_wconf 77' lang='lat' dir='ltr'><strong>negaverit,</strong></span> <span class='ocrx_word' id='word_1_289' title='bbox 369 2292 396 2341; x_wconf 92' lang='lat' dir='ltr'><strong>et</strong></span> <span class='ocrx_word' id='word_1_290' title='bbox 420 2287 564 2358; x_wconf 83' lang='lat' dir='ltr'><strong>protessus</strong></span> <span class='ocrx_word' id='word_1_291' title='bbox 587 2286 673 2341; x_wconf 88' lang='lat' dir='ltr'><strong>fuerit</strong></span> <span class='ocrx_word' id='word_1_292' title='bbox 701 2302 761 2340; x_wconf 90' lang='lat' dir='ltr'><strong>esse</strong></span> <span class='ocrx_word' id='word_1_293' title='bbox 786 2301 941 2357; x_wconf 89' lang='lat' dir='ltr'><strong>paganum,</strong></span> <span class='ocrx_word' id='word_1_294' title='bbox 998 2285 1071 2352; x_wconf 90' lang='lat' dir='ltr'><strong>neri,</strong></span> <span class='ocrx_word' id='word_1_295' title='bbox 1086 2285 1117 2339; x_wconf 95' lang='lat' dir='ltr'><strong>in</strong></span> <span class='ocrx_word' id='word_1_296' title='bbox 1132 2287 1301 2357; x_wconf 74' lang='lat' dir='ltr'><strong>punitentia</strong></span> <span class='ocrx_word' id='word_1_297' title='bbox 1324 2301 1377 2356; x_wconf 92' lang='lat' dir='ltr'><strong>per</strong></span> <span class='ocrx_word' id='word_1_298' title='bbox 1396 2287 1553 2342; x_wconf 91' lang='lat' dir='ltr'><strong>triennium</strong></span> <span class='ocrx_word' id='word_1_299' title='bbox 1579 2288 1683 2342; x_wconf 90' lang='lat' dir='ltr'><strong>durare</strong></span> <span class='ocrx_word' id='word_1_300' title='bbox 1713 2286 1740 2342; x_wconf 80' lang='lat' dir='ltr'><strong>dt</strong></span> 
     </span>
     <span class='ocr_line' id='line_1_25' title="bbox 99 2373 1739 2447; baseline 0.001 -19"><span class='ocrx_word' id='word_1_301' title='bbox 99 2376 255 2447; x_wconf 86' lang='lat' dir='ltr'><strong>quodcum</strong></span> <span class='ocrx_word' id='word_1_302' title='bbox 270 2375 444 2446; x_wconf 86' lang='lat' dir='ltr'><strong>generaliter</strong></span> <span class='ocrx_word' id='word_1_303' title='bbox 470 2374 549 2428; x_wconf 91' lang='lat' dir='ltr'><strong>sitin</strong></span> <span class='ocrx_word' id='word_1_304' title='bbox 573 2373 707 2428; x_wconf 90' lang='lat' dir='ltr'><strong>omnibus</strong></span> <span class='ocrx_word' id='word_1_305' title='bbox 726 2373 942 2439; x_wconf 84' lang='lat' dir='ltr'><strong>exsecrandum,</strong></span> <span class='ocrx_word' id='word_1_306' title='bbox 998 2388 1074 2440; x_wconf 90' lang='lat' dir='ltr'><strong>mus,</strong></span> <span class='ocrx_word' id='word_1_307' title='bbox 1108 2381 1137 2429; x_wconf 91' lang='lat' dir='ltr'><strong>et</strong></span> <span class='ocrx_word' id='word_1_308' title='bbox 1163 2391 1215 2444; x_wconf 92' lang='lat' dir='ltr'><strong>per</strong></span> <span class='ocrx_word' id='word_1_309' title='bbox 1241 2391 1342 2429; x_wconf 90' lang='lat' dir='ltr'><strong>manus</strong></span> <span class='ocrx_word' id='word_1_310' title='bbox 1374 2375 1588 2445; x_wconf 87' lang='lat' dir='ltr'><strong>impositionem</strong></span> <span class='ocrx_word' id='word_1_311' title='bbox 1617 2377 1653 2431; x_wconf 91' lang='lat' dir='ltr'><strong>ad</strong></span> <span class='ocrx_word' id='word_1_312' title='bbox 1679 2377 1739 2430; x_wconf 88' lang='lat' dir='ltr'><strong>soci</strong></span> 
     </span>
     <span class='ocr_line' id='line_1_26' title="bbox 97 2460 1738 2535; baseline 0.002 -19"><span class='ocrx_word' id='word_1_313' title='bbox 97 2465 188 2517; x_wconf 92' lang='lat' dir='ltr'><strong>multo</strong></span> <span class='ocrx_word' id='word_1_314' title='bbox 203 2463 293 2533; x_wconf 89' lang='lat' dir='ltr'><strong>magis</strong></span> <span class='ocrx_word' id='word_1_315' title='bbox 307 2462 337 2516; x_wconf 94' lang='lat' dir='ltr'><strong>in</strong></span> <span class='ocrx_word' id='word_1_316' title='bbox 354 2462 506 2532; x_wconf 88' lang='lat' dir='ltr'><strong>episcopis,</strong></span> <span class='ocrx_word' id='word_1_317' title='bbox 521 2461 707 2532; x_wconf 80' lang='lat' dir='ltr'><strong>presbyteris,</strong></span> <span class='ocrx_word' id='word_1_318' title='bbox 736 2465 764 2514; x_wconf 92' lang='lat' dir='ltr'><strong>et</strong></span> <span class='ocrx_word' id='word_1_319' title='bbox 777 2460 943 2514; x_wconf 89' lang='lat' dir='ltr'><strong>diaconibus</strong></span> <span class='ocrx_word' id='word_1_320' title='bbox 999 2462 1086 2531; x_wconf 90' lang='lat' dir='ltr'><strong>recipi</strong></span> <span class='ocrx_word' id='word_1_321' title='bbox 1125 2463 1303 2531; x_wconf 89' lang='lat' dir='ltr'><strong>sacramenti,</strong></span> <span class='ocrx_word' id='word_1_322' title='bbox 1337 2462 1386 2517; x_wconf 94' lang='lat' dir='ltr'><strong>illo</strong></span> <span class='ocrx_word' id='word_1_323' title='bbox 1419 2480 1472 2535; x_wconf 90' lang='lat' dir='ltr'><strong>per</strong></span> <span class='ocrx_word' id='word_1_324' title='bbox 1498 2464 1595 2519; x_wconf 91' lang='lat' dir='ltr'><strong>omnia</strong></span> <span class='ocrx_word' id='word_1_325' title='bbox 1622 2463 1738 2519; x_wconf 88' lang='lat' dir='ltr'><strong>custodi</strong></span> 
     </span>
     <span class='ocr_line' id='line_1_27' title="bbox 98 2548 1734 2622; baseline 0.001 -18"><span class='ocrx_word' id='word_1_326' title='bbox 98 2550 197 2606; x_wconf 89' lang='lat' dir='ltr'><strong>auditu</strong></span> <span class='ocrx_word' id='word_1_327' title='bbox 222 2551 323 2605; x_wconf 87' lang='lat' dir='ltr'><strong>saltem</strong></span> <span class='ocrx_word' id='word_1_328' title='bbox 349 2550 485 2621; x_wconf 89' lang='lat' dir='ltr'><strong>dictuque</strong></span> <span class='ocrx_word' id='word_1_329' title='bbox 510 2549 650 2621; x_wconf 80' lang='lat' dir='ltr'><strong>probatur</strong></span> <span class='ocrx_word' id='word_1_330' title='bbox 676 2548 943 2603; x_wconf 78' lang='lat' dir='ltr'><strong>horreudnmzscd</strong></span> <span class='ocrx_word' id='word_1_331' title='bbox 999 2550 1312 2622; x_wconf 86' lang='lat' dir='ltr'><strong>exhisunquam,qui</strong></span> <span class='ocrx_word' id='word_1_332' title='bbox 1336 2551 1368 2604; x_wconf 90' lang='lat' dir='ltr'><strong>in</strong></span> <span class='ocrx_word' id='word_1_333' title='bbox 1394 2552 1522 2621; x_wconf 85' lang='lat' dir='ltr'><strong>qualibet</strong></span> <span class='ocrx_word' id='word_1_334' title='bbox 1550 2557 1634 2607; x_wconf 84' lang='lat' dir='ltr'><strong>aetate</strong></span> <span class='ocrx_word' id='word_1_335' title='bbox 1662 2551 1734 2608; x_wconf 88' lang='lat' dir='ltr'><strong>alibi</strong></span> 
     </span>
     <span class='ocr_line' id='line_1_28' title="bbox 97 2635 1740 2711; baseline 0.002 -19"><span class='ocrx_word' id='word_1_336' title='bbox 97 2638 256 2709; x_wconf 89' lang='lat' dir='ltr'><strong>qniaidem</strong></span> <span class='ocrx_word' id='word_1_337' title='bbox 281 2637 428 2700; x_wconf 82' lang='lat' dir='ltr'><strong>Dominus,</strong></span> <span class='ocrx_word' id='word_1_338' title='bbox 443 2645 531 2709; x_wconf 88' lang='lat' dir='ltr'><strong>atque</strong></span> <span class='ocrx_word' id='word_1_339' title='bbox 544 2638 675 2693; x_wconf 84' lang='lat' dir='ltr'><strong>Salvator</strong></span> <span class='ocrx_word' id='word_1_340' title='bbox 702 2635 943 2692; x_wconf 87' lang='lat' dir='ltr'><strong>clementissimus</strong></span> <span class='ocrx_word' id='word_1_341' title='bbox 998 2639 1030 2693; x_wconf 94' lang='lat' dir='ltr'><strong>in</strong></span> <span class='ocrx_word' id='word_1_342' title='bbox 1058 2639 1181 2693; x_wconf 88' lang='lat' dir='ltr'><strong>Ecclesia</strong></span> <span class='ocrx_word' id='word_1_343' title='bbox 1208 2639 1357 2707; x_wconf 87' lang='lat' dir='ltr'><strong>catholica,</strong></span> <span class='ocrx_word' id='word_1_344' title='bbox 1389 2645 1438 2694; x_wconf 92' lang='lat' dir='ltr'><strong>aut</strong></span> <span class='ocrx_word' id='word_1_345' title='bbox 1468 2640 1615 2711; x_wconf 90' lang='lat' dir='ltr'><strong>baptizati,</strong></span> <span class='ocrx_word' id='word_1_346' title='bbox 1643 2647 1695 2695; x_wconf 91' lang='lat' dir='ltr'><strong>aut</strong></span> <span class='ocrx_word' id='word_1_347' title='bbox 1722 2656 1740 2694; x_wconf 85' lang='grc' dir='ltr'><strong>ι</strong></span> 
     </span>
     <span class='ocr_line' id='line_1_29' title="bbox 98 2724 1740 2803; baseline 0.002 -23"><span class='ocrx_word' id='word_1_348' title='bbox 98 2732 149 2794; x_wconf 86' lang='grc' dir='ltr'><strong>ιιι,</strong></span> <span class='ocrx_word' id='word_1_349' title='bbox 175 2732 204 2781; x_wconf 87' lang='grc' dir='ltr'><strong>ιι</strong></span> <span class='ocrx_word' id='word_1_350' title='bbox 229 2727 376 2781; x_wconf 90' lang='lat' dir='ltr'><strong>neminem</strong></span> <span class='ocrx_word' id='word_1_351' title='bbox 395 2728 456 2781; x_wconf 85' lang='lat' dir='ltr'><strong>vult</strong></span> <span class='ocrx_word' id='word_1_352' title='bbox 483 2728 588 2798; x_wconf 90' lang='lat' dir='ltr'><strong>perire,</strong></span> <span class='ocrx_word' id='word_1_353' title='bbox 613 2741 703 2797; x_wconf 91' lang='lat' dir='ltr'><strong>nsque</strong></span> <span class='ocrx_word' id='word_1_354' title='bbox 724 2725 760 2780; x_wconf 91' lang='lat' dir='ltr'><strong>ad</strong></span> <span class='ocrx_word' id='word_1_355' title='bbox 784 2725 877 2790; x_wconf 84' lang='lat' dir='ltr'><strong>exitus</strong></span> <span class='ocrx_word' id='word_1_356' title='bbox 900 2724 944 2778; x_wconf 90' lang='lat' dir='ltr'><strong>sui</strong></span> <span class='ocrx_word' id='word_1_357' title='bbox 999 2727 1055 2782; x_wconf 91' lang='lat' dir='ltr'><strong>zati</strong></span> <span class='ocrx_word' id='word_1_358' title='bbox 1094 2733 1170 2794; x_wconf 91' lang='lat' dir='ltr'><strong>sunt,</strong></span> <span class='ocrx_word' id='word_1_359' title='bbox 1215 2728 1250 2783; x_wconf 90' lang='lat' dir='ltr'><strong>ad</strong></span> <span class='ocrx_word' id='word_1_360' title='bbox 1290 2729 1509 2803; x_wconf 76' lang='lat' dir='ltr'><strong>ecclesiasticam</strong></span> <span class='ocrx_word' id='word_1_361' title='bbox 1555 2730 1691 2784; x_wconf 90' lang='lat' dir='ltr'><strong>militiam</strong></span> <span class='ocrx_word' id='word_1_362' title='bbox 1729 2745 1740 2801; x_wconf 79' lang='grc' dir='ltr'><strong>ι</strong></span> 
     </span>
     <span class='ocr_line' id='line_1_30' title="bbox 98 2813 1740 2887; baseline 0.002 -18"><span class='ocrx_word' id='word_1_363' title='bbox 98 2814 175 2870; x_wconf 93' lang='lat' dir='ltr'><strong>diem</strong></span> <span class='ocrx_word' id='word_1_364' title='bbox 190 2814 414 2884; x_wconf 82' lang='lat' dir='ltr'><strong>inpoenitentia,</strong></span> <span class='ocrx_word' id='word_1_365' title='bbox 435 2814 655 2885; x_wconf 87' lang='lat' dir='ltr'><strong>siresipiscunt,</strong></span> <span class='ocrx_word' id='word_1_366' title='bbox 674 2813 942 2884; x_wconf 80' lang='lat' dir='ltr'><strong>jacereconveniet,</strong></span> <span class='ocrx_word' id='word_1_367' title='bbox 999 2816 1203 2887; x_wconf 89' lang='lat' dir='ltr'><strong>permittantur</strong></span> <span class='ocrx_word' id='word_1_368' title='bbox 1244 2817 1386 2871; x_wconf 90' lang='lat' dir='ltr'><strong>accedere.</strong></span> <span class='ocrx_word' id='word_1_369' title='bbox 1428 2817 1537 2882; x_wconf 83' lang='lat' dir='ltr'><strong>Quibus</strong></span> <span class='ocrx_word' id='word_1_370' title='bbox 1580 2818 1648 2873; x_wconf 89' lang='lat' dir='ltr'><strong>satis</strong></span> <span class='ocrx_word' id='word_1_371' title='bbox 1687 2834 1740 2873; x_wconf 78' lang='lat' dir='ltr'><strong>esst</strong></span> 
     </span>
     <span class='ocr_line' id='line_1_31' title="bbox 97 2896 1740 2975; baseline 0.004 -20"><span class='ocrx_word' id='word_1_372' title='bbox 97 2916 150 2955; x_wconf 87' lang='lat' dir='ltr'><strong>nec</strong></span> <span class='ocrx_word' id='word_1_373' title='bbox 176 2901 300 2955; x_wconf 89' lang='lat' dir='ltr'><strong>orationi</strong></span> <span class='ocrx_word' id='word_1_374' title='bbox 330 2916 389 2954; x_wconf 89' lang='lat' dir='ltr'><strong>non</strong></span> <span class='ocrx_word' id='word_1_375' title='bbox 413 2900 497 2956; x_wconf 92' lang='lat' dir='ltr'><strong>modo</strong></span> <span class='ocrx_word' id='word_1_376' title='bbox 516 2900 655 2963; x_wconf 82' lang='lat' dir='ltr'><strong>fidelium,</strong></span> <span class='ocrx_word' id='word_1_377' title='bbox 682 2900 732 2954; x_wconf 91' lang='lat' dir='ltr'><strong>sed</strong></span> <span class='ocrx_word' id='word_1_378' title='bbox 755 2916 791 2954; x_wconf 94' lang='lat' dir='ltr'><strong>ne</strong></span> <span class='ocrx_word' id='word_1_379' title='bbox 814 2896 980 2955; x_wconf 87' lang='lat' dir='ltr'><strong>catechu-·C</strong></span> <span class='ocrx_word' id='word_1_380' title='bbox 999 2904 1058 2972; x_wconf 90' lang='lat' dir='ltr'><strong>bel,</strong></span> <span class='ocrx_word' id='word_1_381' title='bbox 1090 2904 1168 2975; x_wconf 93' lang='lat' dir='ltr'><strong>qood</strong></span> <span class='ocrx_word' id='word_1_382' title='bbox 1192 2904 1222 2958; x_wconf 94' lang='lat' dir='ltr'><strong>in</strong></span> <span class='ocrx_word' id='word_1_383' title='bbox 1257 2905 1464 2960; x_wconf 88' lang='lat' dir='ltr'><strong>catholicorum</strong></span> <span class='ocrx_word' id='word_1_384' title='bbox 1492 2922 1646 2961; x_wconf 90' lang='lat' dir='ltr'><strong>numerum</strong></span> <span class='ocrx_word' id='word_1_385' title='bbox 1675 2911 1740 2962; x_wconf 90' lang='lat' dir='ltr'><strong>sunt</strong></span> 
     </span>
     <span class='ocr_line' id='line_1_32' title="bbox 99 2986 1740 3063; baseline 0.003 -19"><span class='ocrx_word' id='word_1_386' title='bbox 99 3005 250 3044; x_wconf 80' lang='lat' dir='ltr'><strong>manorum</strong></span> <span class='ocrx_word' id='word_1_387' title='bbox 265 2988 383 3059; x_wconf 92' lang='lat' dir='ltr'><strong>quidem</strong></span> <span class='ocrx_word' id='word_1_388' title='bbox 398 2987 572 3043; x_wconf 81' lang='lat' dir='ltr'><strong>omnimodis</strong></span> <span class='ocrx_word' id='word_1_389' title='bbox 586 2989 732 3043; x_wconf 85' lang='lat' dir='ltr'><strong>interesse</strong></span> <span class='ocrx_word' id='word_1_390' title='bbox 745 2986 943 3053; x_wconf 82' lang='lat' dir='ltr'><strong>Quibuscum</strong></span> <span class='ocrx_word' id='word_1_391' title='bbox 999 2992 1050 3063; x_wconf 92' lang='lat' dir='ltr'><strong>pti,</strong></span> <span class='ocrx_word' id='word_1_392' title='bbox 1067 2992 1204 3063; x_wconf 90' lang='lat' dir='ltr'><strong>quoniam</strong></span> <span class='ocrx_word' id='word_1_393' title='bbox 1223 2992 1257 3047; x_wconf 94' lang='lat' dir='ltr'><strong>de</strong></span> <span class='ocrx_word' id='word_1_394' title='bbox 1285 3009 1337 3047; x_wconf 93' lang='lat' dir='ltr'><strong>suo</strong></span> <span class='ocrx_word' id='word_1_395' title='bbox 1363 2993 1465 3048; x_wconf 84' lang='lat' dir='ltr'><strong>ordine</strong></span> <span class='ocrx_word' id='word_1_396' title='bbox 1478 3002 1506 3049; x_wconf 95' lang='lat' dir='ltr'><strong>et</strong></span> <span class='ocrx_word' id='word_1_397' title='bbox 1534 2996 1740 3049; x_wconf 89' lang='lat' dir='ltr'><strong>communione</strong></span> 
     </span>
     <span class='ocr_line' id='line_1_33' title="bbox 98 3076 1731 3159; baseline 0.004 -27"><span class='ocrx_word' id='word_1_398' title='bbox 98 3093 198 3132; x_wconf 85' lang='lat' dir='ltr'><strong>munio</strong></span> <span class='ocrx_word' id='word_1_399' title='bbox 211 3077 304 3131; x_wconf 83' lang='lat' dir='ltr'><strong>laica</strong></span> <span class='ocrx_word' id='word_1_400' title='bbox 297 3093 328 3131; x_wconf 90' lang='grc' dir='ltr'><strong>ιι</strong></span> <span class='ocrx_word' id='word_1_401' title='bbox 345 3081 438 3131; x_wconf 87' lang='lat' dir='ltr'><strong>morte</strong></span> <span class='ocrx_word' id='word_1_402' title='bbox 458 3076 635 3159; x_wconf 83' lang='lat' dir='ltr'><strong>redhibenda</strong></span> <span class='ocrx_word' id='word_1_403' title='bbox 650 3082 701 3131; x_wconf 91' lang='lat' dir='ltr'><strong>est.</strong></span> <span class='ocrx_word' id='word_1_404' title='bbox 719 3077 809 3141; x_wconf 82' lang='lat' dir='ltr'><strong>Quem</strong></span> <span class='ocrx_word' id='word_1_405' title='bbox 826 3091 889 3131; x_wconf 91' lang='lat' dir='ltr'><strong>rem</strong></span> <span class='ocrx_word' id='word_1_406' title='bbox 903 3076 944 3131; x_wconf 84' lang='lat' dir='ltr'><strong>di</strong></span> <span class='ocrx_word' id='word_1_407' title='bbox 998 3080 1077 3135; x_wconf 90' lang='lat' dir='ltr'><strong>bitur</strong></span> <span class='ocrx_word' id='word_1_408' title='bbox 1100 3080 1174 3134; x_wconf 80' lang='grc' dir='ltr'><strong>ιιι-ιι</strong></span> <span class='ocrx_word' id='word_1_409' title='bbox 1201 3081 1353 3151; x_wconf 90' lang='lat' dir='ltr'><strong>judicium,</strong></span> <span class='ocrx_word' id='word_1_410' title='bbox 1378 3081 1508 3153; x_wconf 90' lang='lat' dir='ltr'><strong>quisquis</strong></span> <span class='ocrx_word' id='word_1_411' title='bbox 1537 3082 1590 3138; x_wconf 93' lang='lat' dir='ltr'><strong>hoc</strong></span> <span class='ocrx_word' id='word_1_412' title='bbox 1614 3083 1731 3139; x_wconf 84' lang='lat' dir='ltr'><strong>violarit</strong></span> 
     </span>
    </p>
   </div>
   <div class='ocr_carea' id='block_1_3' title="bbox 95 3150 1740 4301">
    <p class='ocr_par' dir='ltr' id='par_1_3' title="bbox 97 3150 1726 3330">
     <span class='ocr_line' id='line_1_34' title="bbox 97 3150 1726 3242; baseline 0.005 -24"><span class='ocrx_word' id='word_1_413' title='bbox 97 3164 233 3235; x_wconf 84' lang='lat' dir='ltr'><strong>ligenhus</strong></span> <span class='ocrx_word' id='word_1_414' title='bbox 247 3165 394 3234; x_wconf 83' lang='lat' dir='ltr'><strong>explorare</strong></span> <span class='ocrx_word' id='word_1_415' title='bbox 419 3165 462 3218; x_wconf 89' lang='lat' dir='ltr'><strong>vel</strong></span> <span class='ocrx_word' id='word_1_416' title='bbox 483 3165 576 3218; x_wconf 83' lang='lat' dir='ltr'><strong>facere</strong></span> <span class='ocrx_word' id='word_1_417' title='bbox 605 3150 658 3234; x_wconf 81' lang='lat' dir='ltr'><strong>pro</strong></span> <span class='ocrx_word' id='word_1_418' title='bbox 685 3164 828 3236; x_wconf 91' lang='lat' dir='ltr'><strong>baptismo</strong></span> <span class='ocrx_word' id='word_1_419' title='bbox 856 3181 945 3220; x_wconf 89' lang='lat' dir='ltr'><strong>sacer·</strong></span> <span class='ocrx_word' id='word_1_420' title='bbox 1000 3168 1109 3223; x_wconf 89' lang='lat' dir='ltr'><strong>titum:</strong></span> <span class='ocrx_word' id='word_1_421' title='bbox 1120 3169 1164 3223; x_wconf 89' lang='lat' dir='ltr'><strong>vel</strong></span> <span class='ocrx_word' id='word_1_422' title='bbox 1178 3184 1227 3240; x_wconf 87' lang='lat' dir='ltr'><strong>qur</strong></span> <span class='ocrx_word' id='word_1_423' title='bbox 1243 3186 1301 3223; x_wconf 93' lang='lat' dir='ltr'><strong>non</strong></span> <span class='ocrx_word' id='word_1_424' title='bbox 1316 3171 1470 3224; x_wconf 82' lang='lat' dir='ltr'><strong>removerit</strong></span> <span class='ocrx_word' id='word_1_425' title='bbox 1498 3187 1565 3224; x_wconf 88' lang='lat' dir='ltr'><strong>eum</strong></span> <span class='ocrx_word' id='word_1_426' title='bbox 1584 3187 1672 3242; x_wconf 90' lang='lat' dir='ltr'><strong>quem</strong></span> <span class='ocrx_word' id='word_1_427' title='bbox 1692 3187 1726 3226; x_wconf 84' lang='lat' dir='ltr'><strong>ex</strong></span> 
     </span>
     <span class='ocr_line' id='line_1_35' title="bbox 98 3252 1740 3330; baseline 0.004 -23"><span class='ocrx_word' id='word_1_428' title='bbox 98 3252 173 3307; x_wconf 91' lang='lat' dir='ltr'><strong>dotis</strong></span> <span class='ocrx_word' id='word_1_429' title='bbox 188 3268 257 3306; x_wconf 89' lang='lat' dir='ltr'><strong>cure</strong></span> <span class='ocrx_word' id='word_1_430' title='bbox 272 3252 397 3307; x_wconf 89' lang='lat' dir='ltr'><strong>debebit.</strong></span> <span class='ocrx_word' id='word_1_431' title='bbox 415 3253 454 3307; x_wconf 86' lang='lat' dir='ltr'><strong>De</strong></span> <span class='ocrx_word' id='word_1_432' title='bbox 469 3252 579 3306; x_wconf 79' lang='lat' dir='ltr'><strong>clericis</strong></span> <span class='ocrx_word' id='word_1_433' title='bbox 598 3258 704 3320; x_wconf 89' lang='lat' dir='ltr'><strong>autem,</strong></span> <span class='ocrx_word' id='word_1_434' title='bbox 733 3257 760 3307; x_wconf 94' lang='lat' dir='ltr'><strong>et</strong></span> <span class='ocrx_word' id='word_1_435' title='bbox 784 3253 943 3321; x_wconf 90' lang='lat' dir='ltr'><strong>monachis,</strong></span> <span class='ocrx_word' id='word_1_436' title='bbox 998 3256 1191 3310; x_wconf 87' lang='lat' dir='ltr'><strong>ministerium</strong></span> <span class='ocrx_word' id='word_1_437' title='bbox 1206 3257 1335 3311; x_wconf 86' lang='lat' dir='ltr'><strong>clericale</strong></span> <span class='ocrx_word' id='word_1_438' title='bbox 1351 3258 1512 3327; x_wconf 88' lang='lat' dir='ltr'><strong>obrepsisse</strong></span> <span class='ocrx_word' id='word_1_439' title='bbox 1527 3260 1740 3330; x_wconf 78' lang='lat' dir='ltr'><strong>cognoverit·</strong></span> 
     </span>
    </p>

    <p class='ocr_par' dir='ltr' id='par_1_4' title="bbox 95 3339 1740 4301">
     <span class='ocr_line' id='line_1_36' title="bbox 99 3339 1740 3420; baseline 0.006 -27"><span class='ocrx_word' id='word_1_440' title='bbox 99 3345 149 3394; x_wconf 92' lang='lat' dir='ltr'><strong>aut</strong></span> <span class='ocrx_word' id='word_1_441' title='bbox 167 3340 270 3410; x_wconf 83' lang='lat' dir='ltr'><strong>puellis</strong></span> <span class='ocrx_word' id='word_1_442' title='bbox 283 3339 343 3408; x_wconf 84' lang='lat' dir='ltr'><strong>Der,</strong></span> <span class='ocrx_word' id='word_1_443' title='bbox 366 3339 609 3395; x_wconf 89' lang='lat' dir='ltr'><strong>autsecularibus</strong></span> <span class='ocrx_word' id='word_1_444' title='bbox 635 3340 742 3395; x_wconf 81' lang='lat' dir='ltr'><strong>servari</strong></span> <span class='ocrx_word' id='word_1_445' title='bbox 761 3340 945 3412; x_wconf 73' lang='lat' dir='ltr'><strong>precipimus</strong></span> <span class='ocrx_word' id='word_1_446' title='bbox 999 3345 1069 3400; x_wconf 89' lang='lat' dir='ltr'><strong>dum</strong></span> <span class='ocrx_word' id='word_1_447' title='bbox 1086 3361 1154 3399; x_wconf 78' lang='lat' dir='ltr'><strong>sero</strong></span> <span class='ocrx_word' id='word_1_448' title='bbox 1170 3345 1302 3412; x_wconf 85' lang='lat' dir='ltr'><strong>maxime,</strong></span> <span class='ocrx_word' id='word_1_449' title='bbox 1323 3350 1351 3399; x_wconf 92' lang='lat' dir='ltr'><strong>et</strong></span> <span class='ocrx_word' id='word_1_450' title='bbox 1379 3347 1458 3401; x_wconf 92' lang='lat' dir='ltr'><strong>omni</strong></span> <span class='ocrx_word' id='word_1_451' title='bbox 1488 3349 1599 3402; x_wconf 88' lang='lat' dir='ltr'><strong>cautela</strong></span> <span class='ocrx_word' id='word_1_452' title='bbox 1625 3353 1668 3402; x_wconf 90' lang='lat' dir='ltr'><strong>est</strong></span> <span class='ocrx_word' id='word_1_453' title='bbox 1691 3363 1740 3420; x_wconf 97' lang='grc' dir='ltr'><strong>ιιι</strong></span> 
     </span>
     <span class='ocr_line' id='line_1_37' title="bbox 98 3428 1740 3509; baseline 0.007 -27"><span class='ocrx_word' id='word_1_454' title='bbox 98 3428 429 3498; x_wconf 91' lang='lat' dir='ltr'><strong>hunctenorem,quem</strong></span> <span class='ocrx_word' id='word_1_455' title='bbox 447 3428 561 3482; x_wconf 87' lang='lat' dir='ltr'><strong>Nicaena</strong></span> <span class='ocrx_word' id='word_1_456' title='bbox 577 3429 704 3499; x_wconf 81' lang='lat' dir='ltr'><strong>synodus</strong></span> <span class='ocrx_word' id='word_1_457' title='bbox 723 3428 798 3483; x_wconf 90' lang='lat' dir='ltr'><strong>circa</strong></span> <span class='ocrx_word' id='word_1_458' title='bbox 821 3445 870 3484; x_wconf 90' lang='lat' dir='ltr'><strong>eos</strong></span> <span class='ocrx_word' id='word_1_459' title='bbox 894 3429 945 3500; x_wconf 92' lang='lat' dir='ltr'><strong>qui</strong></span> <span class='ocrx_word' id='word_1_460' title='bbox 998 3434 1067 3489; x_wconf 90' lang='lat' dir='ltr'><strong>dum</strong></span> <span class='ocrx_word' id='word_1_461' title='bbox 1081 3450 1117 3488; x_wconf 88' lang='lat' dir='ltr'><strong>ne</strong></span> <span class='ocrx_word' id='word_1_462' title='bbox 1132 3434 1198 3504; x_wconf 90' lang='lat' dir='ltr'><strong>quis</strong></span> <span class='ocrx_word' id='word_1_463' title='bbox 1211 3435 1332 3488; x_wconf 85' lang='lat' dir='ltr'><strong>fratrum</strong></span> <span class='ocrx_word' id='word_1_464' title='bbox 1348 3437 1642 3509; x_wconf 88' lang='lat' dir='ltr'><strong>coepiscoporumque</strong></span> <span class='ocrx_word' id='word_1_465' title='bbox 1670 3442 1740 3494; x_wconf 78' lang='lat' dir='ltr'><strong>nostr</strong></span> 
     </span>
     <span class='ocr_line' id='line_1_38' title="bbox 96 3515 1739 3594; baseline 0.008 -25"><span class='ocrx_word' id='word_1_466' title='bbox 96 3516 169 3586; x_wconf 87' lang='lat' dir='ltr'><strong>lapsi</strong></span> <span class='ocrx_word' id='word_1_467' title='bbox 191 3522 267 3584; x_wconf 89' lang='lat' dir='ltr'><strong>sunt,</strong></span> <span class='ocrx_word' id='word_1_468' title='bbox 290 3517 334 3570; x_wconf 83' lang='lat' dir='ltr'><strong>vel</strong></span> <span class='ocrx_word' id='word_1_469' title='bbox 355 3515 484 3586; x_wconf 84' lang='lat' dir='ltr'><strong>fuerunt,</strong></span> <span class='ocrx_word' id='word_1_470' title='bbox 509 3516 682 3571; x_wconf 81' lang='lat' dir='ltr'><strong>servandum</strong></span> <span class='ocrx_word' id='word_1_471' title='bbox 707 3533 768 3572; x_wconf 91' lang='lat' dir='ltr'><strong>esse</strong></span> <span class='ocrx_word' id='word_1_472' title='bbox 784 3517 943 3586; x_wconf 89' lang='lat' dir='ltr'><strong>constituit,</strong></span> <span class='ocrx_word' id='word_1_473' title='bbox 998 3527 1048 3577; x_wconf 92' lang='lat' dir='ltr'><strong>aut</strong></span> <span class='ocrx_word' id='word_1_474' title='bbox 1075 3523 1162 3577; x_wconf 90' lang='lat' dir='ltr'><strong>etiam</strong></span> <span class='ocrx_word' id='word_1_475' title='bbox 1186 3523 1419 3594; x_wconf 87' lang='lat' dir='ltr'><strong>presbyterorum</strong></span> <span class='ocrx_word' id='word_1_476' title='bbox 1451 3524 1481 3578; x_wconf 93' lang='lat' dir='ltr'><strong>in</strong></span> <span class='ocrx_word' id='word_1_477' title='bbox 1502 3526 1622 3580; x_wconf 90' lang='lat' dir='ltr'><strong>alterius</strong></span> <span class='ocrx_word' id='word_1_478' title='bbox 1646 3526 1739 3582; x_wconf 80' lang='lat' dir='ltr'><strong>civitat</strong></span> 
     </span>
     <span class='ocr_line' id='line_1_39' title="bbox 98 3604 1731 3685; baseline 0.007 -27"><span class='ocrx_word' id='word_1_479' title='bbox 98 3604 322 3675; x_wconf 89' lang='lat' dir='ltr'><strong>utscilicet,qui</strong></span> <span class='ocrx_word' id='word_1_480' title='bbox 337 3605 416 3659; x_wconf 91' lang='lat' dir='ltr'><strong>nulla</strong></span> <span class='ocrx_word' id='word_1_481' title='bbox 437 3605 617 3673; x_wconf 81' lang='lat' dir='ltr'><strong>necessitate,</strong></span> <span class='ocrx_word' id='word_1_482' title='bbox 644 3605 751 3660; x_wconf 90' lang='lat' dir='ltr'><strong>nullius</strong></span> <span class='ocrx_word' id='word_1_483' title='bbox 774 3605 817 3662; x_wconf 88' lang='lat' dir='ltr'><strong>rei</strong></span> <span class='ocrx_word' id='word_1_484' title='bbox 839 3606 944 3661; x_wconf 90' lang='lat' dir='ltr'><strong>timore</strong></span> <span class='ocrx_word' id='word_1_485' title='bbox 998 3611 1113 3665; x_wconf 90' lang='lat' dir='ltr'><strong>dioecesi</strong></span> <span class='ocrx_word' id='word_1_486' title='bbox 1128 3611 1325 3680; x_wconf 80' lang='lat' dir='ltr'><strong>poenitentem,</strong></span> <span class='ocrx_word' id='word_1_487' title='bbox 1352 3613 1396 3666; x_wconf 86' lang='lat' dir='ltr'><strong>vel</strong></span> <span class='ocrx_word' id='word_1_488' title='bbox 1419 3612 1472 3667; x_wconf 91' lang='lat' dir='ltr'><strong>sub</strong></span> <span class='ocrx_word' id='word_1_489' title='bbox 1489 3629 1578 3669; x_wconf 92' lang='lat' dir='ltr'><strong>manu</strong></span> <span class='ocrx_word' id='word_1_490' title='bbox 1601 3616 1731 3685; x_wconf 89' lang='lat' dir='ltr'><strong>positum</strong></span> 
     </span>
     <span class='ocr_line' id='line_1_40' title="bbox 97 3692 1740 3771; baseline 0.007 -25"><span class='ocrx_word' id='word_1_491' title='bbox 97 3698 183 3764; x_wconf 89' lang='lat' dir='ltr'><strong>atque</strong></span> <span class='ocrx_word' id='word_1_492' title='bbox 198 3692 335 3763; x_wconf 86' lang='lat' dir='ltr'><strong>periculo,</strong></span> <span class='ocrx_word' id='word_1_493' title='bbox 353 3709 382 3746; x_wconf 90' lang='lat' dir='ltr'><strong>se</strong></span> <span class='ocrx_word' id='word_1_494' title='bbox 401 3700 433 3747; x_wconf 95' lang='lat' dir='ltr'><strong>ut</strong></span> <span class='ocrx_word' id='word_1_495' title='bbox 445 3692 670 3764; x_wconf 88' lang='lat' dir='ltr'><strong>rebaptizaretur</strong></span> <span class='ocrx_word' id='word_1_496' title='bbox 692 3692 838 3748; x_wconf 75' lang='lat' dir='ltr'><strong>hereticis</strong></span> <span class='ocrx_word' id='word_1_497' title='bbox 855 3694 944 3765; x_wconf 90' lang='lat' dir='ltr'><strong>impie</strong></span> <span class='ocrx_word' id='word_1_498' title='bbox 998 3699 1071 3754; x_wconf 88' lang='lat' dir='ltr'><strong>dotis</strong></span> <span class='ocrx_word' id='word_1_499' title='bbox 1087 3706 1136 3753; x_wconf 87' lang='lat' dir='ltr'><strong>eut</strong></span> <span class='ocrx_word' id='word_1_500' title='bbox 1150 3715 1217 3754; x_wconf 90' lang='lat' dir='ltr'><strong>eum</strong></span> <span class='ocrx_word' id='word_1_501' title='bbox 1231 3699 1281 3771; x_wconf 88' lang='lat' dir='ltr'><strong>qui</strong></span> <span class='ocrx_word' id='word_1_502' title='bbox 1295 3700 1479 3755; x_wconf 91' lang='lat' dir='ltr'><strong>conciliatum</strong></span> <span class='ocrx_word' id='word_1_503' title='bbox 1503 3717 1532 3756; x_wconf 88' lang='lat' dir='ltr'><strong>se</strong></span> <span class='ocrx_word' id='word_1_504' title='bbox 1548 3718 1611 3756; x_wconf 91' lang='lat' dir='ltr'><strong>esse</strong></span> <span class='ocrx_word' id='word_1_505' title='bbox 1640 3703 1740 3758; x_wconf 87' lang='lat' dir='ltr'><strong>dixerit</strong></span> 
     </span>
     <span class='ocr_line' id='line_1_41' title="bbox 96 3781 1722 3859; baseline 0.006 -22"><span class='ocrx_word' id='word_1_506' title='bbox 96 3781 270 3838; x_wconf 89' lang='lat' dir='ltr'><strong>dediderunt</strong></span> <span class='ocrx_word' id='word_1_507' title='bbox 285 3799 292 3836; x_wconf 90' lang='lat'><strong>:</strong></span> <span class='ocrx_word' id='word_1_508' title='bbox 310 3781 443 3835; x_wconf 90' lang='lat' dir='ltr'><strong>sitamen</strong></span> <span class='ocrx_word' id='word_1_509' title='bbox 467 3797 517 3836; x_wconf 90' lang='lat' dir='ltr'><strong>cos</strong></span> <span class='ocrx_word' id='word_1_510' title='bbox 531 3798 565 3836; x_wconf 86' lang='lat' dir='ltr'><strong>ex</strong></span> <span class='ocrx_word' id='word_1_511' title='bbox 588 3782 674 3836; x_wconf 89' lang='lat' dir='ltr'><strong>corde</strong></span> <span class='ocrx_word' id='word_1_512' title='bbox 688 3782 837 3852; x_wconf 81' lang='lat' dir='ltr'><strong>poeniteat,</strong></span> <span class='ocrx_word' id='word_1_513' title='bbox 852 3782 944 3836; x_wconf 89' lang='lat' dir='ltr'><strong>tribus</strong></span> <span class='ocrx_word' id='word_1_514' title='bbox 998 3788 1127 3859; x_wconf 88' lang='lat' dir='ltr'><strong>episcopi</strong></span> <span class='ocrx_word' id='word_1_515' title='bbox 1141 3785 1185 3841; x_wconf 79' lang='lat' dir='ltr'><strong>vel</strong></span> <span class='ocrx_word' id='word_1_516' title='bbox 1201 3789 1360 3859; x_wconf 80' lang='lat' dir='ltr'><strong>presbyteri</strong></span> <span class='ocrx_word' id='word_1_517' title='bbox 1376 3790 1541 3844; x_wconf 87' lang='lat' dir='ltr'><strong>testimonio</strong></span> <span class='ocrx_word' id='word_1_518' title='bbox 1561 3796 1588 3845; x_wconf 89' lang='lat' dir='ltr'><strong>et</strong></span> <span class='ocrx_word' id='word_1_519' title='bbox 1609 3792 1722 3858; x_wconf 87' lang='lat' dir='ltr'><strong>litteris,</strong></span> 
     </span>
     <span class='ocr_line' id='line_1_42' title="bbox 96 3869 1737 3948; baseline 0.007 -25"><span class='ocrx_word' id='word_1_520' title='bbox 96 3869 179 3923; x_wconf 90' lang='lat' dir='ltr'><strong>annis</strong></span> <span class='ocrx_word' id='word_1_521' title='bbox 195 3869 269 3923; x_wconf 87' lang='lat' dir='ltr'><strong>inter</strong></span> <span class='ocrx_word' id='word_1_522' title='bbox 285 3869 433 3923; x_wconf 88' lang='lat' dir='ltr'><strong>audientes</strong></span> <span class='ocrx_word' id='word_1_523' title='bbox 448 3869 514 3923; x_wconf 92' lang='lat' dir='ltr'><strong>sint.</strong></span> <span class='ocrx_word' id='word_1_524' title='bbox 530 3870 645 3940; x_wconf 90' lang='lat' dir='ltr'><strong>Septem</strong></span> <span class='ocrx_word' id='word_1_525' title='bbox 659 3884 726 3922; x_wconf 76' lang='lat' dir='ltr'><strong>vcro</strong></span> <span class='ocrx_word' id='word_1_526' title='bbox 739 3869 821 3924; x_wconf 89' lang='lat' dir='ltr'><strong>annis</strong></span> <span class='ocrx_word' id='word_1_527' title='bbox 851 3870 945 3940; x_wconf 89' lang='lat' dir='ltr'><strong>subja·</strong></span> <span class='ocrx_word' id='word_1_528' title='bbox 998 3876 1133 3945; x_wconf 88' lang='lat' dir='ltr'><strong>parocbia</strong></span> <span class='ocrx_word' id='word_1_529' title='bbox 1148 3876 1306 3947; x_wconf 84' lang='lat' dir='ltr'><strong>presbyter,</strong></span> <span class='ocrx_word' id='word_1_530' title='bbox 1322 3883 1372 3930; x_wconf 92' lang='lat' dir='ltr'><strong>aut</strong></span> <span class='ocrx_word' id='word_1_531' title='bbox 1387 3877 1537 3948; x_wconf 90' lang='lat' dir='ltr'><strong>episcopus</strong></span> <span class='ocrx_word' id='word_1_532' title='bbox 1557 3878 1587 3933; x_wconf 95' lang='lat' dir='ltr'><strong>in</strong></span> <span class='ocrx_word' id='word_1_533' title='bbox 1613 3881 1737 3946; x_wconf 85' lang='lat' dir='ltr'><strong>civitate,</strong></span> 
     </span>
     <span class='ocr_line' id='line_1_43' title="bbox 95 3957 1739 4038; baseline 0.008 -28"><span class='ocrx_word' id='word_1_534' title='bbox 95 3961 178 4011; x_wconf 90' lang='lat' dir='ltr'><strong>ceant</strong></span> <span class='ocrx_word' id='word_1_535' title='bbox 196 3957 271 4010; x_wconf 89' lang='lat' dir='ltr'><strong>inter</strong></span> <span class='ocrx_word' id='word_1_536' title='bbox 285 3957 455 4027; x_wconf 74' lang='lat' dir='ltr'><strong>paenitentes</strong></span> <span class='ocrx_word' id='word_1_537' title='bbox 468 3958 601 4012; x_wconf 87' lang='lat' dir='ltr'><strong>manibus</strong></span> <span class='ocrx_word' id='word_1_538' title='bbox 612 3957 792 4012; x_wconf 84' lang='lat' dir='ltr'><strong>sacerdotum</strong></span> <span class='ocrx_word' id='word_1_539' title='bbox 809 3973 815 4012; x_wconf 95' lang='lat'><strong>:</strong></span> <span class='ocrx_word' id='word_1_540' title='bbox 832 3957 944 4013; x_wconf 88' lang='lat' dir='ltr'><strong>duobus</strong></span> <span class='ocrx_word' id='word_1_541' title='bbox 998 3964 1066 4035; x_wconf 88' lang='lat' dir='ltr'><strong>piat.</strong></span> <span class='ocrx_word' id='word_1_542' title='bbox 1082 3964 1162 4029; x_wconf 82' lang='lat' dir='ltr'><strong>Quod</strong></span> <span class='ocrx_word' id='word_1_543' title='bbox 1178 3964 1274 4034; x_wconf 91' lang='lat' dir='ltr'><strong>aliqua</strong></span> <span class='ocrx_word' id='word_1_544' title='bbox 1288 3964 1517 4021; x_wconf 88' lang='lat' dir='ltr'><strong>dissimulatione</strong></span> <span class='ocrx_word' id='word_1_545' title='bbox 1530 3968 1707 4038; x_wconf 89' lang='lat' dir='ltr'><strong>neglectum,</strong></span> <span class='ocrx_word' id='word_1_546' title='bbox 1730 3985 1739 4023; x_wconf 82' lang='grc' dir='ltr'><strong>ι</strong></span> 
     </span>
     <span class='ocr_line' id='line_1_44' title="bbox 96 4044 1739 4129; baseline 0.005 -30"><span class='ocrx_word' id='word_1_547' title='bbox 96 4046 239 4100; x_wconf 88' lang='lat' dir='ltr'><strong>etiamad</strong></span> <span class='ocrx_word' id='word_1_548' title='bbox 267 4045 425 4100; x_wconf 86' lang='lat' dir='ltr'><strong>oblationes</strong></span> <span class='ocrx_word' id='word_1_549' title='bbox 447 4045 540 4099; x_wconf 85' lang='lat' dir='ltr'><strong>modis</strong></span> <span class='ocrx_word' id='word_1_550' title='bbox 560 4044 694 4099; x_wconf 87' lang='lat' dir='ltr'><strong>omnibus</strong></span> <span class='ocrx_word' id='word_1_551' title='bbox 716 4061 775 4099; x_wconf 89' lang='lat' dir='ltr'><strong>non</strong></span> <span class='ocrx_word' id='word_1_552' title='bbox 801 4044 942 4115; x_wconf 88' lang='lat' dir='ltr'><strong>sinantur,</strong></span> <span class='ocrx_word' id='word_1_553' title='bbox 998 4053 1092 4124; x_wconf 82' lang='lat' dir='ltr'><strong>tangit</strong></span> <span class='ocrx_word' id='word_1_554' title='bbox 1107 4053 1193 4107; x_wconf 76' lang='lat' dir='ltr'><strong>enam</strong></span> <span class='ocrx_word' id='word_1_555' title='bbox 1208 4052 1388 4120; x_wconf 80' lang='lat' dir='ltr'><strong>clericorum</strong></span> <span class='ocrx_word' id='word_1_556' title='bbox 1409 4056 1459 4125; x_wconf 88' lang='lat' dir='ltr'><strong>qui</strong></span> <span class='ocrx_word' id='word_1_557' title='bbox 1475 4055 1505 4109; x_wconf 87' lang='lat' dir='ltr'><strong>in</strong></span> <span class='ocrx_word' id='word_1_558' title='bbox 1524 4056 1623 4109; x_wconf 85' lang='lat' dir='ltr'><strong>locis&#39;</strong></span> <span class='ocrx_word' id='word_1_559' title='bbox 1616 4073 1647 4110; x_wconf 89' lang='grc' dir='ltr'><strong>ιιι</strong></span> <span class='ocrx_word' id='word_1_560' title='bbox 1662 4057 1739 4129; x_wconf 72' lang='lat' dir='ltr'><strong>quibs</strong></span> 
     </span>
     <span class='ocr_line' id='line_1_45' title="bbox 96 4132 1739 4219; baseline 0.005 -32"><span class='ocrx_word' id='word_1_561' title='bbox 96 4133 145 4188; x_wconf 89' lang='lat' dir='ltr'><strong>sed</strong></span> <span class='ocrx_word' id='word_1_562' title='bbox 159 4133 358 4188; x_wconf 86' lang='lat' dir='ltr'><strong>tantummodo</strong></span> <span class='ocrx_word' id='word_1_563' title='bbox 373 4132 593 4203; x_wconf 85' lang='lat' dir='ltr'><strong>popularibus</strong></span> <span class='ocrx_word' id='word_1_564' title='bbox 586 4149 615 4186; x_wconf 90' lang='grc' dir='ltr'><strong>ιι</strong></span> <span class='ocrx_word' id='word_1_565' title='bbox 644 4133 939 4215; x_wconf 85' lang='lat' dir='ltr'><strong>orationesocientur,</strong></span> <span class='ocrx_word' id='word_1_566' title='bbox 998 4143 1238 4198; x_wconf 64' lang='lat' dir='ltr'><strong>minuscularum</strong></span> <span class='ocrx_word' id='word_1_567' title='bbox 1263 4142 1352 4198; x_wconf 77' lang='lat' dir='ltr'><strong>fuerit</strong></span> <span class='ocrx_word' id='word_1_568' title='bbox 1370 4149 1595 4200; x_wconf 80' lang='lat' dir='ltr'><strong>commorantur</strong></span> <span class='ocrx_word' id='word_1_569' title='bbox 1615 4146 1739 4219; x_wconf 77' lang='lat' dir='ltr'><strong>Hiaituq</strong></span> 
     </span>
     <span class='ocr_line' id='line_1_46' title="bbox 95 4220 1739 4301; baseline 0.006 -26"><span class='ocrx_word' id='word_1_570' title='bbox 95 4237 147 4276; x_wconf 90' lang='lat' dir='ltr'><strong>nec</strong></span> <span class='ocrx_word' id='word_1_571' title='bbox 162 4221 425 4276; x_wconf 80' lang='lat' dir='ltr'><strong>contundatnrlieo</strong></span> <span class='ocrx_word' id='word_1_572' title='bbox 440 4220 513 4275; x_wconf 91' lang='lat' dir='ltr'><strong>colla</strong></span> <span class='ocrx_word' id='word_1_573' title='bbox 532 4220 699 4276; x_wconf 90' lang='lat' dir='ltr'><strong>submittere</strong></span> <span class='ocrx_word' id='word_1_574' title='bbox 703 4222 868 4292; x_wconf 86' lang='lat' dir='ltr'><strong>,quiscum</strong></span> <span class='ocrx_word' id='word_1_575' title='bbox 883 4239 942 4277; x_wconf 93' lang='lat' dir='ltr'><strong>non</strong></span> <span class='ocrx_word' id='word_1_576' title='bbox 997 4230 1151 4301; x_wconf 79' lang='lat' dir='ltr'><strong>dispositis,</strong></span> <span class='ocrx_word' id='word_1_577' title='bbox 1170 4235 1198 4284; x_wconf 87' lang='lat' dir='ltr'><strong>et</strong></span> <span class='ocrx_word' id='word_1_578' title='bbox 1228 4231 1263 4286; x_wconf 85' lang='lat' dir='ltr'><strong>ad</strong></span> <span class='ocrx_word' id='word_1_579' title='bbox 1293 4231 1480 4287; x_wconf 82' lang='lat' dir='ltr'><strong>Ecclesiarum</strong></span> <span class='ocrx_word' id='word_1_580' title='bbox 1512 4238 1674 4289; x_wconf 80' lang='lat' dir='ltr'><strong>vestrarum</strong></span> <span class='ocrx_word' id='word_1_581' title='bbox 1699 4248 1739 4290; x_wconf 82' lang='grc' dir='ltr'><strong>ιιι</strong></span> 
     </span>
    </p>
   </div>
   <div class='ocr_carea' id='block_1_4' title="bbox 19 4308 1739 5105">
    <p class='ocr_par' dir='ltr' id='par_1_5' title="bbox 19 4308 1739 5088">
     <span class='ocr_line' id='line_1_47' title="bbox 96 4308 1739 4392; baseline 0.008 -27"><span class='ocrx_word' id='word_1_582' title='bbox 96 4309 203 4376; x_wconf 87' lang='lat' dir='ltr'><strong>timuit,</strong></span> <span class='ocrx_word' id='word_1_583' title='bbox 232 4309 384 4379; x_wconf 77' lang='lat' dir='ltr'><strong>abnegare</strong></span> <span class='ocrx_word' id='word_1_584' title='bbox 410 4308 492 4373; x_wconf 82' lang='lat' dir='ltr'><strong>Quod</strong></span> <span class='ocrx_word' id='word_1_585' title='bbox 513 4309 548 4374; x_wconf 78' lang='lat' dir='ltr'><strong>si,</strong></span> <span class='ocrx_word' id='word_1_586' title='bbox 564 4315 662 4380; x_wconf 75' lang='lat' dir='ltr'><strong>utpote</strong></span> <span class='ocrx_word' id='word_1_587' title='bbox 692 4311 840 4378; x_wconf 71' lang='lat' dir='ltr'><strong>mortales,</strong></span> <span class='ocrx_word' id='word_1_588' title='bbox 864 4311 941 4366; x_wconf 71' lang='lat' dir='ltr'><strong>intra</strong></span> <span class='ocrx_word' id='word_1_589' title='bbox 995 4323 1092 4374; x_wconf 89' lang='lat' dir='ltr'><strong>nostra</strong></span> <span class='ocrx_word' id='word_1_590' title='bbox 1119 4318 1323 4374; x_wconf 86' lang='lat' dir='ltr'><strong>deliberatione</strong></span> <span class='ocrx_word' id='word_1_591' title='bbox 1350 4320 1478 4391; x_wconf 91' lang='lat' dir='ltr'><strong>perlatis,</strong></span> <span class='ocrx_word' id='word_1_592' title='bbox 1498 4337 1600 4392; x_wconf 90' lang='lat' dir='ltr'><strong>parcre</strong></span> <span class='ocrx_word' id='word_1_593' title='bbox 1620 4339 1672 4377; x_wconf 81' lang='lat' dir='ltr'><strong>tos</strong></span> <span class='ocrx_word' id='word_1_594' title='bbox 1697 4340 1739 4379; x_wconf 86' lang='lat' dir='ltr'><strong>cor</strong></span> 
     </span>
     <span class='ocr_line' id='line_1_48' title="bbox 96 4396 1731 4479; baseline 0.01 -28"><span class='ocrx_word' id='word_1_595' title='bbox 96 4402 185 4452; x_wconf 89' lang='lat' dir='ltr'><strong>metas</strong></span> <span class='ocrx_word' id='word_1_596' title='bbox 200 4397 361 4467; x_wconf 77' lang='lat' dir='ltr'><strong>praecripti</strong></span> <span class='ocrx_word' id='word_1_597' title='bbox 379 4396 516 4468; x_wconf 89' lang='lat' dir='ltr'><strong>temporis</strong></span> <span class='ocrx_word' id='word_1_598' title='bbox 531 4397 650 4468; x_wconf 89' lang='lat' dir='ltr'><strong>coeperit</strong></span> <span class='ocrx_word' id='word_1_599' title='bbox 664 4397 729 4451; x_wconf 84' lang='lat' dir='ltr'><strong>vitae</strong></span> <span class='ocrx_word' id='word_1_600' title='bbox 746 4398 811 4452; x_wconf 83' lang='lat' dir='ltr'><strong>finis</strong></span> <span class='ocrx_word' id='word_1_601' title='bbox 826 4414 939 4470; x_wconf 88' lang='lat' dir='ltr'><strong>urgere,</strong></span> <span class='ocrx_word' id='word_1_602' title='bbox 995 4406 1104 4472; x_wconf 85' lang='lat' dir='ltr'><strong>Quibus</strong></span> <span class='ocrx_word' id='word_1_603' title='bbox 1117 4407 1182 4462; x_wconf 91' lang='lat' dir='ltr'><strong>licet</strong></span> <span class='ocrx_word' id='word_1_604' title='bbox 1196 4406 1230 4462; x_wconf 91' lang='lat' dir='ltr'><strong>ad</strong></span> <span class='ocrx_word' id='word_1_605' title='bbox 1249 4408 1411 4463; x_wconf 90' lang='lat' dir='ltr'><strong>animarum</strong></span> <span class='ocrx_word' id='word_1_606' title='bbox 1430 4411 1642 4479; x_wconf 89' lang='lat' dir='ltr'><strong>reparationem</strong></span> <span class='ocrx_word' id='word_1_607' title='bbox 1658 4411 1731 4468; x_wconf 86' lang='lat' dir='ltr'><strong>nihil</strong></span> 
     </span>
     <span class='ocr_line' id='line_1_49' title="bbox 19 4484 1739 4573; baseline 0.01 -34"><span class='ocrx_word' id='word_1_608' title='bbox 19 4542 24 4553; x_wconf 26' lang='lat'>⁸</span> <span class='ocrx_word' id='word_1_609' title='bbox 94 4485 322 4541; x_wconf 81' lang='lat' dir='ltr'><strong>subveniendum</strong></span> <span class='ocrx_word' id='word_1_610' title='bbox 334 4489 376 4539; x_wconf 90' lang='lat' dir='ltr'><strong>est</strong></span> <span class='ocrx_word' id='word_1_611' title='bbox 403 4484 582 4555; x_wconf 88' lang='lat' dir='ltr'><strong>imploranti,</strong></span> <span class='ocrx_word' id='word_1_612' title='bbox 609 4489 637 4539; x_wconf 90' lang='lat' dir='ltr'><strong>et</strong></span> <span class='ocrx_word' id='word_1_613' title='bbox 656 4501 707 4540; x_wconf 93' lang='lat' dir='ltr'><strong>seu</strong></span> <span class='ocrx_word' id='word_1_614' title='bbox 730 4486 766 4541; x_wconf 91' lang='lat' dir='ltr'><strong>ab</strong></span> <span class='ocrx_word' id='word_1_615' title='bbox 793 4487 938 4559; x_wconf 84' lang='lat' dir='ltr'><strong>episcopo,</strong></span> <span class='ocrx_word' id='word_1_616' title='bbox 995 4496 1134 4562; x_wconf 81' lang='lat' dir='ltr'><strong>videatur,</strong></span> <span class='ocrx_word' id='word_1_617' title='bbox 1149 4499 1245 4549; x_wconf 84' lang='lat' dir='ltr'><strong>tamen</strong></span> <span class='ocrx_word' id='word_1_618' title='bbox 1260 4495 1340 4551; x_wconf 90' lang='lat' dir='ltr'><strong>sicui</strong></span> <span class='ocrx_word' id='word_1_619' title='bbox 1355 4496 1550 4568; x_wconf 87' lang='lat' dir='ltr'><strong>novialiquid,</strong></span> <span class='ocrx_word' id='word_1_620' title='bbox 1564 4501 1680 4571; x_wconf 90' lang='lat' dir='ltr'><strong>etquod</strong></span> <span class='ocrx_word' id='word_1_621' title='bbox 1696 4516 1739 4573; x_wconf 79' lang='lat' dir='ltr'><strong>pra</strong></span> 
     </span>
     <span class='ocr_line' id='line_1_50' title="bbox 94 4573 1739 4655; baseline 0.01 -26"><span class='ocrx_word' id='word_1_622' title='bbox 94 4575 143 4646; x_wconf 93' lang='lat' dir='ltr'><strong>qui</strong></span> <span class='ocrx_word' id='word_1_623' title='bbox 160 4573 360 4646; x_wconf 69' lang='lat' dir='ltr'><strong>poenitentiam</strong></span> <span class='ocrx_word' id='word_1_624' title='bbox 375 4573 494 4641; x_wconf 91' lang='lat' dir='ltr'><strong>dederit,</strong></span> <span class='ocrx_word' id='word_1_625' title='bbox 511 4589 561 4628; x_wconf 92' lang='lat' dir='ltr'><strong>seu</strong></span> <span class='ocrx_word' id='word_1_626' title='bbox 576 4574 611 4628; x_wconf 90' lang='lat' dir='ltr'><strong>ab</strong></span> <span class='ocrx_word' id='word_1_627' title='bbox 627 4573 693 4641; x_wconf 92' lang='lat' dir='ltr'><strong>alio,</strong></span> <span class='ocrx_word' id='word_1_628' title='bbox 707 4574 758 4646; x_wconf 91' lang='lat' dir='ltr'><strong>qui</strong></span> <span class='ocrx_word' id='word_1_629' title='bbox 778 4580 876 4630; x_wconf 89' lang='lat' dir='ltr'><strong>tamen</strong></span> <span class='ocrx_word' id='word_1_630' title='bbox 888 4576 941 4632; x_wconf 91' lang='lat' dir='ltr'><strong>da·</strong></span> <span class='ocrx_word' id='word_1_631' title='bbox 995 4598 1047 4637; x_wconf 94' lang='lat' dir='ltr'><strong>nos</strong></span> <span class='ocrx_word' id='word_1_632' title='bbox 1065 4583 1159 4654; x_wconf 93' lang='lat' dir='ltr'><strong>potuit</strong></span> <span class='ocrx_word' id='word_1_633' title='bbox 1171 4583 1258 4655; x_wconf 85' lang='lat' dir='ltr'><strong>¹luerit</strong></span> <span class='ocrx_word' id='word_1_634' title='bbox 1273 4584 1440 4653; x_wconf 90' lang='lat' dir='ltr'><strong>revelatum,</strong></span> <span class='ocrx_word' id='word_1_635' title='bbox 1458 4587 1617 4642; x_wconf 89' lang='lat' dir='ltr'><strong>secundum</strong></span> <span class='ocrx_word' id='word_1_636' title='bbox 1637 4589 1739 4645; x_wconf 81' lang='lat' dir='ltr'><strong>beatae</strong></span> 
     </span>
     <span class='ocr_line' id='line_1_51' title="bbox 91 4662 1737 4744; baseline 0.009 -26"><span class='ocrx_word' id='word_1_637' title='bbox 91 4669 150 4718; x_wconf 91' lang='lat' dir='ltr'><strong>tam</strong></span> <span class='ocrx_word' id='word_1_638' title='bbox 165 4680 227 4718; x_wconf 89' lang='lat' dir='ltr'><strong>esse</strong></span> <span class='ocrx_word' id='word_1_639' title='bbox 240 4662 416 4735; x_wconf 82' lang='lat' dir='ltr'><strong>probaverit,</strong></span> <span class='ocrx_word' id='word_1_640' title='bbox 451 4668 501 4718; x_wconf 92' lang='lat' dir='ltr'><strong>aut</strong></span> <span class='ocrx_word' id='word_1_641' title='bbox 521 4663 655 4718; x_wconf 89' lang='lat' dir='ltr'><strong>similiter</strong></span> <span class='ocrx_word' id='word_1_642' title='bbox 677 4664 940 4735; x_wconf 86' lang='lat' dir='ltr'><strong>apresbyterovia·</strong></span> <span class='ocrx_word' id='word_1_643' title='bbox 994 4671 1055 4725; x_wconf 91' lang='lat' dir='ltr'><strong>lum</strong></span> <span class='ocrx_word' id='word_1_644' title='bbox 1090 4672 1251 4741; x_wconf 88' lang='lat' dir='ltr'><strong>apostolum</strong></span> <span class='ocrx_word' id='word_1_645' title='bbox 1277 4677 1391 4728; x_wconf 89' lang='lat' dir='ltr'><strong>tacente</strong></span> <span class='ocrx_word' id='word_1_646' title='bbox 1422 4673 1517 4744; x_wconf 89' lang='lat' dir='ltr'><strong>priore</strong></span> <span class='ocrx_word' id='word_1_647' title='bbox 1542 4675 1665 4731; x_wconf 88' lang='lat' dir='ltr'><strong>tidenter</strong></span> <span class='ocrx_word' id='word_1_648' title='bbox 1691 4678 1737 4733; x_wconf 84' lang='lat' dir='ltr'><strong>ins</strong></span> 
     </span>
     <span class='ocr_line' id='line_1_52' title="bbox 93 4752 1739 4833; baseline 0.009 -26"><span class='ocrx_word' id='word_1_649' title='bbox 93 4753 182 4807; x_wconf 89' lang='lat' dir='ltr'><strong>ticum</strong></span> <span class='ocrx_word' id='word_1_650' title='bbox 198 4753 314 4811; x_wconf 82' lang='lat' dir='ltr'><strong>abeunti</strong></span> <span class='ocrx_word' id='word_1_651' title='bbox 325 4752 360 4807; x_wconf 90' lang='lat' dir='ltr'><strong>de</strong></span> <span class='ocrx_word' id='word_1_652' title='bbox 375 4752 477 4806; x_wconf 75' lang='lat' dir='ltr'><strong>saeculo</strong></span> <span class='ocrx_word' id='word_1_653' title='bbox 495 4766 554 4806; x_wconf 93' lang='lat' dir='ltr'><strong>non</strong></span> <span class='ocrx_word' id='word_1_654' title='bbox 576 4758 708 4822; x_wconf 90' lang='lat' dir='ltr'><strong>negetur.</strong></span> <span class='ocrx_word' id='word_1_655' title='bbox 731 4752 829 4807; x_wconf 83' lang='lat' dir='ltr'><strong>Pueris</strong></span> <span class='ocrx_word' id='word_1_656' title='bbox 845 4757 940 4808; x_wconf 89' lang='lat' dir='ltr'><strong>antem</strong></span> <span class='ocrx_word' id='word_1_657' title='bbox 995 4757 1062 4829; x_wconf 90' lang='lat' dir='ltr'><strong>quia</strong></span> <span class='ocrx_word' id='word_1_658' title='bbox 1078 4758 1200 4829; x_wconf 88' lang='lat' dir='ltr'><strong>Spiritus</strong></span> <span class='ocrx_word' id='word_1_659' title='bbox 1217 4763 1332 4813; x_wconf 87' lang='lat' dir='ltr'><strong>sanctus</strong></span> <span class='ocrx_word' id='word_1_660' title='bbox 1353 4761 1402 4816; x_wconf 90' lang='lat' dir='ltr'><strong>ubi</strong></span> <span class='ocrx_word' id='word_1_661' title='bbox 1427 4763 1487 4817; x_wconf 88' lang='lat' dir='ltr'><strong>vult</strong></span> <span class='ocrx_word' id='word_1_662' title='bbox 1512 4763 1610 4833; x_wconf 88' lang='lat' dir='ltr'><strong>spirat,</strong></span> <span class='ocrx_word' id='word_1_663' title='bbox 1639 4766 1739 4821; x_wconf 79' lang='lat' dir='ltr'><strong>marin</strong></span> 
     </span>
     <span class='ocr_line' id='line_1_53' title="bbox 91 4840 1738 4923; baseline 0.009 -29"><span class='ocrx_word' id='word_1_664' title='bbox 91 4841 196 4912; x_wconf 89' lang='lat' dir='ltr'><strong>quibus</strong></span> <span class='ocrx_word' id='word_1_665' title='bbox 210 4840 288 4910; x_wconf 93' lang='lat' dir='ltr'><strong>qnod</strong></span> <span class='ocrx_word' id='word_1_666' title='bbox 303 4840 397 4895; x_wconf 90' lang='lat' dir='ltr'><strong>adhuc</strong></span> <span class='ocrx_word' id='word_1_667' title='bbox 409 4841 533 4895; x_wconf 85' lang='lat' dir='ltr'><strong>investes</strong></span> <span class='ocrx_word' id='word_1_668' title='bbox 552 4847 630 4907; x_wconf 93' lang='lat' dir='ltr'><strong>sunt,</strong></span> <span class='ocrx_word' id='word_1_669' title='bbox 653 4857 670 4895; x_wconf 90' lang='lat' dir='ltr'><strong>a</strong></span> <span class='ocrx_word' id='word_1_670' title='bbox 697 4840 825 4910; x_wconf 88' lang='lat' dir='ltr'><strong>puritate</strong></span> <span class='ocrx_word' id='word_1_671' title='bbox 857 4857 940 4895; x_wconf 82' lang='lat' dir='ltr'><strong>roca·</strong></span> <span class='ocrx_word' id='word_1_672' title='bbox 995 4863 1047 4901; x_wconf 88' lang='lat' dir='ltr'><strong>sna</strong></span> <span class='ocrx_word' id='word_1_673' title='bbox 1060 4863 1146 4901; x_wconf 88' lang='lat' dir='ltr'><strong>causa</strong></span> <span class='ocrx_word' id='word_1_674' title='bbox 1170 4852 1317 4903; x_wconf 88' lang='lat' dir='ltr'><strong>tractator.</strong></span> <span class='ocrx_word' id='word_1_675' title='bbox 1335 4850 1392 4904; x_wconf 88' lang='lat' dir='ltr'><strong>Nec</strong></span> <span class='ocrx_word' id='word_1_676' title='bbox 1415 4867 1469 4905; x_wconf 93' lang='lat' dir='ltr'><strong>nos</strong></span> <span class='ocrx_word' id='word_1_677' title='bbox 1490 4851 1604 4923; x_wconf 88' lang='lat' dir='ltr'><strong>pigebit</strong></span> <span class='ocrx_word' id='word_1_678' title='bbox 1629 4854 1738 4922; x_wconf 86' lang='lat' dir='ltr'><strong>audire,</strong></span> 
     </span>
     <span class='ocr_line' id='line_1_54' title="bbox 88 4927 1738 5009; baseline 0.007 -25"><span class='ocrx_word' id='word_1_679' title='bbox 88 4930 189 4985; x_wconf 92' lang='lat' dir='ltr'><strong>bulum</strong></span> <span class='ocrx_word' id='word_1_680' title='bbox 201 4932 254 4995; x_wconf 88' lang='lat' dir='ltr'><strong>est,</strong></span> <span class='ocrx_word' id='word_1_681' title='bbox 266 4945 317 4983; x_wconf 90' lang='lat' dir='ltr'><strong>seu</strong></span> <span class='ocrx_word' id='word_1_682' title='bbox 333 4928 452 4994; x_wconf 89' lang='lat' dir='ltr'><strong>clericis,</strong></span> <span class='ocrx_word' id='word_1_683' title='bbox 464 4944 515 4982; x_wconf 91' lang='lat' dir='ltr'><strong>seu</strong></span> <span class='ocrx_word' id='word_1_684' title='bbox 529 4927 620 4994; x_wconf 90' lang='lat' dir='ltr'><strong>laicis,</strong></span> <span class='ocrx_word' id='word_1_685' title='bbox 637 4933 688 4983; x_wconf 90' lang='lat' dir='ltr'><strong>aut</strong></span> <span class='ocrx_word' id='word_1_686' title='bbox 717 4927 807 4983; x_wconf 90' lang='lat' dir='ltr'><strong>etiam</strong></span> <span class='ocrx_word' id='word_1_687' title='bbox 834 4928 938 4985; x_wconf 90' lang='lat' dir='ltr'><strong>simili·</strong></span> <span class='ocrx_word' id='word_1_688' title='bbox 994 4951 1053 5005; x_wconf 91' lang='lat' dir='ltr'><strong>qua</strong></span> <span class='ocrx_word' id='word_1_689' title='bbox 1065 4940 1131 4989; x_wconf 89' lang='lat' dir='ltr'><strong>sunt</strong></span> <span class='ocrx_word' id='word_1_690' title='bbox 1145 4935 1250 4990; x_wconf 87' lang='lat' dir='ltr'><strong>omissa</strong></span> <span class='ocrx_word' id='word_1_691' title='bbox 1270 4953 1328 4991; x_wconf 88' lang='lat' dir='ltr'><strong>nun</strong></span> <span class='ocrx_word' id='word_1_692' title='bbox 1344 4943 1511 5009; x_wconf 90' lang='lat' dir='ltr'><strong>arroganter</strong></span> <span class='ocrx_word' id='word_1_693' title='bbox 1527 4940 1665 5006; x_wconf 89' lang='lat' dir='ltr'><strong>abnuere,</strong></span> <span class='ocrx_word' id='word_1_694' title='bbox 1688 4940 1738 4997; x_wconf 88' lang='lat' dir='ltr'><strong>sed</strong></span> 
     </span>
     <span class='ocr_line' id='line_1_55' title="bbox 89 5016 1738 5105; baseline 0.008 -33"><span class='ocrx_word' id='word_1_695' title='bbox 89 5018 143 5072; x_wconf 91' lang='lat' dir='ltr'><strong>bus</strong></span> <span class='ocrx_word' id='word_1_696' title='bbox 169 5017 284 5087; x_wconf 90' lang='lat' dir='ltr'><strong>puellis,</strong></span> <span class='ocrx_word' id='word_1_697' title='bbox 313 5016 417 5087; x_wconf 90' lang='lat' dir='ltr'><strong>quibus</strong></span> <span class='ocrx_word' id='word_1_698' title='bbox 445 5017 608 5087; x_wconf 89' lang='lat' dir='ltr'><strong>ignorantia</strong></span> <span class='ocrx_word' id='word_1_699' title='bbox 643 5016 816 5088; x_wconf 79' lang='lat' dir='ltr'><strong>suffragatur</strong></span> <span class='ocrx_word' id='word_1_700' title='bbox 834 5019 936 5105; x_wconf 80' lang='lat' dir='ltr'><strong>aetatis</strong></span> <span class='ocrx_word' id='word_1_701' title='bbox 994 5023 1129 5078; x_wconf 86' lang='lat' dir='ltr'><strong>nabiliter</strong></span> <span class='ocrx_word' id='word_1_702' title='bbox 1152 5023 1295 5079; x_wconf 88' lang='lat' dir='ltr'><strong>ordinare.</strong></span> <span class='ocrx_word' id='word_1_703' title='bbox 1326 5025 1430 5080; x_wconf 86' lang='lat' dir='ltr'><strong>Datum</strong></span> <span class='ocrx_word' id='word_1_704' title='bbox 1459 5027 1561 5082; x_wconf 92' lang='lat' dir='ltr'><strong>lduum</strong></span> <span class='ocrx_word' id='word_1_705' title='bbox 1588 5028 1738 5086; x_wconf 82' lang='grc' dir='ltr'><strong>Ιιιιιιιιιιι</strong></span> 
     </span>
    </p>
   </div>
   <div class='ocr_carea' id='block_1_5' title="bbox 90 5104 1648 5266">
    <p class='ocr_par' dir='ltr' id='par_1_6' title="bbox 90 5104 1648 5266">
     <span class='ocr_line' id='line_1_56' title="bbox 90 5104 1648 5184; baseline 0.008 -25"><span class='ocrx_word' id='word_1_706' title='bbox 90 5105 257 5178; x_wconf 87' lang='lat' dir='ltr'><strong>aliquandiu</strong></span> <span class='ocrx_word' id='word_1_707' title='bbox 290 5105 342 5159; x_wconf 89' lang='lat' dir='ltr'><strong>sub</strong></span> <span class='ocrx_word' id='word_1_708' title='bbox 369 5120 471 5158; x_wconf 89' lang='lat' dir='ltr'><strong>manns</strong></span> <span class='ocrx_word' id='word_1_709' title='bbox 488 5104 673 5176; x_wconf 87' lang='lat' dir='ltr'><strong>impositione</strong></span> <span class='ocrx_word' id='word_1_710' title='bbox 705 5104 841 5176; x_wconf 90' lang='lat' dir='ltr'><strong>detentis,</strong></span> <span class='ocrx_word' id='word_1_711' title='bbox 872 5107 938 5161; x_wconf 91' lang='lat' dir='ltr'><strong>red·</strong></span> <span class='ocrx_word' id='word_1_712' title='bbox 995 5111 1145 5182; x_wconf 85' lang='lat' dir='ltr'><strong>Dynamio,</strong></span> <span class='ocrx_word' id='word_1_713' title='bbox 1159 5117 1187 5166; x_wconf 88' lang='lat' dir='ltr'><strong>et</strong></span> <span class='ocrx_word' id='word_1_714' title='bbox 1201 5112 1311 5168; x_wconf 87' lang='lat' dir='ltr'><strong>Sibidio</strong></span> <span class='ocrx_word' id='word_1_715' title='bbox 1325 5119 1462 5184; x_wconf 86' lang='lat' dir='ltr'><strong>quartum</strong></span> <span class='ocrx_word' id='word_1_716' title='bbox 1472 5116 1648 5172; x_wconf 87' lang='lat' dir='ltr'><strong>consulibus.</strong></span> 
     </span>
     <span class='ocr_line' id='line_1_57' title="bbox 91 5193 940 5266; baseline 0.001 -17"><span class='ocrx_word' id='word_1_717' title='bbox 91 5195 183 5251; x_wconf 90' lang='lat' dir='ltr'><strong>denda</strong></span> <span class='ocrx_word' id='word_1_718' title='bbox 201 5193 368 5248; x_wconf 89' lang='lat' dir='ltr'><strong>communio</strong></span> <span class='ocrx_word' id='word_1_719' title='bbox 382 5197 433 5261; x_wconf 91' lang='lat' dir='ltr'><strong>est,</strong></span> <span class='ocrx_word' id='word_1_720' title='bbox 463 5208 517 5247; x_wconf 87' lang='lat' dir='ltr'><strong>nec</strong></span> <span class='ocrx_word' id='word_1_721' title='bbox 538 5207 638 5247; x_wconf 88' lang='lat' dir='ltr'><strong>eorum</strong></span> <span class='ocrx_word' id='word_1_722' title='bbox 658 5193 832 5264; x_wconf 87' lang='lat' dir='ltr'><strong>expectanda</strong></span> <span class='ocrx_word' id='word_1_723' title='bbox 846 5194 940 5266; x_wconf 84' lang='lat' dir='ltr'><strong>poeni·</strong></span> 
     </span>
    </p>
   </div>
   <div class='ocr_carea' id='block_1_6' title="bbox 89 5269 1738 5442">
    <p class='ocr_par' dir='ltr' id='par_1_7' title="bbox 89 5269 1738 5442">
     <span class='ocr_line' id='line_1_58' title="bbox 89 5269 1738 5358; baseline 0.002 -22"><span class='ocrx_word' id='word_1_724' title='bbox 89 5281 179 5338; x_wconf 86' lang='lat' dir='ltr'><strong>tentia</strong></span> <span class='ocrx_word' id='word_1_725' title='bbox 189 5298 261 5354; x_wconf 90' lang='lat' dir='ltr'><strong>qnos</strong></span> <span class='ocrx_word' id='word_1_726' title='bbox 279 5279 603 5354; x_wconf 87' lang='lat' dir='ltr'><strong>excipitacoercitione</strong></span> <span class='ocrx_word' id='word_1_727' title='bbox 628 5295 758 5336; x_wconf 90' lang='lat' dir='ltr'><strong>censura.</strong></span> <span class='ocrx_word' id='word_1_728' title='bbox 788 5281 871 5347; x_wconf 80' lang='lat' dir='ltr'><strong>Quod</strong></span> <span class='ocrx_word' id='word_1_729' title='bbox 897 5287 940 5337; x_wconf 86' lang='lat' dir='ltr'><strong>est</strong></span> <span class='ocrx_word' id='word_1_730' title='bbox 1012 5270 1077 5327; x_wconf 66' lang='lat' dir='ltr'><strong>CAP·</strong></span> <span class='ocrx_word' id='word_1_731' title='bbox 1094 5269 1123 5325; x_wconf 75' lang='lat' dir='ltr'><strong>C·</strong></span> <span class='ocrx_word' id='word_1_732' title='bbox 1144 5301 1178 5309; x_wconf 86' lang='grc'><strong>-·</strong></span> <span class='ocrx_word' id='word_1_733' title='bbox 1212 5270 1252 5325; x_wconf 72' lang='lat'><strong>⁰⁶</strong></span> <span class='ocrx_word' id='word_1_734' title='bbox 1267 5287 1295 5326; x_wconf 72' lang='lat'><strong>0⁰</strong></span> <span class='ocrx_word' id='word_1_735' title='bbox 1319 5275 1369 5341; x_wconf 54' lang='grc' dir='ltr'><strong>(ιιι</strong></span> <span class='ocrx_word' id='word_1_736' title='bbox 1391 5289 1443 5343; x_wconf 86' lang='lat' dir='ltr'><strong>per</strong></span> <span class='ocrx_word' id='word_1_737' title='bbox 1476 5276 1662 5358; x_wconf 59' lang='lat' dir='ltr'><strong>laborantium</strong></span> <span class='ocrx_word' id='word_1_738' title='bbox 1683 5277 1738 5332; x_wconf 75' lang='lat' dir='ltr'><strong>ord</strong></span> 
     </span>
     <span class='ocr_line' id='line_1_59' title="bbox 89 5345 1579 5442; baseline -0.009 -17"><span class='ocrx_word' id='word_1_739' title='bbox 89 5389 106 5425; x_wconf 91' lang='lat' dir='ltr'><strong>a</strong></span> <span class='ocrx_word' id='word_1_740' title='bbox 120 5370 203 5425; x_wconf 88' lang='lat' dir='ltr'><strong>nobis</strong></span> <span class='ocrx_word' id='word_1_741' title='bbox 215 5370 337 5442; x_wconf 91' lang='lat' dir='ltr'><strong>proinde</strong></span> <span class='ocrx_word' id='word_1_742' title='bbox 351 5370 552 5437; x_wconf 88' lang='lat' dir='ltr'><strong>constitutum,</strong></span> <span class='ocrx_word' id='word_1_743' title='bbox 568 5384 604 5424; x_wconf 91' lang='lat' dir='ltr'><strong>ne</strong></span> <span class='ocrx_word' id='word_1_744' title='bbox 615 5369 647 5424; x_wconf 89' lang='grc' dir='ltr'><strong>ιι</strong></span> <span class='ocrx_word' id='word_1_745' title='bbox 668 5370 773 5442; x_wconf 90' lang='lat' dir='ltr'><strong>quibus</strong></span> <span class='ocrx_word' id='word_1_746' title='bbox 786 5371 816 5425; x_wconf 95' lang='lat' dir='ltr'><strong>in</strong></span> <span class='ocrx_word' id='word_1_747' title='bbox 830 5371 939 5426; x_wconf 89' lang='lat' dir='ltr'><strong>terreni</strong></span> <span class='ocrx_word' id='word_1_748' title='bbox 1260 5347 1406 5412; x_wconf 60' lang='lat' dir='ltr'><strong>anitium</strong></span> <span class='ocrx_word' id='word_1_749' title='bbox 1417 5345 1579 5414; x_wconf 54' lang='lat' dir='ltr'><strong>Militum·</strong></span> 
     </span>
    </p>
   </div>
   <div class='ocr_carea' id='block_1_7' title="bbox 89 5457 1738 5544">
    <p class='ocr_par' dir='ltr' id='par_1_8' title="bbox 89 5457 1738 5544">
     <span class='ocr_line' id='line_1_60' title="bbox 89 5457 1738 5544; baseline 0.009 -30"><span class='ocrx_word' id='word_1_750' title='bbox 89 5458 154 5514; x_wconf 93' lang='lat' dir='ltr'><strong>labe</strong></span> <span class='ocrx_word' id='word_1_751' title='bbox 174 5458 310 5529; x_wconf 83' lang='lat' dir='ltr'><strong>contagii,</strong></span> <span class='ocrx_word' id='word_1_752' title='bbox 335 5458 400 5530; x_wconf 89' lang='lat' dir='ltr'><strong>plus</strong></span> <span class='ocrx_word' id='word_1_753' title='bbox 422 5458 555 5515; x_wconf 80' lang='lat' dir='ltr'><strong>minusve</strong></span> <span class='ocrx_word' id='word_1_754' title='bbox 584 5462 673 5514; x_wconf 89' lang='lat' dir='ltr'><strong>restat</strong></span> <span class='ocrx_word' id='word_1_755' title='bbox 698 5457 734 5514; x_wconf 86' lang='lat' dir='ltr'><strong>ad</strong></span> <span class='ocrx_word' id='word_1_756' title='bbox 752 5457 850 5526; x_wconf 80' lang='lat' dir='ltr'><strong>ritem,</strong></span> <span class='ocrx_word' id='word_1_757' title='bbox 868 5459 938 5515; x_wconf 89' lang='lat' dir='ltr'><strong>dum</strong></span> <span class='ocrx_word' id='word_1_758' title='bbox 1029 5462 1082 5532; x_wconf 80' lang='lat' dir='ltr'><strong>(Er</strong></span> <span class='ocrx_word' id='word_1_759' title='bbox 1097 5462 1178 5521; x_wconf 82' lang='lat' dir='ltr'><strong>dietis</strong></span> <span class='ocrx_word' id='word_1_760' title='bbox 1193 5464 1221 5521; x_wconf 88' lang='lat' dir='ltr'><strong>S.</strong></span> <span class='ocrx_word' id='word_1_761' title='bbox 1237 5466 1343 5522; x_wconf 83' lang='lat' dir='ltr'><strong>Isidori</strong></span> <span class='ocrx_word' id='word_1_762' title='bbox 1362 5470 1501 5538; x_wconf 70' lang='lat' dir='ltr'><strong>episcopi.)</strong></span> <span class='ocrx_word' id='word_1_763' title='bbox 1530 5467 1559 5527; x_wconf 84' lang='lat' dir='ltr'><strong>Si</strong></span> <span class='ocrx_word' id='word_1_764' title='bbox 1586 5470 1653 5541; x_wconf 89' lang='lat' dir='ltr'><strong>quis</strong></span> <span class='ocrx_word' id='word_1_765' title='bbox 1681 5486 1738 5544; x_wconf 86' lang='lat' dir='ltr'><strong>per</strong></span> 
     </span>
    </p>
   </div>
   <div class='ocr_carea' id='block_1_8' title="bbox 0 0 1952 6112">
    <p class='ocr_par' dir='ltr' id='par_1_9' title="bbox 0 0 1952 6112">
     <span class='ocr_line' id='line_1_61' title="bbox 0 0 1952 6112; baseline 0 0"><span class='ocrx_word' id='word_1_766' title='bbox 0 0 1952 6112; x_wconf 95' lang='lat' dir='ltr'><strong> </strong></span> 
     </span>
    </p>
   </div>
  </div>
 </body>
</html>
