3878 6112
145 228 199 280 ele
677 215 880 275 auscultent
903 213 1169 272 wonnaclensls
1189 210 1354 270 crisconi.
1844 217 1892 268 ete

144 346 198 401 bus
213 343 353 401 molestiis
376 358 448 413 quas
463 340 595 414 plebibus
617 340 762 411 ingerunt,
779 343 887 393 aeterno
902 337 1035 393 incon-A
1053 340 1184 406 sumunt,
1203 333 1320 406 quibus,
1341 333 1411 389 dum
1434 333 1609 406 prosperitas
1634 335 1740 401 elucet,
1762 334 1899 405 iactamer

145 435 194 491 dio
217 433 430 500 cremabuntur,
447 435 571 486 testante
598 427 718 482 Domino
733 442 786 497 per
809 427 910 481 isaiam
924 442 994 497 pro·
1049 424 1084 480 de
1099 424 1159 479 suis
1176 422 1284 478 meritis
1299 421 1470 493 gloriantur,
1487 428 1516 477 et
1530 424 1674 479 bonorum
1697 428 1785 496 atque
1809 426 1898 496 justo·

145 525 487 596 phetamslretussum
504 517 711 590 inquit,super
730 517 869 586 populum
886 530 994 578 meum,
1049 526 1115 566 rum
1136 511 1339 567 altlictionibns
1369 511 1534 579 detrabunt,
1563 511 1692 583 dumque
1708 513 1751 567 eis
1783 513 1896 570 adversa

146 616 175 668 el
190 612 257 668 dedi
271 627 320 666 eos
343 610 374 664 in
389 624 477 664 manu
491 611 540 661 tna
556 622 564 661 :
580 621 638 660 non
652 603 775 675 posuisti
790 603 817 659 ei
834 604 997 658 misericor·
1050 601 1213 672 contigerit,
1229 617 1297 656 mox
1312 601 1347 655 ad
1357 601 1567 672 blasphemiam
1581 603 1824 673 pusillanimitate
1839 608 1896 660 ani·
1926 642 1937 673 s

148 700 237 763 diam,
271 697 431 771 aggravasti
460 696 565 766 jugum
597 698 679 747 tuum
712 693 805 748 valde.
842 694 995 759 Descende,
1051 690 1091 744 mi
1132 695 1348 746 convertuntur.
1382 689 1503 753 Quidum
1536 689 1711 762 simplicium
1743 693 1893 749 nescientes
1919 720 1937 765 ·;

147 789 178 845 in
202 789 319 860 pulvere
334 787 410 854 sede,
436 791 508 850 tace,
536 788 565 838 et
583 781 705 837 intrain
729 781 871 837 tenebras.
897 782 998 836 Veniet
1050 779 1291 849 dispensationem
1315 777 1376 845 Dei,
1398 779 1429 832 in
1458 779 1600 833 malorum
1616 780 1804 850 provectibus
1825 798 1892 838 scan-

149 881 276 949 superte
298 875 449 929 malumst
464 872 567 944 peries,
586 871 719 925 etirruet
734 875 859 941 superte
879 874 996 942 repente
1050 867 1222 934 dalizantur,
1250 865 1378 922 dicentes
1402 866 1485 937 juxta
1508 868 1681 938 Prophetam
1704 885 1712 923 ε
1734 868 1829 933 Quare
1856 872 1891 925 via
1924 888 1937 939 ᾗ

148 965 264 1020 miseria
287 979 374 1036 qnam
397 962 498 1017 nescis.
513 959 600 1031 lingis
623 958 887 1013 malefacientibus
909 975 997 1030 quana
1050 955 1207 1026 impiorum
1231 957 1437 1026 prosperatur?
1462 957 1536 1011 Bene
1555 961 1597 1010 est
1612 957 1750 1012 omnibus
1764 959 1816 1030 qui
1831 976 1890 1030 pre

148 1054 225 1108 neela
247 1050 544 1124 patientibns‚dolere
568 1048 715 1103 debemus.
741 1047 786 1101 llll
807 1047 884 1101 enim
911 1062 997 1118 prava
1050 1045 1223 1110 varicantur,
1254 1048 1284 1097 et·
1302 1043 1400 1114 inique
1423 1049 1523 1114 agunt.
1548 1043 1603 1108 Qui
1627 1059 1697 1116 ergo
1722 1045 1889 1115 hecdicunt,

149 1140 280 1196 faciendo
301 1140 330 1193 in
345 1140 455 1193 malum
478 1136 652 1208 proliciunt:
670 1134 717 1189 isti
740 1134 876 1205 patiendo
890 1150 907 1188 a
922 1134 997 1188 malo
1052 1148 1111 1186 non
1135 1133 1286 1199 mirentur,
1310 1131 1388 1202 quod
1403 1147 1557 1203 pravorum
1577 1133 1732 1189 hominum
1755 1139 1891 1206 tempora-

149 1228 344 1299 corriguntur.
361 1226 435 1280 Deus
449 1229 546 1279 autem
569 1238 622 1293 per
636 1222 726 1278 malas
741 1223 904 1276 voluntates
927 1220 997 1276 alio·
1053 1220 1118 1282 lem,
1138 1224 1166 1274 et
1185 1221 1321 1275 caducam
1354 1220 1520 1275 felicitatem
1548 1220 1702 1290 aspiciunt,
1728 1222 1781 1277 sed
1815 1224 1891 1295 magis
1930 1215 1937 1249 ¹

149 1316 272 1385 rum,in
297 1315 358 1369 albe
383 1314 474 1369 multa
505 1315 642 1384 operatur
665 1311 750 1366 bona.
782 1310 997 1381 Malignantium
1052 1308 1208 1364 novissime
1238 1325 1338 1364 eorum
1364 1308 1524 1372 intendant,
1550 1312 1657 1380 quanta
1690 1309 1831 1382 illispost
1849 1313 1892 1367 boc
1930 1304 1937 1337 ’-

149 1403 301 1459 hominum
315 1403 459 1464 voluntas,
476 1415 662 1471 nequaquem
681 1402 779 1470 potest
793 1398 918 1469 impleri,
942 1396 998 1453 nisi
1052 1402 1160 1453 aeterna
1185 1396 1326 1468 supplicia
1359 1401 1570 1468 preparentur,
1596 1397 1711 1452 dicente
1738 1399 1891 1470 propheta:

151 1493 226 1548 Dens
248 1491 360 1547 dederit
390 1494 572 1562 potestatem.
604 1489 674 1542 Nem
693 1486 762 1541 dum
781 1486 925 1553 homines,
942 1487 998 1540 lieo
1053 1487 1163 1541 llocsnt
1183 1484 1313 1540 inbonis
1331 1484 1393 1540 dies
1413 1485 1646 1553 suos,etsubito
1663 1486 1701 1542 ad
1725 1487 1893 1544 internade·

150 1580 346 1652 permittente,
371 1580 479 1634 malum
501 1577 579 1648 quod
604 1575 809 1647 concupiscunt
834 1573 997 1646 perficiunt,
1016 1611 1036 1666 B
1054 1573 1203 1629 mendum.

150 1667 213 1739 ipse
246 1667 351 1722 dicitur
380 1667 474 1721 facere
498 1665 549 1738 qni
578 1664 728 1736 permittit.
763 1664 832 1719 lnde
856 1663 999 1733 estquod
1054 1679 1118 1735 Cp„
1142 1679 1215 1734 χχχΙ
1237 1680 1321 1734 -Ut
1338 1678 1685 1748 judeoenonprfmgvm
1706 1685 1894 1737 suammet,

152 1755 292 1826 scriptum
315 1759 357 1810 est
378 1769 431 1826 per
446 1754 617 1825 prophetam
635 1769 642 1807 t
658 1753 687 1807 Si
708 1751 763 1806 erit
785 1751 905 1819 malum,
921 1751 999 1822 quod
1088 1749 1271 1817 titinnntibus,
1286 1750 1411 1818 quandiu
1422 1752 1478 1820 ipsi
1492 1750 1590 1805 tabent
1600 1751 1711 1820 etquid
1723 1752 1798 1821 quod
1804 1768 1893 1823 prope

154 1842 294 1898 Dominus
318 1858 377 1898 non
400 1842 476 1898 iecit.
494 1844 697 1896 Verumtamen
720 1839 797 1912 quod
812 1839 905 1911 iniqui
924 1839 1000 1894 mala
1088 1826 1156 1876 ”⁰⁷¹⁸
1172 1823 1201 1875 in
1216 1824 1370 1890 immite·

154 1936 293 2002 expetunt
326 1933 484 1996 voluntate,
518 1930 625 1986 idcirco
655 1931 728 1984 llevvs
758 1928 924 1999 perficiendi
952 1929 1001 1984 dnt
1090 1928 1146 1996 (En
1160 1926 1478 1997 miserescentem
1498 1928 1679 1998 accesisse
1702 1930 1823 1986 Gallione
1845 1948 1895 1986 eon
1935 1996 1937 2001 ¹

153 2023 324 2091 potestatem
352 2036 405 2091 per
429 2034 511 2073 suam
534 2018 640 2074 bonam
670 2017 846 2072 voluntatem
872 2011 999 2088 quiade
1053 2017 1166 2080 stitutis,
1191 2014 1283 2084 capite
1306 2014 1344 2087 3.)
1361 2016 1418 2069 Nec
1438 2014 1620 2086 litigantibus
1636 2017 1729 2087 judex
1743 2018 1825 2089 prius
1837 2020 1895 2074 relit

152 2112 251 2164 nostro
266 2109 342 2164 malo
357 2108 417 2179 ipse
433 2110 524 2162 multa
539 2111 675 2178 operatur
689 2105 774 2161 bona.
799 2105 922 2170 Quidam
934 2123 999 2162 cum
1054 2121 1105 2158 sua
1128 2103 1271 2158 sententia
1284 2103 1407 2168 obviare,
1430 2103 1485 2158 uisi
1500 2103 1616 2174 qnando
1631 2105 1688 2172 ipsi
1702 2106 1764 2177 jam
1783 2109 1895 2178 peractis

155 2194 205 2251 llei
235 2196 377 2251 voluntati
401 2195 547 2258 resistunt,
581 2194 740 2249 nescientes
765 2192 915 2248 consilium
950 2194 1000 2251 [lei
1054 2192 1188 2248 omnibus
1203 2191 1274 2247 nihil
1288 2191 1413 2247 habeant
1426 2191 1626 2263 inquestione
1639 2195 1894 2267 quodproponant.

152 2283 270 2350 iaciunt,
293 2284 370 2355 quod
385 2283 517 2338 noverint
531 2281 571 2337 sic
593 2283 651 2337 Deo
666 2281 792 2352 subjecta
815 2297 875 2336 esse
890 2282 999 2350 omnia,
1056 2283 1089 2336 Et
1109 2280 1210 2335 tandiu
1234 2281 1308 2336 ectio
1322 2281 1487 2349 ventiletur,
1503 2298 1655 2354 quousque
1674 2283 1720 2338 rei
1744 2286 1847 2340 veritas
1858 2302 1896 2340 re·

154 2374 186 2426 nt
199 2375 228 2425 et
250 2370 307 2442 ipsi
321 2372 371 2441 qui
386 2371 448 2441 ejus
471 2369 651 2440 dispositioni
665 2368 797 2423 resistere
813 2367 998 2435 arbitrentur,
1054 2369 1192 2440 periatur.
1216 2371 1392 2440 Frequenter
1405 2370 1583 2442 interrogare
1602 2376 1783 2442 oportat,·ne
1798 2374 1898 2445 aliquid

153 2457 215 2528 ejus
230 2457 369 2529 impleant
383 2458 571 2512 voluntatem.
586 2457 742 2527 Propterea
756 2455 785 2509 in
798 2456 852 2510 hac
866 2456 923 2511 vita
933 2457 1000 2510 boni
1054 2458 1281 2529 pretermissum
1303 2458 1376 2513 loris
1399 2462 1559 2526 remaneat,
1576 2459 1653 2529 quod
1675 2459 1794 2515 adnecti
1808 2478 1899 2517 conve·

150 2544 318 2615 judicantur
331 2561 348 2600 a
363 2545 455 2609 melis,
480 2549 512 2600 ut
534 2544 638 2599 iterum
652 2544 681 2598 in
696 2543 745 2598 illa
762 2544 820 2598 vita
843 2544 911 2598 mali
922 2542 1000 2614 judi·
1053 2546 1125 2603 niet.
1141 2545 1267 2602 induciae
1282 2546 1360 2601 enim
1377 2562 1435 2601 non
1450 2546 1560 2601 modice
1575 2547 1609 2602 ad
1631 2549 1825 2619 quaerendum
1840 2550 1899 2605 dan·

154 2638 253 2688 centur
271 2633 384 2689 abonis
400 2648 407 2687 ι
424 2633 482 2687 sive
494 2637 527 2688 ut
541 2633 626 2687 etiem
643 2631 680 2686 sit
694 2631 740 2688 hic
755 2631 837 2686 bonis
855 2636 1000 2705 tempora·
1055 2634 1099 2690 das
1114 2640 1190 2702 sunt,
1207 2651 1242 2689 ue
1257 2634 1367 2706 aliquid
1391 2651 1514 2707 propere
1529 2636 1607 2706 agia
1626 2652 1805 2709 quocunque
1826 2645 1898 2710 parte

154 2720 189 2776 lis
204 2720 332 2790 alllictio,
353 2726 381 2775 et
396 2720 455 2775 illic
467 2725 575 2776 aterne
590 2719 792 2775 remuneratio.
812 2719 919 2775 idcirco
934 2723 1002 2775 sunt
1054 2723 1183 2778 videatur
1199 2738 1207 2778 ε
1221 2723 1289 2794 quie
1304 2740 1357 2794 per
1375 2723 1590 2795 subreptionem
1606 2726 1698 2779 multa
1719 2730 1896 2796 proveniunt.

154 2809 305 2865 necessarii
322 2808 400 2874 mali,
418 2813 449 2864 ot
464 2807 577 2880 quoties
596 2807 666 2864 boni
680 2809 837 2877 offendunt,
854 2808 1001 2880 flagellen-
1055 2813 1130 2867 Nihil
1154 2817 1252 2867 tamen
1275 2812 1384 2883 absque
1410 2812 1549 2882 legitimo,
1566 2818 1594 2866 et
1606 2813 1714 2868 idoneo
1739 2822 1897 2871 accusatore
1934 2823 1937 2891 l

153 2902 201 2954 tur
216 2898 251 2953 ab
275 2897 342 2952 illis.
368 2898 438 2953 Hinc
452 2902 495 2952 est
514 2896 591 2968 quod
606 2900 695 2952 Assur
712 2896 822 2967 virgam
837 2896 942 2951 luroris
957 2897 1001 2951 sui
1018 2889 1038 2944 C
1056 2901 1115 2957 ilat.
1143 2901 1213 2956 Nam
1236 2905 1263 2955 et
1277 2900 1416 2955 Dominus
1441 2906 1540 2955 noster
1553 2901 1634 2955 Jesus
1645 2901 1778 2957 Christus
1804 2904 1897 2960 ludam

154 2991 275 3042 testatur
289 2987 438 3043 Dominus.
452 2986 507 3041 Sed
519 2985 631 3058 quoties
646 2984 686 3038 ita
701 2985 743 3051 tlt,
759 2986 793 3039 de
810 2985 861 3040 Dei
872 2985 1003 3056 indigna·
1055 2990 1149 3045 iurem
1173 3004 1235 3045 esse
1264 2988 1372 3044 sciebat
1394 3003 1401 3043 ε
1424 2974 1474 3044 sed
1497 2989 1565 3059 quia
1588 3005 1649 3044 non
1673 2997 1719 3046 cst
1745 3000 1897 3058 accusatos,

153 3076 231 3132 tione
255 3075 440 3145 procedit,ut
462 3061 534 3128 Dens
554 3074 682 3145 perillos
700 3074 914 3142 incesserint,
931 3089 1002 3145 quoe
1055 3077 1118 3133 ideo
1149 3094 1207 3133 non
1231 3083 1274 3132 est
1306 3078 1423 3148 ejectus,
1444 3083 1473 3132 et
1498 3078 1638 3150 quidquid
1658 3079 1737 3137 inter
1760 3084 1898 3152 apostolos

155 3163 327 3233 flagellando
353 3162 507 3216 emendare
522 3161 675 3216 desiderat.
702 3161 756 3217 Sed
771 3162 820 3216 ille
843 3161 1002 3232 justissima
1056 3167 1125 3236 egit,
1141 3182 1195 3237 pro
1218 3166 1356 3238 dignitate
1372 3166 1525 3222 ministerii
1541 3172 1642 3222 ratum
1652 3169 1770 3227 mansit.
1796 3173 1863 3227 Nam
1877 3170 1898 3226 si

154 3252 313 3317 voluntate,
340 3250 383 3304 illi
405 3265 471 3303 vero
497 3266 572 3320 saepe
597 3249 707 3303 crudeli
729 3249 890 3304 intentione
906 3266 913 3305 :
929 3249 1004 3304 sicut
1055 3254 1134 3325 leges
1166 3254 1255 3309 seculi
1283 3261 1460 3309 accusatores
1492 3256 1652 3327 requirunt,
1679 3263 1791 3330 quanto
1814 3261 1899 3331 magis

155 3355 207 3410 per
229 3339 400 3411 prophetam
421 3337 526 3393 dicitur
538 3338 573 3392 de
595 3337 697 3393 eodem
710 3339 808 3394 Assur.
829 3339 891 3408 lpse
905 3342 1002 3393 antem
1056 3341 1253 3398 ecclesiasticae
1268 3344 1399 3414 regulas?
1421 3345 1530 3399 llocent
1543 3346 1621 3400 enim
1634 3346 1794 3415 terrestria,
1810 3354 1839 3403 et
1852 3349 1898 3403 bn·

155 3443 213 3482 non
240 3426 289 3495 sic,
308 3427 356 3483 sed
374 3426 410 3481 ad
433 3427 639 3482 conterendum
664 3431 796 3497 paratum
811 3431 853 3480 est
867 3442 916 3481 cor
930 3426 1000 3498 ejus,
1055 3447 1142 3486 mana
1155 3447 1219 3502 quse
1234 3431 1292 3486 siut
1306 3432 1494 3487 ecclesiastica
1508 3438 1595 3505 atque
1606 3434 1743 3490 coelestia.

155 3520 279 3572 auocare
297 3530 383 3587 super
406 3532 456 3571 eos
479 3514 609 3572 divinum
628 3513 754 3570 furorem
772 3521 936 3583 venturum,
952 3515 1003 3588 qui
1056 3536 1121 3592 CM,⁸
1135 3537 1223 3593 xm
1239 3568 1274 3578 -
1290 3539 1325 3593 [χ
1346 3554 1400 3593 no„
1414 3538 1496 3593 ,egem
1514 3541 1571 3594 χχχ
1584 3547 1765 3611 mmmm,
1791 3547 1817 3598 ,χ
1827 3543 1898 3613 χχχ,

155 3604 283 3659 existnnt
306 3608 514 3674 persecutores,
540 3607 566 3657 et
581 3601 700 3656 violenti
722 3601 866 3657 lidelibus.
893 3603 1001 3658 Conso·
1303 3623 1344 3664 ees
1360 3614 1473 3665 attestes
1487 3615 1512 3664 ct
1525 3614 1656 3667 occusoti.

155 3694 241 3749 lando
256 3693 333 3747 enim
357 3693 432 3747 Deus
444 3708 511 3746 suos
525 3692 565 3746 ita
577 3692 707 3763 judicare
722 3691 877 3762 promittit.
892 3692 1003 3747 Adver·
1092 3697 1147 3766 (En
1171 3695 1253 3750 dictis
1273 3697 1402 3753 Damasci
1424 3713 1514 3768 pope,
1530 3702 1618 3769 cupite
1635 3698 1690 3767 ie.)
1715 3701 1898 3757 Accusatores

155 3798 202 3836 sus
225 3798 284 3848 eos,
301 3781 407 3851 inquit,
435 3781 483 3851 qui
496 3779 699 3849 judicaverunt
722 3784 762 3847 tc,
782 3796 835 3852 ego
854 3780 1000 3851 judicabo,
1057 3800 1124 3839 vero
1140 3788 1168 3838 et
1181 3784 1291 3854 judices
1306 3800 1365 3838 nou
1380 3784 1468 3840 iidem
1488 3786 1547 3841 sint
1562 3803 1568 3841 :
1584 3787 1634 3842 sed
1645 3804 1700 3859 per
1714 3805 1744 3844 se
1761 3795 1898 3845 accusato·

155 3874 184 3925 et
206 3869 306 3924 cibabo
329 3868 425 3923 hostes
440 3874 504 3922 tvros
526 3869 659 3923 carnibus
674 3867 743 3931 suis,
760 3872 789 3923 et
813 3869 896 3939 quasi
914 3868 1002 3923 mixto
1056 3889 1111 3940 res,
1128 3889 1180 3943 per
1203 3889 1233 3927 se
1245 3872 1364 3944 judices,
1388 3889 1440 3945 per
1467 3890 1497 3928 se
1520 3880 1616 3942 testes,
1634 3891 1685 3947 per
1715 3893 1746 3933 se
1768 3881 1896 3947 accusati,

155 3959 296 4028 sanguine
321 3973 372 4011 suo
398 3956 627 4011 inebriabuntur.
653 3955 744 4011 ilabet
757 3956 883 4027 aliquem
905 3972 1001 4021 usum,
1057 3958 1255 4033 unusquisque
1270 3961 1300 4016 in
1312 3978 1364 4016 suo
1380 3962 1578 4018 ordinabiliter
1591 3965 1703 4019 ordine.
1720 3966 1794 4021 Nam
1810 3966 1898 4022 inseri

156 4048 341 4102 etmalorum
361 4045 510 4117 iniquitas,
531 4045 608 4116 quod
624 4044 741 4099 dilectos
758 4044 820 4111 Dei,
836 4044 895 4099 suis
911 4045 1001 4099 mori·
1056 4050 1116 4122 ptio
1132 4051 1226 4122 prime
1241 4066 1353 4122 semper
1376 4050 1435 4118 liet,
1452 4056 1485 4106 ut
1496 4051 1634 4107 talionem
1647 4055 1842 4112 calumniator
1859 4073 1898 4110 ac·

155 4136 209 4191 bus
230 4136 328 4201 laniat,
343 4150 376 4189 ac
391 4148 441 4206 per
466 4134 521 4188 hoc
543 4134 602 4188 vita
616 4132 772 4203 impiorum
796 4132 849 4187 sibi
865 4133 999 4204 deperit:
1020 4138 1154 4222 Dcipiat.
1180 4137 1252 4203 Quia
1274 4143 1340 4192 ante
1354 4138 1571 4209 inscriptionem
1586 4155 1671 4195 nenio
1692 4142 1782 4198 debet
1801 4145 1902 4216 judica

151 4224 297 4296 justorum
312 4227 408 4278 aretem
426 4221 548 4292 deperit,
564 4220 614 4275 sed
639 4220 764 4292 prolicit,
781 4220 850 4276 dum
871 4237 921 4276 eos
935 4222 1002 4276 mali
1058 4229 1093 4293 ri,
1108 4226 1152 4280 vel
1167 4227 1309 4293 damnari,
1323 4242 1388 4280 cum
1405 4231 1433 4280 ct
1447 4227 1545 4282 saeculi
1558 4230 1636 4299 leges
1651 4230 1715 4284 haec
1726 4232 1830 4287 eadem
1845 4232 1902 4287 reti·

156 4328 208 4384 per
220 4311 413 4366 tribulationis
430 4308 596 4364 exercitium
611 4308 647 4362 ad
662 4313 833 4379 praesentem
848 4309 1002 4364 odiendam
1058 4319 1153 4369 usant.
1173 4316 1212 4369 lis
1237 4314 1342 4385 quibus
1360 4315 1494 4370 omnibus
1508 4332 1574 4370 vera
1593 4332 1709 4388 semper
1728 4318 1782 4374 liat
1793 4320 1902 4392 aquali·

71 4393 75 4399 ’
155 4401 253 4467 vitam,
270 4405 299 4453 et
313 4400 440 4454 trituram
455 4397 674 4453 desiderandam
694 4397 838 4452 erudiunt.
855 4399 1002 4454 Interdum
1057 4407 1110 4467 tas,
1136 4408 1280 4474 quatenus
1305 4403 1493 4458 accusationis
1510 4408 1538 4459 et
1552 4404 1666 4475 judicii,
1691 4424 1725 4462 ac
1751 4408 1900 4464 testimonii

156 4488 234 4543 enim
258 4487 375 4558 prodest
397 4500 596 4559 perversorum
613 4485 740 4557 pravitas
769 4485 888 4542 utilitati
906 4487 1001 4557 justo·
1057 4492 1220 4547 mercedem
1235 4506 1288 4562 per
1302 4492 1451 4547 veritatem
1465 4497 1612 4565 gestorum
1631 4497 1773 4568 consequi
1787 4499 1897 4553 valeant

155 4592 230 4643 rum,
257 4577 325 4631 dum
341 4592 390 4630 eos
404 4574 516 4631 malitia
528 4590 580 4630 sua
600 4574 707 4642 erudit,
723 4579 752 4629 et
763 4576 797 4630 ad
814 4590 903 4646 regna
916 4576 1002 4631 coelo·
1058 4598 1121 4653 cm
1143 4597 1633 4667 XXX11·„Ugejuga,0„mg,·0„0m
1654 4602 1749 4657 nunu,
1770 4603 1851 4670 sm
1862 4619 1899 4655 m,

155 4681 220 4722 rum
244 4664 420 4736 requirenda
433 4664 564 4720 molestia
587 4664 754 4734 temporalis
778 4662 909 4736 impellit.
934 4668 1002 4721 Pro·
1207 4670 1303 4737 cipiet,
1320 4671 1369 4738 qui
1383 4670 1466 4735 focile
1480 4670 1582 4737 titiqnt,
1596 4673 1622 4725 et
1635 4678 1759 4727 namot.

154 4755 239 4810 batur
254 4755 306 4809 boc
321 4753 462 4824 exemplis
486 4752 647 4808 israeliticae
660 4753 762 4824 plebis,
779 4768 843 4826 quae
858 4757 927 4808 tunc
946 4753 1002 4809 du·
1093 4757 1154 4826 (Ere
1177 4758 1287 4812 concilio
1308 4755 1498 4825 Wornrocien„
1524 4761 1613 4826 cupite
1637 4761 1678 4830 l.)
1695 4760 1763 4830 Eius
1787 4760 1835 4833 qui
1850 4761 1898 4815 lve-

153 4844 214 4900 rius
241 4843 380 4914 agebatur
399 4842 430 4897 iu
462 4844 591 4914 AEgyptm
623 4841 736 4913 quando
766 4841 916 4912 oportebat
938 4858 1001 4897 eam
1057 4850 1179 4915 quanter
1202 4844 1308 4916 litigat,
1323 4849 1352 4900 at
1372 4845 1409 4900 sd
1428 4849 1618 4900 accusandum
1642 4853 1686 4902 est
1706 4849 1810 4916 facilis,
1829 4864 1898 4903 recu·

153 4950 205 5005 per
228 4933 323 4988 blesen
353 4932 387 4988 ad
404 4937 512 4986 terram
538 4929 769 5001 repromissionis
793 4929 898 4998 vocari,
925 4935 1003 4986 etex
1058 4933 1199 4988 sationem
1216 4949 1300 4989 nemo
1316 4934 1423 5005 absque
1436 4934 1539 5004 mandi
1559 4936 1691 4991 examine
1706 4938 1836 5009 accipiat

154 5022 248 5088 melis,
264 5036 330 5092 quas
344 5019 375 5074 in
398 5022 519 5091 AEgypto
541 5017 705 5090 petiebatur
723 5017 904 5085 descendere,
925 5024 951 5074 et
968 5019 1003 5074 ed
1057 5039 1122 5097 (χρ,
1141 5042 1252 5096 χχχχχ
1275 5070 1310 5081 ,,
1325 5043 1359 5096 U,
1372 5044 1512 5112 episcopm
1531 5048 1701 5099 mmmm
1714 5046 1836 5112 mm
1852 5061 1892 5100 a,

154 5110 326 5181 promissam
342 5109 465 5180 patriam
491 5106 636 5162 lastinsre.
661 5105 757 5177 luiqni
780 5107 849 5162 dum
868 5113 1002 5163 constan·
1390 5115 1572 5168 communicet.
1934 5176 1937 5189 1

154 5199 223 5254 tiam
235 5197 306 5269 justi
325 5197 355 5252 in
376 5194 625 5266 persecutionibus
646 5194 704 5249 suis
721 5194 873 5265 aspiciunt,
898 5196 1003 5250 mentis
1094 5199 1154 5271 (En
1168 5200 1280 5255 concilio
1293 5200 1448 5266 Aurelian..
1460 5204 1549 5270 capite
1564 5201 1601 5274 l.)
1614 5203 1649 5258 Ut
1660 5203 1814 5276 episcopus
1828 5219 1889 5260 acen
1929 5192 1937 5253 .¹''

154 5286 322 5341 confusione
355 5285 513 5352 tabescunt,
546 5288 576 5338 et
607 5283 676 5339 dum
704 5282 822 5339 adversa
847 5287 1001 5352 ostentant,
1058 5293 1164 5343 satores
1188 5287 1310 5342 fratrum
1337 5288 1563 5344 excommunicet
1579 5295 1631 5345 :et
1648 5291 1673 5346 si
1688 5292 1888 5349 emendaverint

154 5388 208 5430 nec
231 5373 359 5440 vincunt,
374 5373 491 5428 tandem
509 5372 587 5428 dese
601 5372 794 5444 perversitatis
810 5371 1003 5428 insaniacon·
1057 5374 1179 5441 vitium,
1204 5375 1323 5446 recipiat
1351 5392 1400 5431 eos
1432 5376 1468 5433 ad
1500 5378 1745 5443 communionem.
1779 5398 1837 5438 nnn
1861 5377 1886 5434 ad

154 5460 328 5521 mudantur.
356 5461 441 5518 Stulti
455 5465 555 5518 contra
577 5461 668 5518 bonne
690 5460 816 5517 studium
831 5476 945 5532 semper
958 5478 1002 5518 as·
1057 5463 1176 5518 clerum.
