3894 6120
86 251 135 305 tlt
586 250 791 306 Ttttuclttul
810 249 1031 308 sussultans
1053 247 1344 307 ultusssuttltlssus.
1805 248 1855 302 sut

89 368 211 426 solantia
227 367 254 408 ⁹⁰
267 386 352 442 posse
365 372 498 444 generari
511 391 519 440 3
534 370 700 443 hujusmodi
723 372 802 427 virus
814 371 944 428 funditus
958 375 981 427 Α
1002 372 1237 445 sapientissimus
1251 387 1326 444 papa
1336 369 1407 427 dixit
1421 386 1428 425 :
1445 391 1460 420 a
1475 368 1644 442 Apostolica
1667 372 1817 442 potestate
1829 378 1858 428 et

90 459 297 530 extirpandum
314 458 347 515 ⁹¹.
841 511 847 524 ,
999 468 1165 518 sanctornm
1173 460 1460 517 Patrumauctoritate
1480 456 1857 532 dissipemus,eliringimns

124 551 168 604 tt.
190 550 246 603 Per
285 549 361 604 idem
399 554 513 620 tempus
545 549 650 604 mansit
674 564 741 605 cum
766 549 943 621 imperatore
998 555 1027 607 et
1050 551 1235 607 adnullamus
1273 565 1345 620 qua.
1374 548 1491 602 absente
1506 546 1596 602 tratre
1624 553 1655 602 et
1682 547 1856 620 coepiscopo

90 635 208 695 unicum
225 638 314 691 decus
341 637 589 708 imperiidomnns
618 637 778 706 Heinricus,
806 641 944 695 tnncdnx
1000 637 1421 704 Bernnerd0‚Gandenesheim
1438 636 1468 690 in
1492 651 1544 691 sna
1572 636 1684 692 diocesi
1715 637 1856 693 ebarchi-

90 725 320 800 potentissimns,
337 726 368 780 in
383 727 515 797 proximo
540 726 658 799 quidem
686 726 737 782 ilci
764 727 870 798 pietate
894 744 944 783 rex
999 727 1275 801 episcopoWillegio
1303 725 1406 782 etsuis
1433 725 1625 796 complicibus
1653 726 1813 782 adinventa
1830 731 1858 782 et

90 815 216 876 iuturus.
243 814 274 868 in
302 830 389 886 quem
419 814 557 869 Dominus
583 821 700 869 cunctos
726 815 875 870 thesauros
900 816 945 871 di·
999 813 1304 868 sacrementisstatnta
1323 815 1399 864 sunt.
1417 829 1429 857 ι
1449 809 1482 863 Et
1500 810 1746 883 superudJ'ecit2rr
1763 811 1857 867 Frater

92 904 167 959 vinee
195 906 225 957 ct
252 903 389 958 humanm
417 903 565 974 sapientiae
593 901 726 957 contulit.
748 903 799 959 llic
821 904 946 975 graviter
1000 910 1027 959 et
1067 902 1251 973 coepiscopus
1283 897 1308 934 ⁹⁸
1343 898 1532 955 bernnardus
1568 900 1643 970 petit
1665 899 1724 954 sibi
1746 899 1856 955 restitui

91 1006 206 1064 semper
232 991 342 1046 terebat
366 992 595 1046 Gandenesheirn
619 992 750 1047 obortam
777 997 944 1046 controuer·
999 993 1141 1048 sublatam
1157 989 1323 1043 vestituram
1339 987 1374 1042 ab
1400 985 1642 1059 archiepiscopo:
1670 986 1744 1059 quid
1767 986 1854 1058 benc·

91 1082 174 1146 siam,
190 1087 281 1150 atqne
295 1079 430 1135 ardenter
443 1080 568 1136 instabat
596 1081 752 1137 aecclesiam
782 1080 943 1152 pacificare,
1000 1082 1074 1149 citis,
1090 1074 1854 1148 iratres?uSanctumconciliumraspondit:«Vesti-

92 1167 182 1225 etsub
200 1165 309 1223 Christi
327 1166 417 1237 siguis
432 1167 587 1223 militantes
603 1169 640 1224 ed
655 1168 802 1225 caritatem
832 1173 861 1223 et
879 1185 946 1240 gra·
1000 1175 1106 1232 turam,
1131 1181 1219 1238 quam
1253 1162 1488 1236 archiepiscopus
1520 1180 1577 1219 non
1602 1163 1703 1235 potnit
1733 1163 1854 1229 anferre,

91 1257 160 1312 tiam
178 1255 348 1310 reformare.
374 1255 463 1326 liujus
490 1256 588 1329 itaque
615 1274 701 1313 suasu
727 1261 755 1312 et
778 1257 847 1312 cleri
874 1257 945 1329 lple·
1001 1260 1111 1315 nonest
1123 1270 1239 1309 necesse
1262 1253 1306 1308 illi
1337 1252 1474 1319 reddere;
1494 1252 1543 1309 sed
1568 1252 1637 1324 qnia
1656 1253 1713 1307 boc
1733 1250 1796 1324 ipse
1810 1267 1854 1322 pe·

92 1346 193 1417 bisque
217 1343 361 1398 coadunta
387 1349 431 1398 est
456 1347 582 1416 synodus
610 1346 711 1417 viginti
746 1346 946 1418 episcoporum
1000 1341 1086 1396 tendo
1104 1340 1360 1404 instat,sidomno
1375 1339 1544 1410 imperatori
1563 1342 1686 1412 placeat,
1710 1340 1854 1411 apostola·

92 1436 127 1490 de
155 1432 314 1498 Romania
339 1431 479 1503 aliquanti
501 1433 589 1488 etiam
613 1435 721 1489 affuere
747 1435 782 1489 dc
810 1436 891 1490 ltalia
918 1439 947 1489 et
1000 1435 1047 1484 tus
1060 1430 1147 1484 rastri
1163 1429 1259 1498 serrata¹
1271 1429 1411 1483 vestitura
1423 1429 1466 1483 illi
1481 1429 1696 1503 redintegretur
1719 1434 1749 1484 et
1773 1429 1853 1484 roho·

93 1522 209 1588 Toscia;
226 1519 377 1575 dcuostris
400 1520 729 1593 qnoqueSigelridns⁹¹
747 1522 945 1595 augustensis,
1000 1524 1120 1573 retur.»
1148 1516 1387 1588 sapientissimus
1413 1533 1489 1588 papa
1516 1517 1618 1572 dixit:
1646 1539 1657 1568 ι
1685 1517 1749 1574 Fiet
1777 1520 1856 1589 juxte

94 1608 244 1666 heinricus
268 1607 517 1679 wirciburgensis,
545 1611 628 1682 lingo
652 1610 740 1665 etiam
756 1610 857 1680 junior
876 1609 943 1665 Citi·
1000 1607 1136 1679 placitum
1150 1604 1272 1661 uestri.»
1289 1607 1322 1661 Et
1336 1605 1454 1662 tradidit
1468 1605 1710 1678 illiapcstolicam
1722 1606 1854 1669 ferulam,

94 1698 199 1764 censis;
216 1695 391 1768 presidente
406 1697 513 1752 domno
536 1698 674 1754 Gerberto
698 1699 856 1769 apostolico
879 1714 943 1752 cum
998 1695 1095 1751 dicens
1110 1711 1117 1752 :
1132 1715 1146 1744 u
1161 1693 1462 1750 Gandencsheimense
1489 1695 1650 1751 coenohinm
1673 1711 1744 1750 cum
1774 1694 1850 1765 adja-

93 1787 270 1858 imperatore
281 1784 311 1838 in
327 1784 425 1854 palare
444 1783 469 1820 ⁹⁸
484 1788 540 1858 (39)
553 1788 581 1841 in
597 1786 725 1842 ecclesia
748 1785 837 1841 sancti
858 1786 943 1842 Seba-
999 1782 1219 1840 centihusvillis
1246 1788 1276 1838 et
1303 1783 1435 1839 torminis
1463 1788 1512 1838 tuo
1536 1783 1597 1855 juri
1626 1782 1798 1854 redintegro
1830 1787 1857 1837 et

95 1874 181 1930 atiani
205 1872 341 1938 martiris,
384 1880 526 1944 praesente
555 1875 757 1930 nichilominus
792 1874 946 1946 singularis
998 1873 1166 1938 corroboro,
1183 1875 1213 1926 et
1229 1871 1387 1942 apostolica
1426 1877 1588 1927 sanctornm
1613 1871 1692 1927 Petri
1712 1875 1743 1926 et
1776 1872 1856 1927 Pauli

95 1961 266 2020 meritiriro
282 1961 389 2017 domno
414 1963 545 2018 Heinrico
560 1963 671 2020 ⁹⁴duce
703 1963 884 2035 pacatissimo
917 1966 947 2017 et
999 1960 1166 2016 auctoritato
1191 1958 1345 2026 interdico,
1362 1975 1398 2013 na
1425 1959 1529 2032 aliquis
1541 1959 1605 2027 tibi,
1634 1959 1693 2014 nisi
1708 1965 1853 2031 qnantum

95 2050 259 2115 abhatibus,
276 2051 436 2105 astantibus
464 2069 579 2124 quoque
605 2052 769 2125 presbiteris
798 2056 828 2106 et
847 2052 945 2107 diaco·
998 2064 1122 2104 canones
1141 2046 1323 2118 permittunt.
1345 2047 1475 2102 obsistat.
1502 2068 1513 2096 ι
1535 2047 1583 2102 llis
1604 2047 1697 2101 linitis
1725 2047 1853 2102 domnus

96 2139 181 2194 nibus
197 2136 335 2208 omnique
352 2139 481 2195 ltonzana
501 2141 651 2212 dignitate.
670 2142 700 2196 ln
722 2141 816 2196 fronte
848 2139 946 2212 itaque
999 2133 1263 2209 apostolicus,quid
1287 2134 1451 2191 faciendum
1482 2139 1565 2203 esset,
1578 2135 1738 2190 concilium
1758 2135 1856 2207 requi·

97 2226 546 2297 actionispostevangelialecta
565 2229 740 2300 etquaedam
767 2231 882 2284 Patrnm
900 2244 945 2282 ca·
1000 2225 1078 2280 sivit.
1113 2225 1291 2294 Responsum
1328 2226 1380 2284 est,
1410 2223 1436 2278 si
1465 2224 1593 2294 utrisque
1621 2223 1812 2295 principibus
1829 2223 1856 2278 id

97 2316 199 2389 pitulo,
214 2312 414 2371 benedictione
442 2317 509 2371 data
536 2334 601 2373 curn
629 2316 835 2383 consedissent,
872 2317 947 2372 iacto
1001 2313 1160 2381 conveniat,
1206 2311 1320 2381 scriptis
1362 2311 1611 2383 archiepiscopum
1647 2311 1857 2377 incusandum,

96 2404 211 2459 silentio
235 2402 572 2478 venerabilisepiscopus
606 2406 790 2461 Bernnardns
819 2405 855 2460 de
884 2406 946 2460 loco
1001 2402 1080 2475 qnod
1098 2407 1157 2457 tam
1183 2400 1277 2455 audax
1312 2400 1472 2473 inceptum,
1497 2400 1654 2456 canonibus
1679 2402 1857 2473 Patrumque

98 2491 233 2547 sessionis
247 2505 307 2544 suae
327 2491 470 2548 modicum
503 2510 682 2564 progressus,
711 2493 860 2549 humiliter
880 2510 949 2564 apo·
1002 2489 1366 2559 reguliscontrarium,uir
1395 2506 1516 2546 summae
1544 2490 1695 2563 gravitatis
1734 2494 1857 2562 attemp-

99 2579 200 2636 stolico
215 2582 244 2633 st
256 2577 424 2649 imperatori
436 2585 464 2637 et
478 2581 586 2638 domno
602 2582 736 2640 lleinrico
764 2581 831 2636 duci
858 2581 948 2636 omni·
1002 2584 1088 2645 taret;
1118 2577 1263 2648 simulque
1280 2582 1311 2631 ut
1333 2577 1527 2649 inposterum
1550 2579 1630 2633 atati
1658 2579 1858 2634 controversia

99 2667 278 2739 quesynodo
303 2683 418 2723 causam
434 2686 493 2724 sum
507 2671 643 2726 aecclesiae
673 2670 790 2726 elimato
815 2685 948 2725 sermone
1002 2666 1127 2735 desistat,
1144 2665 1321 2735 necaliqnid
1348 2682 1378 2721 se
1406 2666 1589 2728 intromittat,
1622 2665 1681 2721 nisi
1720 2665 1858 2721 canardos

100 2755 226 2827 exponit.
265 2755 381 2813 Cunctis
406 2757 504 2830 itaque
532 2760 594 2830 ejus
622 2765 726 2832 questu
756 2758 945 2830 compunctis,
1002 2755 1177 2826 emancipat3
1205 2754 1349 2824 synodum
1372 2771 1488 2827 qnoque
1511 2754 1654 2826 episcopis
1681 2770 1738 2825 per
1776 2755 1857 2812 Saso·

99 2844 328 2915 sapientissimus
351 2860 426 2917 papa
451 2847 636 2919 interrogarit
659 2848 824 2914 concilium,
850 2847 874 2900 si
902 2863 947 2917 sy·
1002 2841 1188 2909 niamindici,
1206 2841 1344 2898 ricarium
1361 2843 1565 2899 nichilominus
1597 2859 1630 2897 ex
1659 2843 1856 2912 partedomni

99 2931 396 2987 nndnshabendaral
421 2935 546 2988 vocanda
568 2940 653 3000 esset,
685 2950 773 3007 quam
801 2933 945 3004 archiepi-
961 2940 981 2996 c
1000 2932 1149 3006 apostolici
1163 2931 1311 2999 destinari,
1327 2931 1378 3003 qui
1391 2933 1501 3005 synodo
1530 2931 1691 3003 presideat.
1724 2933 1854 3005 Comple-

100 3034 276 3089 scopnscum
288 3020 347 3074 snis
357 3037 428 3092 qnos
453 3021 610 3078 adduxerat
626 3024 797 3095 collegisset,
835 3022 866 3076 in
892 3037 946 3075 oec·
1002 3023 1090 3078 citum
1112 3027 1168 3085 est:
1184 3022 1263 3076 locus
1278 3021 1382 3076 Palithi
1408 3021 1547 3077 habende
1558 3020 1662 3092 synodi
1676 3021 1852 3091 disponitur,

102 3106 188 3162 clesia
218 3107 255 3162 ab
279 3108 608 3165 hildenesheimensibus
622 3111 762 3183 episcopis
776 3108 801 3144 ⁹⁸
835 3124 949 3180 semper
1002 3112 1063 3166 dies
1101 3126 1129 3164 xr
1155 3109 1298 3164 Kalendas
1340 3109 1411 3164 Julii
1445 3109 1643 3177 denunciatur,
1677 3109 1853 3167 Frithericus

101 3209 240 3266 possessa,
270 3196 415 3266 praecipue
443 3212 509 3250 cum
537 3197 688 3269 episcopus
713 3196 837 3253 deluerit
859 3201 889 3252 et
912 3196 948 3251 ed
1002 3198 1155 3255 cardinalis
1167 3198 1311 3269 presbiter
1337 3203 1444 3253 sanctae
1458 3201 1592 3255 Romana
1613 3197 1766 3265 aecclesiae,
1792 3199 1853 3269 post

102 3284 263 3338 itomanam
283 3282 446 3354 sedempro
475 3284 582 3339 eisdem
604 3286 696 3341 causis
714 3284 889 3356 contugerit:
906 3286 947 3340 rei
1001 3287 1117 3359 quidem
1131 3288 1274 3342 itarennae
1294 3286 1535 3358 archiepiscopus,
1560 3286 1631 3342 Saxo
1660 3301 1784 3356 genere,
1809 3285 1851 3356 ju·

101 3386 160 3441 qno
190 3371 306 3426 nomine
335 3373 392 3427 tale
432 3373 664 3429 conventiculum
693 3373 876 3428 vocitandum
901 3373 947 3427 sit.
1002 3376 1178 3430 venissetate
1206 3373 1258 3429 sed
1286 3373 1383 3428 senior
1408 3389 1522 3428 morum
1547 3373 1703 3444 probitate,
1731 3372 1852 3429 vicarius

101 3459 237 3515 Sanctum
252 3460 403 3515 consilium
415 3476 556 3517 secessum
570 3463 652 3533 petit,
670 3467 702 3517 nt
717 3461 854 3518 secretius
868 3462 950 3527 {inter
1001 3463 1101 3519 domui
1116 3460 1266 3533 apostolici
1280 3460 1396 3533 eligitur
1406 3467 1493 3533 atque
1514 3461 1659 3533 dirigitur,
1688 3461 1851 3533 apostolicis

103 3547 183 3602 sede
196 3547 427 3621 bisconqnirant.
438 3549 519 3616 Quod
530 3548 554 3587 ⁹⁸
564 3551 709 3623 piissimus
720 3549 947 3623 papattannnit.
1001 3550 1175 3622 paramentis
1204 3553 1290 3619 atque
1323 3548 1456 3619 insigniis
1486 3564 1544 3604 nnn
1577 3548 1676 3603 minus
1700 3548 1850 3614 inlulatns,

102 3636 272 3708 Egressique
287 3642 355 3693 sunt
370 3638 423 3693 soli
433 3639 556 3695 Romani
567 3639 703 3711 episcopi,
717 3644 746 3694 et
765 3639 947 3712 postmodum
1003 3655 1089 3711 quam
1104 3638 1129 3692 si
1141 3637 1202 3709 ipse
1217 3652 1293 3708 papa
1307 3635 1445 3707 procedat
1456 3634 1491 3690 ⁹⁹.

101 3724 270 3798 introgressi
283 3743 348 3782 cum
364 3728 469 3783 iterum
488 3729 695 3795 consedissent,
720 3727 950 3800 sapientissimus
1038 3726 1074 3765 ¹⁰⁰
1087 3730 1132 3782 23.
1149 3726 1207 3780 lllis
1217 3724 1323 3797 qnippe
1334 3723 1436 3779 diebus
1451 3724 1576 3780 domnus
1590 3723 1756 3794 imperator
1767 3723 1849 3795 'lybs

96 3829 176 3886 popa
192 3813 263 3869 dixit
278 3832 285 3870 :
302 3837 317 3864 α
328 3814 402 3881 Quin
412 3816 526 3871 sancitis
537 3817 649 3881 iratres,
660 3816 694 3871 de
705 3815 838 3889 synodal
851 3836 865 3865 »
881 3815 950 3871 San·
1003 3815 1096 3870 riuum
1105 3814 1248 3870 civitatem
1262 3812 1317 3884 (to)
1328 3816 1405 3866 arcta
1419 3811 1566 3867 obsidione
1580 3810 1850 3866 vallavithiachiuis

103 3905 181 3954 ctum
194 3902 347 3956 concilium
358 3903 508 3974 respondit
527 3920 534 3958 ε
553 3924 567 3952 «
583 3905 613 3958 ln
630 3902 723 3957 aliena
737 3902 865 3957 :ecclesia
877 3902 951 3957 atah
1003 3907 1143 3959 autemst
1166 3900 1311 3974 plerisque
1337 3900 1536 3955 instrumentis
1550 3915 1583 3954 ac
1605 3899 1857 3971 expugnationem

103 3988 167 4043 aliis
183 3990 363 4060 possessanil
382 3990 457 4062 juris
476 3990 592 4059 babuit3
623 4005 716 4060 nequa
748 3988 882 4043 canonice
909 3989 950 4043 ibi
1003 3991 1131 4063 praesidii
1145 3989 1263 4062 paratis,
1294 3987 1376 4042 lossis
1404 3987 1494 4044 etiam
1519 3987 1601 4042 mirre
1630 3986 1852 4058 magnitudinis.

103 4079 243 4147 synodum
257 4078 419 4134 habereaot
432 4079 540 4150 aliquid
555 4077 729 4133 constituere
742 4076 951 4132 sineconsensu
1004 4081 1296 4150 ntaqnamameatu
1326 4075 1512 4140 deducerent,
1537 4090 1601 4129 cum
1630 4090 1773 4146 magnam
1804 4073 1856 4129 rire

104 4164 212 4235 proprii
227 4166 353 4238 episcopi
367 4166 471 4237 potnit,
500 4182 553 4221 nec
568 4164 744 4220 omnimodis
761 4164 889 4234 synodus
903 4180 949 4220 ce·
1005 4167 1114 4224 civibus
1125 4168 1301 4238 ingererent,
1316 4181 1369 4220 nec
1391 4165 1427 4220 ed
1455 4164 1631 4220 deditionem
1655 4178 1764 4235 cogere
1793 4179 1859 4234 pos·

105 4252 209 4306 nonice
230 4252 286 4307 dici
312 4255 426 4325 poterit.
458 4274 469 4304 ι
498 4252 731 4325 sapientissimus
755 4268 830 4325 papa
857 4252 950 4308 dixit:
1009 4261 1083 4324 sant,
1115 4255 1273 4326 imperator
1297 4252 1444 4308 inritatur.
1481 4254 1537 4308 Nec
1565 4267 1657 4317 mora,
1687 4250 1772 4306 adest
1795 4266 1858 4306 cum

108 4340 281 4411 -ttrgoquo
296 4340 414 4396 nomine
437 4341 492 4398 rite
519 4340 614 4398 uocari
640 4341 753 4412 potest?
782 4362 793 4389 »
817 4341 953 4397 Sanctum
1009 4343 1166 4413 apostolico
1194 4345 1223 4397 et
1240 4340 1398 4396 venerabili
1416 4339 1550 4412 episcope
1567 4339 1753 4395 bernwardo.
1779 4341 1860 4395 Gum-

105 4427 259 4483 concilium
269 4431 417 4501 respondit
427 4447 435 4486 ι
446 4453 455 4479 ι
468 4430 739 4487 Scismaconcilians
759 4429 952 4486 discordias.»
1009 4447 1065 4502 que
1079 4436 1112 4487 nt
1125 4432 1156 4486 in
1166 4430 1272 4486 talibus
1286 4430 1328 4496 llt,
1358 4429 1408 4485 alii
1434 4445 1539 4502 augere
1561 4427 1744 4484 obsidionem
1760 4428 1860 4485 suade·

108 4514 343 4585 sapientissimus
356 4535 432 4591 papa
446 4519 517 4575 dixit
546 4538 585 4574 :u
613 4518 780 4590 Abjicienda
803 4523 870 4573 sunt
888 4536 953 4591 qnae
1008 4525 1082 4587 rent,
1109 4519 1158 4573 alii
1182 4518 1319 4573 diuturno
1344 4533 1377 4572 ec
1400 4515 1501 4587 grandi
1536 4515 1633 4571 labore
1681 4532 1790 4586 parum
1832 4531 1861 4571 ss

106 4601 146 4658 ibi
179 4609 258 4676 gesta
283 4610 369 4663 sunt?
402 4629 413 4656 »
439 4609 574 4664 Sanctum
603 4606 757 4663 concilium
780 4607 951 4677 respondit:
1007 4606 1161 4677 proiecisse
1182 4607 1321 4674 dicerent,
1340 4605 1449 4660 bonnm
1472 4604 1571 4670 videri,
1602 4609 1719 4660 tantum
1740 4610 1772 4659 ut
1797 4620 1862 4660 cnm

108 4713 123 4740 e
138 4691 282 4749 Canonica
300 4696 468 4752 auctoritate
483 4702 512 4752 et
533 4701 696 4752 sanctorum
711 4698 828 4751 Patrnm
860 4699 953 4750 exter·
1007 4695 1187 4762 honoreilat,
1202 4693 1640 4765 obsidionemsolri,imperator
1655 4692 1862 4748 Bernnardnrn

108 4780 246 4838 minanda
260 4789 336 4854 sunt,
356 4802 421 4858 quae
439 4785 480 4841 ibi
495 4785 649 4841 adinventa
664 4786 707 4840 rel
722 4788 828 4839 statute
842 4788 951 4838 sunt.»
1007 4785 1161 4857 presulem
1189 4800 1319 4839 seorsum
1342 4782 1497 4850 abducens,
1531 4781 1602 4854 qnid
1629 4788 1697 4854 agat
1726 4781 1863 4847 consulit,

821 4944 940 5000 VARIAE
967 4944 1165 5001 tentiones.

143 5068 374 5139 ⁹0i.scientesp
399 5069 458 5123 3-5.
496 5064 789 5122 ”haereremus-e.
827 5064 1227 5138 ”sifriduslsigilridust
1264 5063 1289 5102 ’ὅ
1309 5065 1340 5122 in
1361 5083 1391 5139 p.
1405 5067 1502 5122 desunt
1517 5069 1544 5120 t.
1583 5061 1655 5121 ⁹tii.
1683 5067 1712 5119 2.
1752 5063 1866 5120 ⁹⁸deest

111 5144 136 5196 l.
173 5140 198 5178 ⁹⁰
212 5142 287 5198 deest
300 5144 326 5195 t.
365 5137 389 5174 ⁹⁷
401 5155 429 5209 p.
442 5138 534 5192 libens
549 5154 574 5191 a.
587 5140 648 5193 3-5.
689 5138 840 5209 episcopus
855 5143 882 5195 l.
923 5136 986 5194 ml.
1024 5135 1078 5193 ”i
1093 5137 1451 5210 procedatapostolienst.
1491 5134 1678 5205 ¹⁰⁰sequentio
1687 5136 1867 5205 usqucsson-

109 5216 253 5265 renerunt
266 5213 366 5280 capitis
375 5213 423 5277 28,
437 5210 514 5264 nullo
525 5207 766 5274 tocnnnindicoto,
783 5209 878 5264 desunt
893 5213 919 5262 t.

926 5310 1041 5367 NOTAE.

146 5405 203 5473 (39)
221 5406 368 5528 depastico
388 5405 460 5461 torte
486 5411 515 5462 et
537 5405 706 5462 saltitatorio
745 5406 789 5460 vel
816 5405 955 5462 locutorio
1046 5405 1100 5474 (40)
1115 5403 1214 5461 Tivoli.

116 5476 244 5532 Beonan.
280 5472 797 5546 nlgoPartstorinmrocentbneura.
