3878 6112
149 231 217 284 tota
688 224 889 283 abacelam
912 224 1175 282 wouttacmttsts
1195 223 1359 280 EPISCDPI.
1390 253 1398 268 .
1830 226 1897 278 tatto

142 351 226 416 mitit,
243 356 271 404 et
297 365 346 404 car
372 364 456 404 suum
485 347 520 403 ad
546 346 713 418 snperbiam
738 347 867 402 elevavit.
887 347 1028 417 Angetilt
1047 347 1139 418 ptaris
1154 346 1259 400 sanctis
1274 362 1326 417 pro
1343 346 1529 416 Deaangelus
1547 345 1687 415 ponitur:
1713 362 1773 400 uon
1804 348 1897 413 Pater,

144 456 258 509 semper
272 440 302 494 in
319 441 376 494 Deo
389 439 525 510 gaudent,
543 453 600 491 noa
623 436 653 490 iu
668 452 708 490 se.
734 437 822 491 llalas
845 452 911 490 vera
927 436 993 491 inde
1048 450 1105 489 non
1119 434 1241 505 Spiritus
1256 441 1381 499 sanctas,
1399 435 1447 489 sed
1475 451 1528 504 pro
1555 434 1766 488 incarnationis
1789 433 1899 504 dispen-

143 528 342 589 estdiabolus‚
358 527 501 598 quintina
523 541 587 596 quas
617 524 679 594 Dei,
699 525 746 579 sed
764 541 829 596 qum
856 541 908 579 sua
927 528 994 579 sunt
1048 523 1356 578 sationesolusFilius
1375 523 1556 593 intelligiter.
1576 528 1648 576 Ante
1677 522 1837 576 Dominicae
1857 522 1900 575 in·

144 615 304 687 requisivit.
322 616 405 670 Nulla
431 620 527 668 autem
552 614 644 684 major
667 612 910 684 iniquitasquam
934 629 993 667 nan
1047 610 1221 667 carnationis
1254 612 1418 674 adventum,
1449 610 1590 665 discordia
1611 611 1688 664 inter
1722 610 1846 681 angelos
1873 614 1899 663 et

146 705 176 758 ia
194 705 328 772 Deo,sed
350 704 380 758 in
401 720 431 757 se
451 702 521 757 velte
544 702 711 774 quempiam
731 701 858 772 gloriari.
891 700 994 773 angeli
1047 700 1256 755 hominesluit.
1285 699 1406 753 Veniens
1426 704 1521 753 autem
1537 698 1674 767 Christus,
1701 715 1806 770 pacem
1826 699 1899 752 inse

145 809 212 848 vero
226 793 276 848 Dei
292 797 469 863 cognoscunt
480 791 578 845 omnia
591 795 747 862 antequam
764 790 793 844 ia
811 807 841 844 re
865 789 934 845 baut
947 806 953 844 ε
966 793 994 844 et
1048 788 1158 859 angelis
1171 795 1199 843 et
1214 788 1380 843 haminibus
1404 788 1479 842 tecit.
1500 789 1537 843 Ea
1562 788 1670 859 quippe
1693 794 1773 853 nato,
1796 787 1899 841 clama-

146 898 210 953 quae
227 881 303 951 apud
319 880 451 935 homines
478 880 572 934 adbuc
588 881 683 934 lutrtra
705 883 783 947 sunt,
804 878 899 950 angeli
931 879 993 948 jam
1048 883 1150 931 verunt
1169 878 1262 948 angeli
1289 877 1318 931 in
1345 883 1442 931 terra:
1474 879 1528 930 Pax
1544 878 1710 931 homiuibus
1738 876 1827 930 bonae
1854 891 1899 930 vo·

145 971 357 1026 revelanteDeo
374 965 890 1038 naverunt.Prmvaricatoresaugali,
907 967 993 1020 etiam
1047 965 1174 1020 luntatis.
1192 967 1245 1019 Per
1258 967 1484 1020 incarnationem
1512 966 1600 1037 igitur
1628 964 1748 1028 Christi,
1774 981 1835 1017 nou
1856 980 1896 1017 so·

146 1060 294 1112 sanctitate
322 1058 437 1124 amissa,
467 1073 524 1110 nan
552 1062 649 1110 tamen
686 1055 835 1110 amiserint
866 1054 993 1110 vivacem
1047 1055 1106 1109 lum
1124 1057 1181 1110 Deo
1198 1056 1451 1109 reconciliatasest
1476 1054 1586 1109 bonta:
1614 1071 1715 1106 varam
1743 1053 1897 1122 etiampex

146 1146 432 1216 creaturaeangelicae
449 1161 573 1199 sensum.
588 1144 701 1215 Triplici
717 1143 794 1198 enim
816 1143 899 1199 modo
918 1159 992 1214 pree·
1047 1142 1255 1214 interangelos
1279 1149 1308 1197 et
1333 1143 1464 1196 homines
1485 1143 1638 1196 reformata
1669 1148 1724 1195 est.
1759 1142 1898 1197 Discordia

146 1234 274 1290 scientim
287 1234 419 1288 acumine
446 1233 552 1303 vigent,
569 1233 598 1286 id
613 1237 666 1299 est,
691 1232 846 1287 subtilitate
872 1236 991 1300 naturae,
1046 1231 1135 1304 igitar
1149 1239 1215 1287 aute
1228 1233 1382 1296 adverrtum
1393 1230 1496 1286 Christi
1512 1234 1682 1303 angelorum
1698 1237 1729 1284 et
1751 1230 1897 1284 hominum

146 1323 321 1395 experientia
341 1327 517 1392 temporum,
539 1322 711 1376 revelatione
733 1321 914 1392 superiorum
940 1335 992 1390 po·
1047 1321 1134 1376 fuisse
1149 1337 1201 1391 per
1224 1322 1252 1376 id
1269 1322 1391 1376 maxime
1420 1321 1593 1391 agnoscitur,
1626 1320 1705 1392 qaod
1731 1319 1850 1374 salutati
1870 1319 1897 1373 ia

145 1417 292 1467 testatum.
327 1411 444 1476 Quoties
474 1411 548 1464 Deus
589 1424 761 1481 quoeunque
786 1408 899 1479 flagello
925 1408 993 1463 huie
1047 1409 1142 1463 Veteri
1156 1411 1334 1464 Testamenta
1355 1410 1391 1463 ab
1415 1408 1578 1464 hominibus
1599 1408 1708 1480 angeli,
1740 1407 1896 1478 despiciunt

144 1500 254 1555 munda
271 1499 412 1566 irascitur,
431 1498 466 1551 ad
491 1497 681 1551 ministerium
703 1497 835 1551 vindictae
855 1502 992 1567 apostatae
1047 1498 1197 1552 resalutari
1212 1499 1247 1552 ab
1262 1498 1311 1552 eis.
1327 1497 1407 1562 Quod
1433 1499 1460 1550 iu
1473 1499 1551 1551 Novo
1573 1498 1761 1552 Testamenta
1781 1512 1798 1551 a
1816 1497 1896 1550 loan-

145 1588 241 1658 aageli
257 1588 412 1641 mittuntur
427 1605 435 1639 s
451 1585 502 1656 qni
517 1591 612 1639 tamen
633 1584 729 1638 divina
751 1589 888 1654 potestate
911 1600 991 1638 caer·
1048 1601 1084 1639 ae
1101 1583 1218 1654 iactum,
1244 1601 1301 1640 nou
1327 1587 1419 1639 salum
1445 1590 1610 1638 reverenter
1625 1585 1750 1654 angelus
1773 1584 1897 1653 suscipit,

146 1681 310 1740 centenno
330 1675 589 1738 tautumuoceaut,
611 1671 897 1742 quantumcupiunt.
925 1671 993 1727 Doni
1048 1674 1243 1728 verumetiam
1274 1689 1309 1728 nc
1339 1673 1423 1728 iaciat
1443 1673 1597 1727 interdicit.
1619 1673 1661 1726 Ab
1691 1673 1748 1726 hac
1774 1672 1897 1726 homain

147 1769 243 1816 autam
259 1761 354 1831 angeli
369 1761 403 1815 ad
418 1761 609 1814 ministerium
630 1760 730 1814 salutis
744 1761 878 1814 humanas
901 1761 994 1832 depn-
1047 1762 1142 1817 Veteri
1171 1763 1353 1816 Testamenta
1387 1762 1551 1831 despicitur,
1576 1777 1628 1815 nec
1658 1761 1839 1815 resalutatur
1864 1759 1896 1814 ab

146 1849 198 1903 tati
215 1855 447 1915 sunt;utcuras
478 1849 680 1902 administrent
699 1848 812 1916 mundi,
838 1851 865 1902 ct
893 1854 994 1919 regant
1048 1851 1161 1922 angelo,
1177 1850 1301 1920 eoquod
1320 1850 1407 1904 hama
1427 1849 1520 1904 adbuc
1548 1849 1675 1903 noudum
1708 1848 1896 1902 transissetia

146 1937 242 1991 amnia
254 1938 334 2007 jussu
353 1936 412 2004 Dei,
429 1941 550 1990 testante
574 1937 734 2006 apostata:
761 1937 858 1991 Nonne
883 1953 992 2005 orrtnes,
1049 1941 1115 1994 Deo.
1140 1938 1299 2009 Susciprtur
1323 1943 1418 1992 autern
1443 1938 1528 1992 homa
1548 1939 1649 2004 aDeo,
1676 1941 1708 1991 et
1736 1942 1896 1992 reverenter

145 2022 250 2094 iuquit,
266 2030 331 2077 suut
347 2022 582 2078 administratorii
599 2023 726 2092 spiritus,
744 2022 774 2076 iu
801 2022 995 2079 ministerium
1048 2028 1188 2082 salutatur
1203 2027 1237 2081 ab
1250 2029 1363 2099 angelo.
1381 2027 1449 2081 Nam
1475 2032 1503 2081 et
1517 2027 1631 2082 blaviam
1648 2027 1773 2096 angelus
1794 2023 1894 2096 legitur

145 2112 236 2178 missi,
255 2117 435 2181 proptereos
451 2111 711 2181 quibaereditalem
736 2111 853 2182 eripiunt
877 2113 995 2166 salutis?
1048 2118 1196 2184 salutasse,
1226 2122 1255 2170 et
1277 2117 1381 2171 loanni
1405 2117 1540 2186 angelum
1561 2117 1711 2181 salutanti,
1737 2115 1773 2168 ab
1797 2113 1893 2169 eodem

145 2200 248 2272 angeli
266 2217 385 2271 corpora
400 2199 543 2270 inquibus
567 2199 888 2271 laominvbusapparent
906 2201 993 2254 insu·
1048 2206 1149 2275 angelo
1174 2206 1302 2259 dicitur:
1329 2205 1397 2259 tide
1424 2221 1459 2258 ne
1483 2203 1593 2269 feceris,
1631 2219 1791 2258 conversus
1821 2201 1891 2256 enim

145 2306 236 2361 perna
247 2306 313 2344 aere
326 2294 454 2353 sumunt,
465 2287 645 2358 solidamque
657 2288 995 2358 speciemexcoelestiele·
1048 2297 1114 2347 tuus
1129 2309 1204 2358 sum,
1218 2299 1247 2346 et
1260 2293 1379 2347 fratrum
1396 2299 1524 2346 tuarum.
1542 2293 1594 2346 Per
1608 2293 1689 2362 quod
1720 2291 1891 2362 agnoscitur,

145 2383 244 2432 menta
260 2377 408 2443 inducunt,
423 2392 474 2448 per
489 2392 575 2447 quam
590 2377 726 2430 humanis
740 2377 887 2431 obtutibus
902 2377 994 2432 maai·
1047 2397 1100 2450 per
1129 2381 1354 2436 incarnationem
1384 2381 1573 2447 Dominicam,
1593 2396 1697 2451 pacem
1732 2379 1892 2435 bominibus

144 2466 244 2522 festius
257 2466 501 2520 demonstrentur.
513 2465 748 2535 Singulmgeutes
765 2466 932 2536 prepositos
943 2482 994 2520 au·
1047 2471 1146 2536 fuisse,
1162 2476 1190 2524 at
1202 2470 1321 2540 angelis,
1338 2469 1490 2524 redditam.

146 2553 344 2624 geloshabere
366 2553 533 2621 creduntur,
550 2554 626 2624 quad
650 2554 810 2608 ostenditur
827 2553 993 2609 testimonio
1047 2578 1111 2633 CM,
1138 2577 1189 2631 LV·
1219 2605 1254 2615 ,,
1282 2575 1360 2640 Quod
1389 2577 1682 2644 ,upmwmmoe-,gum
1708 2580 1892 2643 ΗΜΛ

145 2642 240 2712 angeli
253 2642 364 2697 Danieli
382 2642 540 2712 loquentis:
554 2641 621 2712 Ego,
631 2641 735 2713 inquit,
747 2642 821 2710 veui,
834 2648 865 2695 ut
875 2642 993 2696 naucia-
1299 2649 1392 2714 divitus
1407 2650 1451 2711 sit,
1464 2655 1488 2700 et
1501 2645 1638 2716 infinitus.

69 2758 75 2770 .
145 2746 204 2785 rem
223 2730 284 2796 tibi,
302 2730 350 2783 sed
365 2729 594 2800 princepsregni
618 2732 769 2783 Persarum
784 2730 889 2784 restitit
911 2731 991 2785 mibi.
1083 2735 1173 2805 (Grep.
1203 2737 1232 2788 in
1259 2737 1316 2789 aab
1344 2735 1453 2804 Darat.)
1482 2735 1678 2806 supernorum
1711 2734 1820 2789 civium
1843 2751 1892 2789 nu·

144 2819 347 2889 Etpastatia:
367 2819 486 2872 Noncst
507 2819 556 2888 qui
574 2834 618 2872 me
639 2819 763 2888 adjuvet,
798 2817 854 2872 uisi
876 2818 992 2874 llichael
1048 2838 1144 2876 merus
1169 2827 1198 2875 et
1226 2821 1353 2874 intinitns
1377 2825 1405 2874 et
1427 2821 1564 2875 delinitus
1591 2821 1778 2892 exprimitur,
1804 2822 1891 2893 utqui

145 2916 392 2980 princepsvester.
409 2909 478 2962 Item
495 2911 741 2963 ornaestrnmines
758 2910 874 2980 angelos
904 2911 990 2965 baba·
1010 2913 1030 2968 C
1050 2912 1107 2966 Deo
1128 2917 1171 2964 est
1196 2909 1394 2974 numerabilis,
1418 2924 1478 2964 esse
1503 2909 1585 2963 nabis
1613 2909 1891 2966 innumerabilisde·

145 3015 176 3053 re
205 2997 373 3068 probantur,
409 2999 543 3067 loquente
573 2999 692 3051 Domina
736 2998 766 3051 in
794 2999 947 3068 Evangelio
981 3015 988 3054 :

144 3091 235 3141 Arnen
249 3087 312 3139 dieo
328 3086 407 3138 vobis
423 3101 429 3138 :
447 3085 515 3155 quia
530 3084 624 3154 augeli
639 3101 740 3140 eornm
757 3101 870 3156 semper
894 3087 992 3141 vident

145 3176 245 3231 latriam
264 3173 354 3226 l'atris
377 3173 444 3240 mei,
465 3173 513 3242 qui
529 3174 558 3225 iu
573 3174 650 3227 coelis
670 3178 720 3227 est.
746 3173 823 3229 Unde
847 3179 876 3228 el
893 3175 991 3228 Petrus

77 3297 79 3300 <
146 3263 174 3315 in
203 3263 320 3316 Actibus
359 3261 567 3329 apostolorum,
597 3276 662 3313 cum
688 3262 835 3331 pulsarent
860 3264 989 3331 januaria,

146 3350 278 3405 dixerunt
292 3347 369 3400 intus
385 3347 529 3417 apostati:
552 3348 613 3401 Nou
625 3353 669 3401 est
684 3350 794 3415 Petrus,
820 3351 870 3404 sed
893 3355 991 3421 Auge-

144 3440 189 3492 lus
204 3437 266 3508 ejus
285 3441 336 3490 est.
353 3436 381 3491 Si
399 3438 487 3490 Deum
508 3437 602 3507 angeli
623 3443 804 3506 contuentur,
830 3444 858 3493 et
881 3441 989 3508 videat,

144 3542 194 3582 cnr
213 3528 313 3581 Petrus
327 3527 473 3596 apostolus
496 3525 564 3580 dicit
584 3541 591 3579 :
609 3526 641 3580 ln
664 3542 750 3597 quem
765 3527 928 3584 desiderant
941 3545 991 3583 au-

144 3616 200 3687 geri
216 3614 462 3685 Deicanscipeve‘l
487 3615 558 3669 ltam
584 3613 608 3668 si
633 3631 699 3669 eum
731 3631 790 3671 uon
817 3623 990 3672 contuentur

143 3721 195 3759 uec
215 3705 321 3769 vident,
336 3704 480 3775 quomodo
494 3707 576 3774 juxta
592 3705 763 3759 senteutiam
786 3706 922 3760 Domini:
938 3709 991 3761 Aa·

143 3795 201 3864 geti
216 3809 316 3847 aarum
328 3809 441 3863 semper
453 3792 552 3846 vident
569 3793 669 3846 taciem
700 3793 789 3847 Patris
815 3794 872 3848 mei
896 3794 946 3864 qui
960 3794 989 3849 in

142 3883 222 3937 coetis
246 3882 310 3936 est‘l
339 3883 389 3936 sad
408 3882 480 3935 bene
506 3885 727 3952 utrumqueest.
755 3883 826 3936 Nam
851 3883 990 3938 veraciter

143 3970 285 4025 credimus
302 3970 379 4040 quod
392 3970 480 4023 Deum
497 3970 602 4039 angeli,
625 3969 770 4037 etvident,
791 3974 819 4023 et
831 3970 925 4025 videre
936 3971 990 4026 de-

143 4059 271 4114 siderant
288 4074 294 4111 :
312 4064 338 4111 et
351 4057 464 4125 habent,
484 4063 513 4110 et
527 4057 632 4112 habere
653 4057 813 4111 festinant:
833 4063 861 4112 et
880 4064 989 4129 autaut,

142 4155 171 4201 et
186 4163 283 4201 amare
299 4146 440 4200 nituntur.
457 4145 485 4200 Si
502 4144 579 4200 anim
597 4145 637 4199 sic
650 4145 746 4199 videre
769 4146 932 4202 desiderant
959 4153 989 4204 ut

142 4235 245 4289 ellectu
270 4234 403 4287 desiderii
430 4249 487 4285 non
515 4234 709 4303 pertruantur,
738 4233 910 4290 desi·.terium
935 4237 989 4291 hoc

143 4322 340 4377 necessitatem
355 4322 451 4387 natet,
468 4325 495 4374 et
523 4322 676 4375 necessitas
708 4323 763 4376 ista
786 4324 906 4392 poeualis
933 4330 986 4378 est.

142 4411 197 4466 sed
212 4411 302 4464 beatis
315 4409 424 4479 angelis
440 4409 533 4463 omnis
548 4425 632 4479 poeua
648 4409 732 4480 lange
749 4418 792 4465 est
807 4426 814 4466 ε
830 4413 896 4482 quia
913 4428 987 4466 nuu-

142 4513 230 4568 quam
260 4498 344 4550 simul
372 4513 455 4567 paena
482 4505 510 4551 et
533 4498 679 4552 beatitudo
708 4500 892 4554 conveniunt.
918 4501 988 4555 itur·

143 4603 216 4654 sunt,
241 4586 264 4639 si
288 4603 336 4639 eos
361 4586 483 4640 dicimus
508 4587 557 4639 Dei
589 4587 698 4640 visione
731 4588 839 4653 satiari,
873 4588 988 4642 satietas

140 4675 287 4730 fastidiam
302 4676 407 4729 babere
423 4675 505 4740 solet,
526 4681 554 4728 et
568 4677 673 4728 scimus
692 4675 756 4728 illos
781 4674 829 4729 Dei
846 4674 986 4730 visionem

140 4780 226 4835 quam
241 4763 453 4827 atdesraerant,
480 4763 608 4816 lastidire
631 4779 689 4816 nrm
712 4779 808 4832 posse.
825 4761 896 4826 Quid
917 4778 985 4831 ergo

139 4859 190 4918 est,
207 4852 260 4906 uisi
275 4859 304 4905 ut
329 4852 402 4904 miro
435 4850 518 4903 mado
539 4851 624 4904 simrrl
648 4856 804 4919 utrumque
824 4850 983 4918 credamus,

139 4943 206 5013 quia
218 4948 246 4995 et
262 4941 425 4994 desiderant
442 4949 470 4992 et
484 4938 646 4992 satiantur?
661 4939 715 4992 Sed
736 4937 901 4991 desiderent
922 4939 984 4993 sine

138 5032 247 5094 labare,
263 5035 292 5081 et
306 5028 446 5080 satiantur
461 5027 522 5080 sina
539 5026 660 5079 t'astidio.
691 5027 729 5079 Ne
744 5026 821 5078 enim
836 5026 872 5078 ait
888 5026 916 5079 in
933 5026 982 5080 dc-

138 5118 244 5172 sidevio
283 5123 445 5181 necessitas,
483 5116 676 5169 desiderantes
700 5114 849 5169 satiantur.
876 5117 907 5169 lit
930 5116 982 5170 ita-

137 5221 200 5258 rum
216 5222 222 5260 :
240 5206 279 5259 Ne
303 5206 339 5258 sit
363 5206 491 5258 satietate
516 5204 673 5268 fastidium,
694 5203 790 5257 satiari
809 5203 980 5259 desiderant.

138 5293 240 5347 Viderit
251 5294 328 5347 enim
347 5294 443 5364 angeli
456 5294 559 5346 t'aciem
571 5293 662 5346 Patris
679 5308 728 5362 per
742 5290 916 5360 satietatem,
932 5293 981 5348 sed

136 5382 335 5452 quiasatietas
362 5382 415 5435 ista
443 5381 590 5435 festidium
624 5381 721 5448 virescit,
751 5380 846 5452 angeli
872 5380 981 5436 desida-

137 5470 247 5523 rantin
275 5486 308 5523 eo
330 5470 493 5540 prospicere
520 5486 643 5540 semper.
672 5470 839 5539 Ubicunque
861 5469 889 5522 iu
906 5470 980 5523 Scri·

1046 3005 1232 3064 mrrnstretur,
1257 2998 1388 3068 quamvis
1410 2997 1487 3052 aliud
1512 3003 1555 3052 est
1577 2998 1725 3065 assistere,
1750 2999 1830 3053 aliud
1844 2998 1891 3052 mi·

1045 3087 1178 3142 nistrare.
1192 3087 1335 3142 assistunt
1347 3087 1425 3141 enim
1441 3087 1498 3142 illae
1513 3087 1612 3158 procul
1627 3086 1717 3140 dubio
1730 3093 1890 3158 potestates,

1046 3192 1109 3247 quae
1126 3176 1303 3247 adquaedmu
1328 3175 1492 3230 homiuibus
1516 3174 1681 3229 nuncianda
1705 3178 1890 3231 uanescunt.

1046 3264 1205 3321 Ministraut
1219 3280 1285 3317 vero
1302 3263 1331 3317 tri
1346 3264 1396 3334 qui
1408 3264 1441 3320 ad
1459 3264 1599 3333 explenda
1609 3264 1706 3318 ostiola
1723 3263 1891 3319 nunciorum

1046 3354 1172 3419 veniunt,
1186 3353 1232 3407 sed
1249 3357 1345 3406 tamen
1360 3352 1415 3422 ipsi
1432 3368 1547 3423 qaoque
1562 3368 1580 3406 a
1595 3347 1842 3422 contemplatione
1857 3351 1890 3406 ab

1045 3441 1155 3496 intimis
1169 3457 1229 3495 nou
1248 3441 1394 3496 recedant.
1425 3441 1459 3495 lit
1485 3440 1554 3511 quia
1572 3440 1670 3511 ptores
1692 3446 1762 3494 sunt
1777 3442 1826 3511 qai
1843 3440 1891 3495 mi-

1044 3529 1167 3584 nistrant
1199 3544 1286 3599 quam
1320 3528 1350 3582 hi
1383 3527 1433 3598 qni
1458 3528 1658 3598 principaliter
1675 3528 1827 3594 assistunt,
1848 3545 1889 3582 as·

1044 3616 1204 3672 sistentium
1221 3631 1359 3670 uumerus
1385 3615 1468 3685 quasi
1485 3614 1630 3682 delinitas,
1661 3615 1886 3671 ministrantium

1044 3721 1110 3759 vero
1131 3704 1261 3759 infinitus
1292 3702 1460 3758 ostenditur.
1493 3703 1643 3774 Augeticos
1679 3719 1747 3758 vera
1777 3704 1890 3775 spiritus

1044 3799 1120 3848 recta
1136 3793 1184 3848 Dei
1205 3792 1311 3846 milites
1337 3791 1459 3846 dicimus
1475 3807 1482 3845 :
1497 3791 1565 3861 quia
1588 3790 1736 3846 decertare
1761 3808 1809 3846 eos
1823 3808 1890 3846 can·

1043 3886 1089 3936 tra
1113 3885 1267 3952 potestates
1291 3879 1382 3934 aerias
1406 3895 1464 3933 non
1492 3878 1669 3950 ignoramus.
1698 3879 1769 3944 Quae
1796 3885 1890 3934 umen

1044 3969 1199 4024 certamina
1213 3985 1269 4022 non
1293 3969 1401 4034 labore,
1418 3967 1467 4023 sed
1491 3967 1613 4038 imperio
1640 3973 1785 4039 peragunt
1799 3985 1807 4022 ι
1822 3969 1889 4040 quia

1046 4057 1183 4130 quidquid
1200 4057 1310 4127 agendo
1336 4062 1435 4110 corrtra
1469 4055 1635 4110 immundas
1664 4057 1785 4126 spiritus
1807 4073 1889 4128 appe

1044 4152 1118 4214 tunt,
1133 4162 1165 4200 ex
1181 4144 1323 4216 adjutoria
1339 4149 1441 4199 cuncta
1457 4144 1580 4215 regentis
1594 4151 1729 4216 possunt.

1044 4254 1107 4308 Cae.
1126 4251 1193 4307 Llll.
1209 4282 1242 4290 —
1254 4250 1332 4316 Quod
1343 4253 1429 4304 ornatis
1448 4251 1528 4319 culpo
1543 4257 1605 4304 ante
1619 4250 1890 4307 decessumottotto-

1307 4325 1350 4376 nis
1369 4337 1476 4376 murtea
1489 4323 1619 4376 solantur.

1077 4411 1132 4483 (En
1144 4413 1246 4479 dialog.
1265 4411 1360 4478 Grep.)
1375 4410 1429 4465 Sed
1445 4426 1538 4481 neque
1553 4411 1608 4464 lrac
1622 4409 1770 4465 silendum
1799 4411 1889 4466 eristi-

1043 4516 1100 4566 mo,
1117 4501 1194 4571 quad
1209 4508 1304 4553 actum
1316 4501 1345 4553 iu
1360 4515 1423 4552 ineo
1439 4499 1611 4552 monasterio
1633 4506 1701 4551 anta
1718 4500 1776 4553 boc
1798 4499 1886 4552 trica·

1041 4588 1121 4643 nium
1138 4588 1313 4642 reminiscor.
1333 4587 1454 4652 Quidam
1470 4603 1596 4656 namque
1614 4589 1786 4653 rrvouactrus,
1797 4594 1887 4641 tostus

1041 4677 1168 4742 nomine,
1183 4677 1331 4730 medicinae
1348 4684 1408 4729 arte
1418 4675 1545 4728 imbutus
1559 4674 1688 4744 tuit„qui
1706 4675 1781 4729 milii
1797 4676 1825 4728 in
1839 4690 1884 4728 eo·

1040 4765 1106 4818 dem
1126 4771 1298 4817 manasterio
1313 4769 1477 4831 constituto,
1502 4762 1600 4816 sedato
1625 4763 1780 4834 obsequio,
1806 4770 1885 4833 atque

1040 4852 1202 4908 inassiduis
1228 4852 1446 4923 aegritudinibus
1471 4851 1542 4905 meis
1565 4851 1704 4905 excubare
1731 4851 1883 4906 consuevit

1040 4942 1348 5013 Hicitaquelauguare
1372 4941 1499 5011 eorporis
1529 4948 1704 5010 praeventus,
1735 4944 1771 4995 ad
1796 4947 1882 4995 extre·

1040 5046 1086 5083 rna
1114 5030 1251 5084 deductus
1276 5035 1328 5084 est.
1353 5029 1404 5084 Cui
1429 5029 1457 5082 iu
1473 5028 1535 5099 ipsa
1567 5030 1699 5082 utalcstia
1722 5046 1776 5083 sua
1804 5029 1882 5083 irater

1038 5133 1202 5188 germanus,
1232 5118 1350 5171 nomiae
1379 5117 1526 5187 copiosus,
1563 5116 1719 5170 serviebat.
1752 5118 1806 5181 Oai
1826 5116 1879 5185 ipse

1038 5222 1152 5277 quoque
1169 5222 1244 5260 rruuc
1257 5207 1287 5260 in
1302 5207 1355 5260 baa
1369 5209 1440 5259 urbe
1456 5220 1507 5276 per
1522 5207 1653 5258 eamdem
1672 5206 1825 5259 mediarum
1838 5218 1877 5257 ar·

1036 5298 1105 5362 tem,
1128 5294 1296 5364 temporalis
1327 5299 1393 5348 vrtoe
1414 5292 1556 5364 stipendia
1580 5300 1718 5347 sectatur.
1739 5294 1795 5348 Sed
1813 5307 1874 5364 pree

1035 5383 1127 5437 dietus
1155 5384 1261 5449 iustas,
1286 5399 1350 5437 curn
1371 5382 1430 5452 jam
1459 5398 1489 5438 se
1519 5383 1553 5435 ad
1571 5390 1700 5436 exacuta
1723 5382 1874 5453 pervenisse

1035 5470 1221 5542 cognovisset,
1235 5470 1327 5525 eidem
1352 5469 1434 5524 tratri
1463 5485 1514 5524 suo
1542 5468 1672 5540 Copiaao,
1702 5471 1775 5542 quia
1794 5467 1873 5524 aeaut·

1921 5552 1928 5681 l
