3878 6112
72 237 140 292 lasa
537 237 771 294 IIECIIIII'ORUII
793 238 885 294 LIBRI
903 238 957 295 xx.
973 268 1009 279 -·
1030 239 1135 296 LIBER
1154 240 1350 297 trossulus.
1747 242 1816 296 lost

67 360 166 428 miser,
182 358 304 415 recede:
328 375 387 415 non
414 360 491 415 enim
521 359 584 428 tibi,
614 360 663 415 sed
682 362 826 433 mancipio
847 378 910 417 rano
929 369 951 421 a
969 378 1098 419 reversas
1113 369 1156 417 est
1174 364 1209 419 ad
1226 362 1434 435 paenitentiam,
1452 362 1521 418 dum
1536 361 1815 419 seinierioremessa

66 447 181 503 locutas
196 464 270 504 sam.
287 449 327 504 ad
349 449 430 520 cujus
455 464 553 504 vocem
573 449 706 520 protInus
733 451 859 514 recessit,
875 450 915 505 ita
968 451 1119 523 cognoscit.
1137 451 1269 506 Diabolus
1281 467 1348 506 vero
1363 468 1421 506 non
1432 451 1565 506 salumin
1581 452 1636 506 hoc
1652 455 1814 519 contentas,

66 538 236 592 atinreatse
250 537 306 592 sint
329 538 505 608 magnajam
519 552 552 592 er
577 542 657 609 parte
681 538 827 593 dissolutae
852 556 914 593 cor·
968 540 1046 611 quod
1066 557 1095 594 se
1119 541 1174 594 Deo
1199 541 1339 612 oequalem
1368 539 1535 594 existimans
1559 539 1672 609 cecidit,
1697 540 1815 611 insuper

66 625 160 695 rigia,
175 641 209 680 ex
224 630 304 696 parte
319 626 520 680 remanserint.
538 624 598 690 Qua
614 625 644 679 ia
665 626 807 696 recolligi
822 631 916 697 potest
968 627 1055 682 etiam
1071 627 1248 699 superiorem
1278 629 1335 682 Dea
1359 628 1482 694 sedIcil,
1503 628 1660 682 secundam
1691 627 1815 696 apostoli

66 714 204 785 antiquus
225 713 324 780 hostis,
355 714 404 785 qui
427 715 486 784 jam
513 719 619 785 praesto
646 719 689 769 ast
715 715 916 786 corporalibus
968 715 1053 783 dicta,
1074 717 1124 789 qui
1148 717 1189 771 eit
1214 717 1250 772 da
1278 716 1475 772 Antichristo:
1505 716 1558 781 Oai
1586 717 1763 783 adversatur,
1786 720 1816 771 et

64 801 159 870 Iactis,
183 818 269 874 quam
295 802 392 857 nlmiis
414 801 538 871 insidiis,
558 802 661 856 nostris
690 802 915 873 cogitationibus
968 805 1112 861 extollitur
1129 821 1216 876 supra
1235 805 1411 877 omnaqnod
1436 805 1541 859 dicitur
1572 804 1815 878 lleas,antquod

64 890 182 945 insistit.
967 893 1080 948 colitur.
1099 893 1234 948 Diabolus
1247 893 1312 948 ideo
1323 892 1386 964 jam
1409 908 1465 947 non
1482 896 1560 962 petet
1584 893 1722 948 reniam:
1746 893 1816 965 quia

967 998 1026 1037 aon
1042 982 1249 1054 compungitur
1258 982 1293 1037 ad
1310 980 1519 1054 poenitentiam.
1533 980 1657 1035 blembra
1670 997 1739 1035 varo
1752 981 1815 1054 ejas

966 1085 1041 1141 saepe
1056 1086 1107 1142 per
1132 1069 1296 1142 hypocrisin
1323 1070 1524 1140 deprecantur,
1540 1068 1617 1140 quod
1641 1074 1741 1124 tamen
1762 1086 1814 1142 pro

968 1159 1043 1214 mala
1071 1158 1244 1213 conscientia
1280 1156 1399 1229 adipisci
1434 1173 1493 1212 aon
1533 1161 1691 1211 merentur.
1723 1157 1815 1214 Discat

64 1041 133 1096 Car.
152 1042 217 1096 ttv.
234 1070 268 1083 -
284 1044 320 1096 lle
338 1045 474 1105 nectara,
494 1046 520 1096 et
533 1046 645 1107 nutura,
657 1046 684 1097 et
697 1044 847 1098 oriculario
865 1059 914 1098 aa·

232 1114 361 1181 getarum,
379 1119 404 1167 et
419 1114 452 1167 de
466 1129 531 1167 cusa
546 1118 745 1183 apostatarum.

65 1241 107 1313 (S.
124 1242 222 1298 isidor.
247 1244 276 1297 in
302 1242 371 1297 libro
394 1244 547 1312 officioram
573 1244 613 1298 sic
645 1243 788 1313 loquitur.)
818 1244 913 1314 Ange·
967 1246 1094 1300 humana
1118 1245 1245 1312 miseria,
1270 1245 1347 1318 qaod
1363 1262 1396 1300 aa
1423 1260 1509 1299 causa
1533 1245 1617 1299 citius
1643 1250 1815 1316 provocetur

65 1328 160 1384 lorum
177 1345 282 1383 nomen
302 1329 389 1384 oflicii
406 1335 457 1398 est,
483 1346 539 1384 aaa
564 1335 684 1385 naturae.
712 1331 784 1385 llam
812 1348 913 1386 secun·
968 1334 1043 1387 Deus
1076 1338 1213 1405 prestare
1241 1334 1365 1401 ramam,
1392 1333 1461 1388 dum
1496 1332 1613 1388 iufirmo
1641 1333 1814 1405 compatitur

64 1417 136 1473 darm
152 1424 294 1480 naturam,
315 1419 433 1489 spiritns
455 1424 668 1490 nuncupantur.
692 1419 813 1485 Quando
835 1421 913 1475 enim
967 1421 1078 1476 homiui
1095 1439 1102 1476 :
1121 1423 1188 1494 quia
1211 1423 1273 1492 ipsa
1301 1423 1387 1476 homo
1410 1421 1498 1476 traxit
1516 1437 1549 1476 ex
1571 1425 1653 1492 parta
1683 1421 1813 1477 interiori

65 1505 102 1560 de
121 1507 496 1562 cmlisadannunciandam
510 1507 914 1562 hominibusmittuntarzex
966 1509 1162 1564 infirmitatem
1194 1510 1338 1580 peccandi,
1354 1511 1407 1564 hoc
1430 1515 1481 1571 est,
1507 1526 1542 1564 ex
1571 1525 1666 1570 carne.
1694 1509 1814 1581 quain-

64 1593 127 1666 ipsa
141 1595 362 1650 annunciatione
385 1596 480 1666 angeli
506 1596 682 1650 nominatur.
705 1596 811 1651 Natura
835 1596 912 1650 enlm
967 1598 1042 1651 clusa
1057 1599 1152 1652 amma
1172 1599 1324 1652 detinetur.
1342 1603 1483 1667 apostatae
1499 1598 1592 1668 angeli
1610 1598 1675 1651 ideo
1700 1598 1813 1652 veniam

64 1683 183 1752 spiritus
207 1688 283 1738 sunt.
301 1683 602 1755 Tuucaatemangeli
627 1689 775 1750 vocantur,
796 1684 910 1754 qnando
967 1703 1024 1740 non
1042 1687 1170 1742 hubent:
1199 1687 1267 1759 quia
1289 1687 1411 1741 carnalis
1434 1685 1597 1757 fragilitatis
1625 1685 1703 1740 nulla
1731 1685 1812 1741 infir·

64 1771 229 1826 mittuntur.
247 1773 536 1840 Naturaangelornar
554 1771 767 1840 motabilisest,
784 1771 912 1825 sedtacit
966 1773 1065 1828 mitate
1081 1775 1190 1846 grauati
1217 1779 1284 1828 sunt
1312 1779 1343 1827 ut
1363 1778 1524 1845 peccarent.
1556 1773 1689 1828 Homines
1716 1777 1813 1828 autem

65 1876 114 1915 eos
129 1863 310 1932 incorruptos
331 1861 453 1914 charitas
477 1859 660 1930 sempiterna.
678 1860 773 1914 Gratia
788 1860 911 1915 dicimus
965 1864 1029 1932 post
1064 1867 1212 1934 peccatum
1251 1862 1359 1916 idcirco
1390 1866 1574 1916 revertantur
1611 1862 1647 1916 ad
1687 1862 1812 1930 veniam,

63 1954 241 2002 nonnatura
268 1963 328 2001 csse
359 1947 608 2001 incommutabiles
636 1947 764 2016 angelos.
795 1948 867 2001 Nam
887 1946 912 2000 si
965 1949 1182 2021 propterquod
1209 1965 1242 2003 ex
1269 1950 1347 2004 lutea
1374 1950 1495 2004 materia
1521 1949 1635 2020 pondus
1664 1954 1814 2005 traxerant

64 2040 168 2089 natura
182 2034 433 2090 incommutabiles
452 2040 558 2102 essent,
581 2034 713 2090 diabolas
737 2035 836 2106 utique
853 2050 912 2090 noa
964 2037 1150 2106 infirmitatis,
1167 2038 1352 2108 ideoquepro
1376 2037 1492 2091 infirma
1515 2037 1609 2091 carnis
1637 2037 1812 2106 condItIone‚

60 2123 221 2178 cecidisset.
238 2123 454 2177 Idatabilitatem
475 2123 571 2195 itaque
592 2128 702 2177 risiare
726 2123 864 2194 suffragat
881 2123 911 2177 ia
966 2127 1072 2182 reditus
1096 2131 1174 2197 patet
1196 2126 1306 2181 homiui
1328 2125 1510 2180 adsalutem.
1528 2124 1606 2179 Sicut
1624 2128 1652 2178 et
1683 2125 1814 2180 Psalmus

59 2210 123 2267 illis
142 2212 347 2281 contemplatio
376 2212 528 2267 creatoris.
555 2211 625 2266 Inde
656 2215 682 2265 at
711 2211 840 2281 privatus
869 2215 913 2266 est
965 2215 1512 2287 dicit:IpsescittIgmentnmnostrum.
1526 2212 1677 2280 Memento,
1692 2213 1813 2270 Domine

60 2304 192 2369 apostata
223 2300 352 2370 angelus,
381 2299 449 2354 dum
476 2298 673 2354 fortitudinem
701 2315 782 2354 suam
812 2316 869 2354 non
895 2315 912 2353 a
964 2300 1811 2374 quodterrasumns;etiteram:Memorare,inqait,quae

62 2386 135 2452 Deo,
152 2386 199 2441 sed
223 2402 282 2441 ase
301 2387 390 2441 voluit
409 2387 562 2441 castodIre.
590 2389 662 2441 tnta
692 2402 808 2441 omnem
835 2403 912 2442 crea·
964 2393 1000 2446 sit
1012 2407 1075 2447 meu
1095 2392 1262 2447 substantia.
1274 2393 1576 2462 Postquamapostatae
1588 2389 1683 2461 angeli
1698 2389 1811 2446 cecide·

61 2478 158 2529 turam
175 2474 269 2544 angeli
288 2474 354 2528 iacti
370 2481 446 2543 stant,
467 2475 534 2528 darn
550 2475 657 2529 dictum
678 2481 744 2530 est:
767 2476 828 2530 Fiat
850 2476 909 2530 lirx.
964 2486 1043 2545 runt,
1059 2480 1163 2552 reliqui
1177 2479 1418 2551 perseverantiam
1433 2483 1549 2533 aeternae
1563 2477 1749 2533 beatitudiuis
1766 2495 1811 2535 so-

63 2563 105 2617 Ile
121 2562 189 2634 ipsis
204 2563 281 2617 enim
297 2564 367 2618 dicit
381 2563 528 2633 Scriptura
543 2579 550 2618 :
568 2563 648 2618 Prior
659 2565 791 2618 amulam
816 2571 911 2620 creata
964 2567 1045 2623 Iidati
1059 2573 1136 2621 sunt.
1154 2567 1233 2623 Unde
1253 2571 1281 2621 et
1311 2572 1376 2638 post
1389 2566 1453 2621 coeli
1478 2566 1653 2621 creationem
1678 2566 1709 2620 in
1728 2565 1811 2636 pria·

62 2656 107 2705 est
121 2650 269 2722 sapientia.
288 2651 344 2704 Lux
360 2651 436 2704 enlm
452 2651 597 2720 dicantur,
617 2653 816 2723 participando
840 2654 910 2708 lacis
964 2656 1038 2728 cipio
1055 2656 1214 2727 repetitur:
1237 2655 1298 2710 Fiat
1317 2656 1544 2720 firmamentum,
1566 2659 1594 2708 et
1614 2659 1747 2709 uocatum
1769 2658 1812 2710 est

61 2744 197 2794 aeternae:
215 2739 362 2808 sapientia
376 2755 443 2794 vero
466 2739 610 2803 dicuntur,
628 2740 727 2812 ignitae
741 2741 910 2797 inhaerendo
963 2747 1178 2802 firmamentum
1209 2744 1328 2810 coelum:
1363 2742 1500 2798 nimirum
1538 2741 1700 2806 osteadens,
1734 2741 1811 2813 qaod

61 2827 221 2899 sapienda.
238 2827 273 2880 Et
286 2843 350 2881 cam
367 2827 424 2881 sint
439 2829 591 2883 mutabiles
606 2834 718 2896 natura,
735 2846 794 2884 non
813 2836 910 2885 tamen
963 2834 1207 2906 postengaloram
1226 2831 1391 2899 ruinam,hi
1416 2831 1465 2902 qai
1480 2834 1710 2901 permanserant,
1722 2829 1812 2885 firmi·

60 2917 131 2972 sinit
145 2933 194 2972 eos
209 2917 414 2987 contemplatio
441 2919 546 2972 matari
566 2918 672 2973 divina.
695 2921 768 2974 Ante
792 2935 908 2974 omnem
926 2924 946 2980 C
964 2927 1052 2977 tatem
1068 2925 1235 2975 mernerunt
1259 2925 1375 2974 aeterna
1389 2918 1610 2990 perseverantias
1634 2923 1664 2973 et
1688 2917 1810 2972 beatita-

60 3007 238 3063 creationem
253 3005 365 3074 meandi,
381 3007 467 3061 creati
479 3011 546 3061 sunt
560 3007 704 3077 augeli,et
715 3011 781 3063 ante
794 3025 909 3064 omnem
965 3009 1051 3075 dinis,
1068 3013 1254 3080 quamantea
1273 3008 1368 3062 minas
1396 3012 1588 3078 acceperant:
1614 3011 1678 3077 post
1703 3006 1811 3062 diaboli

59 3095 236 3151 creationem
253 3095 433 3165 angelorum,
453 3094 584 3149 diabolas
602 3096 734 3150 conditas
760 3102 813 3159 est,
837 3097 911 3151 sicat
964 3097 1164 3169 deiectionem,
1179 3097 1349 3167 angelorum
1362 3101 1526 3156 sanctornm
1546 3095 1680 3149 collatam
1704 3095 1810 3149 sancti-

60 3183 201 3254 scriptum
228 3187 270 3237 est
297 3199 304 3236 :
346 3183 409 3252 Ipse
432 3187 475 3238 est
501 3183 678 3254 principiam
705 3184 816 3239 viarum
846 3185 907 3240 Ilei.
964 3186 1030 3240 tatis
1053 3185 1306 3255 perseverantiam,
1333 3183 1583 3238 albeatItudinern
1613 3197 1700 3254 quam
1715 3183 1812 3236 miuus

62 3272 144 3342 lane
159 3277 187 3325 et
200 3271 235 3326 ad
246 3270 490 3341 comparationem
514 3273 694 3343 angelorum,
720 3273 910 3344 archangelus
965 3279 1147 3344 acceperant:
1175 3272 1253 3327 unde
1274 3276 1389 3342 oportet
1417 3269 1551 3342 cognosci
1565 3270 1642 3342 qnod
1667 3270 1811 3325 maloram

59 3359 223 3432 appellatas
238 3365 289 3414 est.
312 3359 395 3414 Prius
422 3359 501 3414 enim
530 3365 642 3414 creatus
669 3360 776 3415 exstitit
799 3363 909 3416 ordinis
965 3363 1110 3433 iniquitas,
1135 3366 1299 3415 sanctorum
1320 3359 1424 3415 serviat
1442 3358 1622 3414 humilitati:
1649 3358 1717 3429 quia
1737 3359 1811 3414 ande

61 3447 240 3520 praelatioaa,
256 3464 313 3501 non
329 3448 468 3518 temporis
483 3448 650 3519 quantitate.
676 3449 833 3503 Primatum
859 3450 909 3503 ba·
966 3450 1033 3504 mali
1044 3453 1192 3516 corruunt,
1206 3447 1273 3502 Inde
1283 3447 1352 3501 boni
1362 3447 1525 3518 proliciunt.
1540 3447 1686 3502 Bonorum
1696 3447 1813 3516 angela·

58 3536 159 3592 baisse
174 3537 341 3607 angelornm
362 3536 509 3590 dlabolum
536 3536 651 3605 sciurus,
668 3552 702 3590 ex
726 3553 783 3607 qna
805 3537 910 3591 fiducia
965 3534 1813 3608 rumnumeras,qaipostruinamangelorumnraloramest

60 3625 174 3689 cecidit,
192 3625 232 3679 ita
245 3629 276 3679 ut
289 3625 350 3679 sina
366 3625 547 3697 reparatione
562 3624 715 3690 labaretur,
737 3625 820 3696 cujas
835 3642 908 3696 prae·
965 3620 1606 3692 diminutas,exnameroelectorumamnium
1619 3620 1810 3691 supplebitur,

60 3714 179 3770 lationis
194 3713 390 3768 excellantIam
403 3713 544 3785 propheta
558 3713 602 3767 his
614 3713 707 3768 verbis
730 3713 886 3768 annunciat
900 3731 907 3769 :
965 3712 1228 3785 quinamerns,soli
1238 3712 1295 3764 llao
1304 3707 1812 3779 estcognitas.luterangelosdistan·

61 3802 147 3858 Cedri
175 3818 232 3856 aon
261 3801 378 3856 sacrarat
403 3802 518 3856 altiores
548 3801 598 3856 illo
626 3801 655 3855 ia
681 3801 815 3871 paradiso
848 3802 908 3870 lleI,
964 3795 1812 3872 tiapotestalumest,atprogradaunrdignitate,miaisteria

61 3891 170 3947 abietes
186 3906 243 3945 non
260 3890 483 3962 adaquaverunt
497 3890 691 3944 summitatem
707 3889 795 3944 illias.
818 3890 908 3945 Omne
965 3890 1072 3945 eisdem
1083 3892 1150 3943 sant
1160 3886 1321 3942 distributa.
1335 3884 1462 3956 Alliaque
1478 3883 1528 3937 alii
1542 3883 1737 3954 praeferantur
1750 3887 1810 3938 tam

62 3981 175 4051 lignum
189 3979 313 4050 paradisi
329 3995 388 4033 non
413 3984 456 4033 ast
475 3978 666 4032 assimilatam
683 3979 746 4032 illi:
770 3978 909 4050 quoniam
965 3978 1089 4033 culmina
1113 3974 1272 4046 potcstatis,
1289 3988 1376 4045 quam
1403 3971 1522 4027 scientia
1547 3970 1671 4026 virtutis.
1697 3970 1813 4026 Submi-

61 4066 266 4140 speciosiorem
278 4066 345 4121 iecit
361 4083 427 4121 earn
452 4068 535 4121 [leus.
555 4067 646 4121 Distat
671 4066 798 4121 conditio
813 4067 909 4138 angeli
966 4064 1191 4135 nistrentigitur
1219 4062 1268 4117 alii
1295 4061 1418 4116 aliomm
1447 4059 1609 4131 preceptis,
1637 4064 1725 4131 atqua
1744 4059 1813 4115 obe·

62 4155 260 4213 aconditioae
276 4155 409 4210 bominis.
434 4157 524 4211 Homo
540 4155 617 4209 enim
638 4155 672 4210 ad
697 4155 747 4210 Ilei
771 4154 909 4211 similitu·
926 4199 948 4254 ὓ
967 4155 1051 4211 diunt
1061 4154 1157 4224 jussis.
1174 4151 1253 4207 Unde
1269 4151 1302 4204 ad
1319 4148 1490 4222 prophetam
1505 4147 1670 4203 Zachariam
1690 4141 1814 4219 angelus‘

63 4246 163 4301 dinem
190 4245 324 4299 conditus
351 4251 402 4298 est.
423 4244 617 4314 archangelus
642 4259 709 4298 vero
735 4244 785 4314 qui
815 4245 910 4315 lapsus
967 4243 1103 4315 angelum
1125 4240 1223 4307 mittit,
1257 4244 1285 4294 at
1324 4253 1504 4310 quecunque
1529 4237 1681 4292 anuntiare
1709 4237 1812 4293 debeat

63 4340 115 4399 est,
154 4333 332 4404 signaculum
360 4332 411 4387 Dei
450 4331 645 4387 similitudinis
672 4333 833 4402 appellatus
857 4337 910 4400 est,
966 4331 1104 4404 praecipit.
1119 4330 1225 4384 Novem
1253 4344 1314 4382 essa
1344 4326 1541 4381 distinctiones
1554 4326 1599 4381 vel
1626 4325 1741 4381 ordines
1759 4341 1813 4381 an-

61 4426 188 4477 testante
204 4421 324 4475 Domino
348 4435 401 4491 per
417 4419 564 4475 Ezechiel:
580 4421 621 4475 Tu
637 4419 817 4491 signaculum
830 4420 910 4476 simi·
966 4420 1195 4493 geloramsacrae
1216 4415 1370 4487 Scriptura
1385 4419 1539 4483 testantur,
1560 4413 1591 4469 id
1620 4417 1674 4483 est,
1703 4414 1812 4486 angeli,

62 4509 195 4566 litadInis
211 4509 272 4575 Dei,
293 4508 558 4580 plenussapiaatia,
585 4509 727 4579 perlectus
751 4510 863 4576 decore,
880 4509 911 4563 in
966 4506 1138 4579 archangeli,
1163 4503 1270 4572 throni,
1297 4503 1519 4570 dominationes,
1548 4502 1677 4571 virtutes,
1701 4502 1813 4574 princi-

63 4597 174 4655 deliciis
189 4598 315 4669 paradisi
330 4597 381 4652 Dei
394 4597 481 4653 luisti.
503 4596 615 4661 Quanto
628 4596 706 4652 euim
721 4596 854 4651 subtilior
869 4601 912 4650 est
965 4601 1059 4669 patus,
1088 4599 1251 4667 potestates,
1284 4593 1436 4660 cherabIn,
1466 4597 1495 4647 at
1526 4591 1672 4663 seraphia.
1704 4593 1812 4647 liuram

10 4733 26 4753 ,.
62 4689 244 4760 ejusnatura
260 4692 339 4741 tanto
369 4686 484 4757 plenius
503 4685 612 4740 exstitit
632 4685 667 4739 ad
694 4684 910 4739 similitudinem
966 4686 1098 4741 ordinum
1115 4682 1370 4739 numeramatiam
1387 4679 1513 4736 Ezechiel
1526 4677 1813 4750 prophatadescribit

63 4775 170 4832 divina
186 4775 313 4829 veritatis
327 4789 501 4846 expressam.
528 4773 609 4828 Prius
624 4773 659 4826 de
683 4773 754 4827 coelo
776 4772 910 4827 cecidisse
966 4774 1019 4829 sub
1033 4772 1151 4829 totidem
1173 4769 1337 4826 homiuibus
1358 4768 1500 4838 lapidum,
1530 4781 1595 4821 cam
1622 4765 1658 4822 da
1684 4766 1812 4838 primatu

61 4864 210 4921 diabolum
225 4867 346 4928 canstat,
363 4861 828 4934 quamhomocoadaratur.Nam
845 4877 910 4917 mor
965 4867 1101 4934 apostata
1128 4858 1227 4930 angeli
1250 4859 1443 4930 loqueretur:
1472 4855 1571 4912 Omnis
1595 4854 1702 4926 inquit,
1737 4855 1812 4925 Iapis

62 4958 94 5008 ut
108 4951 261 5018 iaetasest,
276 4951 306 5005 in
323 4951 489 5021 superbiam
505 4949 611 5019 erupit,
627 4953 656 5003 et
667 4949 864 5020 precipitatus
874 4949 911 5004 de
965 4950 1177 5022 operimentum
1190 4951 1283 5012 tuum,
1305 4944 1427 5010 sardius,
1452 4947 1482 4998 et
1506 4942 1646 5013 topazius,
1670 4944 1700 4996 et
1710 4941 1810 5014 jaspis,

61 5041 135 5096 coelo
150 5043 203 5094 est.
221 5040 291 5094 Nam
303 5039 385 5110 juxta
401 5037 752 5103 Veritatistestimoninm,
773 5036 809 5090 ab
825 5035 910 5090 initio
965 5037 1173 5109 chrysolythus,
1199 5039 1228 5089 et
1248 5049 1333 5104 onyx,
1362 5038 1391 5088 st
1415 5032 1545 5098 berillus,
1574 5029 1726 5102 saphyrae,
1747 5043 1810 5084 car·

60 5128 186 5185 mendax
201 5127 266 5194 tuit,
287 5135 315 5183 at
330 5127 360 5182 in
385 5127 503 5182 veritate
536 5142 595 5180 non
615 5124 702 5191 stetit,
719 5123 787 5196 qaia
813 5123 910 5178 statim
964 5126 1116 5193 bancales,
1131 5127 1160 5177 et
1173 5121 1350 5193 smaragdus.
1365 5120 1427 5185 Ono
1451 5134 1573 5174 numero
1599 5118 1739 5190 lapidum,
1756 5115 1813 5188 ipsi

60 5223 95 5273 at
123 5217 213 5271 iactas
252 5221 304 5283 est,
335 5215 446 5270 cecidit.
492 5214 555 5269 Fuit
581 5214 696 5285 quidem
727 5213 758 5267 in
791 5213 910 5268 aarItate
965 5213 1082 5270 ordines
1107 5210 1250 5282 designati
1278 5213 1345 5264 auat
1371 5208 1552 5280 angelorum.
1576 5205 1651 5271 Quos
1684 5209 1813 5278 apostata

60 5306 205 5370 conditus,
229 5305 277 5359 sed
310 5319 370 5358 nan
396 5302 497 5358 stando
529 5302 711 5358 confestima
736 5301 855 5356 veritate
867 5305 910 5355 est
966 5298 1290 5373 angelasaatelapsum
1310 5297 1392 5368 quasi
1411 5295 1628 5350 investimeato
1651 5292 1814 5350 ornamenti

62 5393 243 5467 lapsus.Uao
260 5391 401 5463 superbia
416 5393 508 5462 lapsa,
527 5391 595 5446 darm
617 5391 673 5445 ileo
696 5405 748 5461 per
766 5393 910 5444 tumorem
965 5388 1009 5444 sui
1040 5386 1139 5442 affixos
1176 5386 1279 5441 habuit
1312 5401 1319 5440 :
1349 5385 1386 5441 ad
1415 5399 1539 5456 qaorum
1567 5383 1815 5454 comparationem

61 5499 93 5537 se
107 5479 271 5548 conferant,
290 5484 318 5534 et
329 5480 416 5535 bomo
432 5479 542 5547 cecidit,
560 5483 588 5533 ct
602 5478 740 5540 diabolus.
752 5477 807 5533 Sed
822 5478 910 5533 hamo
966 5478 1035 5532 dum
1047 5491 1077 5531 sa
1100 5474 1251 5530 clariorem
1276 5473 1386 5529 cunctis
1414 5472 1534 5544 asperIt,
1559 5471 1710 5528 confestim
1739 5471 1815 5526 iata·

245 5586 384 5650 Psrnoa.
410 5587 499 5652 CXL.
1539 5686 1542 5693 .
1619 5583 1660 5640 33
